3049 4928
532 419 659 484 150

1220 434 1529 483 Bon'rml
1580 436 1678 483 DE
1727 435 2045 483 consol„

531 580 737 646 animi
789 579 891 645 tui
933 585 1202 659 statum,
1247 579 1450 646 sicuti
1480 583 1553 644 tu
1574 579 1593 606 ¹
1643 578 1768 646 tibi
1814 579 2045 662 fingis»,
2081 586 2340 647 mutata
2385 587 2727 668 pervertit.

533 683 841 767 Intelligo
873 683 1313 748 multiformes
1344 683 1526 748 illius
1560 683 1850 767 prodigii
1889 683 2089 748 fucos
2115 684 2215 766 3⁶⁶
2264 693 2335 750 et
2363 706 2446 751 eo
2478 708 2692 772 usque
2714 699 2736 726 ⁸

540 806 695 851 cum
742 787 830 851 iis
881 804 1050 872 quos
1081 785 1351 851 eludere
1389 787 1624 851 nititur
1664 787 2168 851 blandissimam
2214 788 2737 856 familiaritatem

536 890 905 968 exercere,⁶
948 889 1108 952 dum
1127 896 1153 925 ²
1197 889 1603 954 intolerabili
1654 890 1882 955 dolore
1911 890 2277 957 confundat
2305 912 2475 976 quos
2520 894 2738 978 inspe-

535 1000 722 1057 rata‘
775 992 1146 1076 reliquerit:
1225 990 1419 1075 cujus
1470 991 1533 1055 si
1587 999 1911 1070 naturam,
1957 1013 2205 1071 mores,
2268 1014 2350 1059 ac
2403 994 2747 1061 meritumf

537 1096 993 1174 reminiscare,
1024 1115 1145 1161 nec
1175 1093 1495 1159 habuisse
1523 1102 1590 1158 te
1620 1094 1687 1157 iu
1716 1113 1801 1158 ea
1840 1093 2244 1177 pulchrum!
2301 1096 2584 1180 aliquid,
2614 1119 2740 1166 nec

539 1199 855 1264 amisisse
901 1217 1293 1281 cognosces.

1381 1196 1546 1276 Sed,
1595 1202 1670 1262 ut
1713 1198 2014 1275 arbitror,
2061 1196 2239 1263 haud
2288 1200 2570 1263 multum
2617 1201 2739 1265 tibi

534 1300 688 1367 haec
739 1302 809 1366 in
858 1301 1242 1367 memoriam
1286 1320 1612 1366 revocare
1665 1293 2135 1365 laboraverim.
2226 1301 2512 1366 Solebas
2559 1304 2733 1367 enim

666 1521 688 1547 ⁶
727 1515 902 1565 Varias
913 1514 1051 1577 hujus
1064 1513 1266 1563 musti-i
1278 1511 1587 1577 prestigias,

528 1577 872 1639 familiariter.
1065 1585 1084 1612 ε
1118 1580 1203 1628 Ex
1238 1578 1499 1641 inopinato.

1818 1508 1846 1543 ‘¹
1869 1512 1999 1562 Novi
2008 1512 2263 1573 fortunam
2299 1527 2352 1563 eo
2374 1528 2517 1576 usque
2538 1512 2741 1563 blandiri

1686 1572 1957 1629 fGrande.

1458 1702 1818 1723 OO‘OMNOO

604 1810 633 1855 1
669 1804 767 1855 Ed.
791 1804 1029 1855 Norimb.
1073 1818 1176 1854 non
1213 1802 1370 1853 habet
1391 1803 1701 1867 particulam
1723 1808 1891 1853 tu.·-2
1925 1805 1941 1832 ‘
1961 1804 2176 1869 Nititur,
2209 1811 2258 1857 et
2296 1804 2741 1865 blandissimmfa-

541 1870 878 1919 miliar-itatem
900 1872 1105 1935 exercet]
1137 1870 1285 1918 Bene
1306 1870 1411 1919 Ms.
1447 1876 1504 1918 et
1544 1868 1678 1918 Edd.
1710 1870 1953 1919 Norimb.
1985 1876 2042 1919 et
2064 1871 2202 1920 Flor.
2225 1871 2477 1920 omittunt
2498 1870 2742 1934 conjunc·

539 1936 733 1985 tionem
760 1934 839 1985 et?
874 1935 1053 1985 Sitzm.
1121 1934 1251 1985 Cod.
1291 1934 1417 1998 Reg.
1446 1933 1840 1994 familiaritatem
1880 1939 2086 1999 exercet,
2114 1937 2243 1985 dum.
2311 1935 2448 1986 Edd.
2477 1935 2668 2000 Delph.
2688 1942 2743 1984 et

1535 2062 1585 2112 N
1592 2062 1750 2113 OTAE

540 2180 679 2233 uude
701 2185 848 2229 tanto
868 2192 1007 2229 nunc
1025 2177 1160 2228 illins
1182 2177 1439 2228 desiderio
1463 2184 1608 2228 tene-

542 2265 650 2317 tur,
683 2264 741 2306 ut
763 2255 1027 2318 dissipatis
1056 2254 1311 2304 solidioris
1345 2256 1455 2319 ejus
1494 2269 1605 2305 cor·

541 2334 685 2398 poris
710 2332 961 2394 partibus,
995 2337 1051 2379 ut
1077 2332 1339 2380 metallum
1367 2331 1487 2393 igne
1524 2347 1606 2381 so·-

542 2409 634 2473 let,
665 2406 920 2474 liquefieri
943 2414 999 2457 et
1020 2407 1149 2456 solvi
1178 2406 1434 2468 videatur,
1467 2409 1606 2474 quod

546 2484 816 2534 tabescere
838 2490 939 2533 est.

605 2559 630 2594 ¹¹
653 2561 879 2623 Prodigii
894 2560 1062 2624 fucos]
1084 2560 1408 2624 Prodigium,
1426 2560 1472 2610 si
1493 2576 1606 2612 cre-

523 2634 725 2686 damus
771 2638 1034 2704 Ciceroni,
1087 2636 1141 2687 id
1200 2645 1414 2688 vocatur
1466 2639 1608 2704 quod

542 2712 786 2775 praedicit
836 2711 1064 2763 futurum
1086 2729 1101 2763 ε
1149 2712 1165 2741 ‘
1206 2712 1608 2776 praedictiones'

540 2788 700 2852 enim,
732 2789 905 2854 inquit
928 2804 993 2840 11.
1016 2790 1082 2840 de
1107 2790 1234 2843 Nat.
1255 2791 1323 2841 D.
1357 2795 1372 2819 ‘
1397 2798 1452 2842 et
1474 2805 1611 2855 prae·

539 2867 802 2916 sensiones
822 2881 994 2917 rerum
1009 2866 1448 2933 futurarum,quid
1468 2868 1607 2918 aliud

542 2940 815 2993 declarant
832 2943 931 2992 nisi
949 2943 1241 2993 hominibus
1278 2958 1342 2994 ea
1363 2959 1477 3009 quae
1502 2944 1610 2993 sint

544 3018 771 3082 ostendi,
800 3020 1094 3082 monstrari,
1123 3019 1383 3082 portendi,
1418 3020 1608 3083 praedi·

541 3093 627 3142 ci?
650 3106 717 3141 ex
737 3109 839 3158 quo
862 3094 952 3143 illa
972 3100 1199 3156 ostenta,
1222 3102 1470 3156 monstra,
1494 3109 1610 3158 por.

541 3174 711 3230 tenta,
734 3168 970 3233 prodigia
998 3169 1281 3220 dicuntur!
1348 3170 1479 3221 Cum
1511 3171 1608 3234 igi-

545 3250 633 3294 tur
654 3242 864 3293 fortuna
886 3246 963 3294 ita
985 3246 1053 3295 sit
1077 3246 1375 3296 inconstans
1394 3253 1454 3296 ut
1470 3261 1612 3310 pros·

542 3333 672 3382 pera
717 3318 1007 3385 adversam,
1043 3320 1263 3373 adversa
1305 3337 1608 3388 prosperam

542 3396 710 3444 veluti
754 3395 1047 3459 praedicere
1104 3398 1359 3461 videatur,
1409 3401 1609 3450 idcirco

542 3469 754 3521 fortuna
767 3472 945 3534 potuit
960 3472 1045 3522 hic
1060 3475 1233 3523 vocari
1251 3475 1268 3503 ‘
1285 3476 1613 3540 prodigium.'

545 3547 720 3596 Fucus
764 3561 887 3597 vero
941 3548 1118 3598 herbar
1168 3551 1381 3602 marinae
1431 3568 1612 3618 genus,

543 3636 647 3685 quo
670 3629 845 3671 vestes
869 3624 1168 3688 tinguntur-z
1205 3627 1344 3677 unde
1364 3628 1612 3680 Horatius

546 3698 719 3748 earm.
743 3698 779 3748 l.
803 3712 894 3750 111.
936 3700 1042 3751 od.
1062 3707 1112 3752 5.
1142 3702 1159 3729 ‘
1183 3702 1374 3769 Neque
1399 3705 1613 3755 amissos

548 3772 750 3822 colores
790 3774 932 3825 Lana
969 3774 1135 3826 refert
1160 3777 1422 3829 medicata
1456 3778 1614 3830 fuco.’

541 3848 700 3900 Quod
717 3857 892 3905 autem
910 3852 1151 3902 mulieres
1170 3855 1458 3917 praesertim
1475 3856 1614 3907 illius

544 3924 722 3975 herbae
743 3927 918 3976 colore
944 3927 1022 3977 uti
1045 3930 1246 3979 soleant
1266 3930 1332 3980 ad
1362 3932 1615 3983 mentien-

546 4000 670 4051 dum
703 4002 806 4051 oris
838 4004 1086 4068 colorem,
1119 4006 1241 4055 iude
1271 4006 1385 4057 fieri
1424 4010 1616 4073 potuit,

546 4085 610 4129 ut
644 4079 1004 4146 quodcumque
1043 4083 1370 4133 mendacium
1404 4100 1614 4137 vocare·

546 4163 635 4207 tur
686 4157 701 4184 ‘
744 4154 895 4207 fucus
912 4157 948 4208 :'
1004 4158 1142 4210 sicut
1198 4160 1442 4212 simulata
1497 4165 1612 4226 apis

546 4233 563 4279 4
585 4231 761 4283 fucus’
814 4234 1125 4299 appellatur.
1214 4237 1377 4287 Varia
1437 4247 1611 4290 autem

546 4318 667 4363 sunt
686 4311 957 4367 mendacia
977 4310 1225 4379 fortunae,
1257 4313 1452 4380 quippe
1475 4330 1612 4383 quoe,

1679 2174 1903 2227 h'ominis
1925 2175 2139 2229 fallendi
2173 2193 2346 2242 causa,
2380 2179 2543 2228 instar
2564 2179 2744 2230 Protei

1680 2250 1873 2302 formas
1911 2268 1968 2303 se
2004 2254 2166 2304 vertit
2187 2256 2239 2304 in
2264 2269 2470 2305 omnes:
2505 2255 2745 2319 quocirca

1681 2327 2020 2392 Philosophia
2043 2330 2220 2380 dicere
2244 2333 2432 2381 merito
2461 2338 2639 2395 potest
2659 2333 2742 2381 hic

1681 2406 1698 2432 ‘
1720 2402 2067 2455 multiformes
2087 2404 2310 2457 fortunae
2334 2405 2513 2457 fucos?

1745 2488 1768 2514 θ
1804 2483 1871 2530 Et
1894 2497 1946 2530 eo
1968 2483 2257 2547 usque,3·c.]
2294 2485 2461 2533 Locus
2497 2483 2582 2535 hic
2619 2496 2745 2533 non·

1683 2558 1835 2607 nullis
1861 2559 1932 2608 ita
1948 2560 2162 2609 ‘videtur
2186 2561 2456 2623 obscurus,
2489 2567 2549 2610 ut
2580 2562 2749 2625 gratia

1681 2633 1834 2697 hujus
1876 2634 2199 2700 intelligendi
2234 2637 2531 2699 putaverint
2553 2636 2747 2686 addeu-

1682 2710 1804 2760 dum
1847 2726 1981 2775 esse,
2014 2717 2221 2776 exercet,
2255 2722 2346 2762 aut
2382 2715 2572 2764 saltem
2611 2729 2750 2764 exer·

1682 2803 1802 2841 cere.
1868 2790 1974 2840 Sed
1999 2790 2124 2839 nihil
2147 2790 2441 2840 addendum
2468 2797 2746 2854 putamus:

1683 2864 1757 2913 sic
1781 2865 1915 2914 enim
1938 2864 2088 2914 reddi
2112 2873 2321 2928 potest:
2364 2864 2609 2928 Intelligo
2642 2864 2750 2917 for·

1685 2948 1823 2991 tunae
1864 2940 2033 3004 fucos,
2081 2948 2137 2990 et
2180 2941 2587 2991 familiaritatem
2632 2957 2749 2992 cum

1682 3017 1745 3067 iis
1789 3033 1916 3083 quos
1962 3018 2176 3068 eludere
2220 3019 2427 3080 nititur,
2476 3033 2541 3067 eo
2584 3033 2749 3083 usque

1685 3094 2089 3157 blandissimam,
2125 3095 2268 3158 dum,
2319 3098 2419 3144 διο.
2518 3094 2749 3144 Blandus

1684 3177 1858 3219 autem
1898 3171 1984 3220 ille
2008 3170 2215 3234 dicitur,
2247 3172 2335 3236 qui
2372 3170 2616 3220 suavibus
2657 3169 2749 3219 sed

1683 3245 1957 3298 fallacibus
1988 3249 2153 3299 utitur
2173 3250 2348 3299 verbis
2372 3265 2386 3298 ε
2420 3264 2521 3314 quo
2545 3249 2752 3298 nomine

1686 3327 1883 3376 nullum
1907 3329 2081 3390 aptius
2105 3326 2296 3391 imponi
2321 3327 2490 3390 potuit
2508 3324 2754 3389 fortuna»,

1687 3404 1883 3469 quippe
1929 3419 2046 3468 quae
2085 3403 2130 3452 si
2176 3418 2275 3452 nou
2322 3402 2513 3463 verbis,
2562 3403 2751 3453 saltem

1683 3477 1838 3529 factis
1861 3494 1964 3529 non
1987 3479 2154 3528 minus
2177 3478 2447 3528 fallacibus
2463 3494 2615 3544 quam
2634 3493 2751 3529 sua·

1686 3556 1835 3605 vibus
1859 3557 1937 3606 uti
1960 3555 2257 3606 consuevit:
2294 3563 2354 3605 ut
2386 3558 2401 3584 ‘
2434 3555 2753 3605 intolerabili

1687 3632 1867 3683 dolore
1904 3632 2190 3683 confundat
2222 3648 2350 3698 quos
2379 3632 2649 3695 insperata
2670 3645 2752 3682 re·

1687 3708 1938 3773 liquerit!
1994 3696 2003 3705 ⁸

1754 3782 1777 3815 f
1805 3785 2066 3841 Naturam,
2081 3797 2253 3845 mores,
2276 3783 2592 3848 acmeritum]
2627 3785 2753 3834 Phi·

1689 3862 1925 3926 losophia
1961 3863 2128 3911 adhuc
2166 3862 2494 3926 loquitur'de
2526 3861 2756 3927 fortuna,

1689 3938 2030 3988 Ethnicorum
2052 3952 2217 4000 more,
2256 3939 2414 3988 veluti
2439 3939 2505 3988 de
2528 3939 2751 4004 quodam

1689 4012 1950 4065 Numinet
2002 4014 2158 4076 unde,
2194 4014 2623 4079 quemadmodum
2685 4015 2756 4065 de

1688 4092 1907 4156 quadam
1953 4098 2130 4140 mente
2168 4091 2391 4152 diceret,
2424 4092 2500 4141 sic
2538 4092 2604 4141 de
2647 4089 2755 4142 for·

1694 4172 1820 4217 tuna
1842 4180 1979 4217 nunc
2003 4165 2134 4216 dicit
2168 4167 2184 4199 ‘
2205 4172 2462 4228 naturam,
2483 4181 2671 4231 mores,
2695 4174 2755 4218 et

1692 4241 1973 4292 meritum!
2027 4243 2044 4271 ‘
2072 4241 2310 4292 Natura’
2328 4244 2478 4307 hujus
2499 4242 2616 4293 falsi
2640 4242 2754 4293 Nu-

1692 4317 1843 4368 minis
1887 4325 2032 4369 esset
2070 4333 2155 4369 res
2199 4319 2533 4384 cogitationis
2591 4320 2756 4384 parti·
