3049 4928
637 1032 1228 1111 THEODORI
1296 1033 1880 1112 PULMANNI
1942 1033 2682 1113 CRANEBURGII

814 1328 1003 1418 DE
1084 1331 1598 1424 METRIS
1674 1331 2520 1480 BOETHIANIS

1370 1665 1928 1746 LIBELLUS.

582 2239 921 2329 GENERA
956 2281 1269 2331 metrorum
1300 2271 1515 2351 quibus
1549 2272 1603 2330 in
1634 2272 1794 2330 libris
1825 2272 1901 2332 de
1931 2273 2345 2335 Consolatione
2373 2273 2748 2353 Philosophiae

582 2371 722 2410 usus
748 2362 832 2410 est
868 2353 1149 2412 Boethius
1179 2362 1314 2413 sunt
1346 2374 1445 2412 sex
1475 2365 1539 2412 et
1570 2353 1795 2432 viginti.

662 2520 918 2579 Mettum
948 2520 1223 2598 primum,
1251 2522 1502 2581 Dicolon
1533 2522 1923 2602 distrophon:
1965 2531 2203 2582 constat
2227 2522 2382 2583 enim
2412 2523 2664 2592 heroico,
2699 2530 2750 2578 et

580 2610 984 2697 penta-etro:
1028 2623 1153 2682 quo
1180 2603 1268 2661 bis
1300 2604 1500 2664 utitur.

807 2763 847 2800 1.
879 2754 927 2800 l.
963 2750 1203 2800 Carmina
1224 2750 1306 2814 qui
1331 2750 1590 2815 quondam
1614 2747 1783 2798 studio
1803 2746 2021 2797 florente
2044 2748 2248 2815 peregi,

1030 2815 1260 2877 Flebilis,
1285 2817 1400 2878 heu,
1423 2821 1633 2864 moestos
1655 2828 1812 2877 cogor
1837 2814 1965 2862 inire
1988 2814 2186 2863 modos-

970 2895 1018 2930 ν.
1056 2884 1103 2929 1.
1138 2881 1301 2944 Rupis
1325 2879 1671 2929 Achaemeniae
1698 2879 1945 2941 scopulis,
1969 2879 2055 2927 ubi
2079 2893 2224 2927 versa
2248 2883 2555 2942 sequentum

1226 2945 1536 2994 Pectoribus
1559 2943 1675 3006 figit
1698 2944 1896 3008 spicula
1919 2957 2092 3006 pugna
2115 2941 2292 3006 fingax.

1160 3034 1291 3062 *W
1352 3033 1480 3062 ‘W
1544 3032 1672 3061 ’νυ
1737 3033 1868 3061 ’νυ
1927 3031 2058 3060 ὐυ
2119 3035 2207 3044 '‘-

1224 3097 1353 3127 ’νυ
1417 3102 1452 3113 ··
1468 3102 1502 3112 ““·
1565 3101 1598 3110 ““·
1662 3096 1790 3126 ‘W
1852 3096 1982 3127 'W
2045 3099 2079 3109 ’-

664 3216 741 3273 11.
774 3216 1159 3275 Monocolon.
1210 3218 1430 3277 Versus
1459 3226 1548 3276 est
1578 3214 1910 3294 dactylicus
1939 3214 2278 3273 Alcmanius
2307 3222 2639 3273 tetrameter
2664 3212 2753 3289 hy·

584 3297 1053 3372 percatalectus:
1095 3298 1196 3375 qui
1224 3310 1456 3357 constat
1487 3317 1721 3357 caesura
1750 3294 2155 3372 semiquinaria
2204 3294 2463 3365 heroica,
2503 3293 2748 3372 dactylo,

583 3384 647 3434 et
674 3376 981 3455 spondaeo,
1013 3378 1137 3437 sive
1165 3382 1461 3438 trochaeo:
1487 3398 1608 3457 quo
1639 3377 1819 3464 semel
1853 3378 2049 3435 utitur.

1018 3483 1072 3554 ἰ.
1107 3508 1157 3554 2.
1193 3506 1330 3567 Heu,
1355 3520 1506 3571 quam
1532 3504 1787 3570 praecipiti
1811 3518 1978 3552 mersa
2001 3501 2277 3568 profundo.

1194 3596 1280 3605 ““·“·
1343 3593 1470 3622 ’W
1532 3598 1567 3606 “·
1630 3593 1757 3623 ὐυ
1822 3596 1907 3605 *-

663 3699 778 3757 111.
823 3698 1075 3758 Dicolon
1105 3699 1477 3777 distroplton.
1564 3701 1793 3760 Primus
1839 3701 2095 3778 quisque
2145 3719 2340 3758 versus
2393 3706 2484 3756 est
2526 3694 2750 3774 dactyli-

588 3799 711 3838 cus.
796 3780 1105 3839 Secundus
1135 3780 1474 3839 Alcmauius
1503 3781 1832 3860 dactylicus
1883 3791 2218 3840 tetrameter
2264 3779 2634 3846 acatalectus,
2662 3774 2752 3852 qui

588 3870 846 3936 quatuor
895 3859 1148 3940 dactylis
1204 3863 1616 3938 componitur:
1662 3861 1956 3921 interdum
2005 3871 2217 3930 tamen,
2267 3870 2661 3938 praeterquam
2701 3854 2752 3913 in

587 3950 795 4018 quarta
823 3943 1079 4021 regione,
1109 3942 1456 4020 spondaeurn
1486 3943 1762 4002 admittit.
1828 3941 2024 4000 Utitur
2053 3941 2165 3999 hoc
2194 3940 2386 4000 Metro
2417 3938 2608 4001 semel.

972 4085 1012 4121 1.
1048 4075 1096 4122 3.
1130 4073 1276 4122 Tunc
1298 4088 1380 4121 me
1403 4072 1639 4121 discussa
1660 4072 1923 4135 liquerunt
1944 4078 2097 4121 nocte
2121 4071 2373 4135 tenebrae,

1198 4137 1601 4201 Luminibusque
1626 4137 1769 4200 prior
1792 4136 1947 4185 rediit
1970 4137 2130 4200 vigor.

1132 4228 1218 4239 ..-
1280 4228 1367 4237 -..
1429 4227 1518 4237 ...-
1580 4229 1668 4237 -..
1731 4223 1859 4252 ,νυ
1924 4227 2010 4237 ..-

1196 4288 1325 4321 ὐυ
1386 4290 1514 4321 ’νυ
1578 4289 1705 4319 *W
1769 4289 1896 4321 ‘W
