3049 4928
552 481 851 529 BOE'PHH
904 480 1001 529 1313
1048 479 1357 529 CONSUL.
1406 479 1850 530 PHILOSOPH·
1898 480 2042 528 mn.
2091 483 2138 531 1.

269 623 404 687 sophi
427 623 718 674 civitatibus
755 624 1102 684 dominentur,
1134 624 1218 673 vel
1257 622 1310 673 hi

271 703 348 765 qui
368 717 495 751 nunc
517 717 665 765 reges
688 711 1032 767 potentesque
1051 702 1311 765 dicuntur,

266 779 477 840 legitime
498 778 914 844 sufficienterque
949 780 1310 844 philosophen-

272 864 362 915 tur,
406 855 457 903 in
497 855 738 921 idemque
776 856 943 906 civilis
981 857 1216 921 potentia
1256 864 1312 907 et

270 934 572 998 philosophia
593 943 924 997 concurrant,
956 950 1124 1000 neque
1145 934 1310 1000 (quod

269 1025 390 1060 nuuc
409 1010 489 1073 fit)
523 1028 551 1061 a
576 1012 791 1061 diversis
814 1012 916 1060 duo
940 1011 1050 1060 haec
1081 1018 1310 1060 tracten-

270 1093 345 1135 tur
378 1088 622 1152 ingeniis;
656 1102 760 1137 non
807 1088 909 1137 erit
950 1088 1171 1150 civitati,
1209 1088 1313 1149 vel,

269 1172 320 1213 ut
348 1178 457 1214 mea
477 1163 582 1214 fert
614 1165 805 1228 opinio,
836 1166 1096 1215 hominum
1137 1165 1313 1229 generi

268 1241 454 1305 requies
481 1242 583 1290 ulla
620 1241 905 1292 malorum!
970 1242 1222 1307 Idemque
1245 1256 1311 1290 ex

267 1332 323 1366 eo
344 1316 503 1367 refert
522 1317 770 1368 Alcinous
793 1334 906 1382 cap.
929 1332 1117 1369 xxvii.
1166 1318 1310 1382 Apu-

266 1395 384 1444 leius
404 1397 489 1446 lib.
513 1397 580 1447 de
605 1399 787 1447 morali
820 1398 1049 1462 ejusdem
1089 1398 1310 1462 philoso-

268 1474 392 1536 phia.
424 1483 476 1524 et
498 1476 676 1527 Valer.
704 1477 844 1525 Max.
868 1476 958 1525 lib.
978 1490 1082 1526 vu.
1124 1491 1171 1526 c.
1189 1481 1238 1526 2.
1267 1481 1311 1525 1.

268 1551 571 1615 Capitolinus
608 1554 660 1602 in
684 1554 763 1603 M.
784 1552 1051 1602 Antonino
1089 1554 1216 1617 phil.
1256 1563 1311 1604 et

266 1626 560 1677 Prudentius
583 1634 769 1679 contra
783 1629 1161 1693 Symmachum.
1208 1630 1311 1678 Sed

266 1716 367 1752 eam
386 1707 693 1754 seutentiam
710 1706 884 1755 multis
902 1705 1119 1769 exponit
1133 1706 1311 1755 Muso-

265 1781 366 1828 nius
388 1781 519 1842 apiid
544 1783 808 1831 Stobaeum
833 1796 987 1831 serm.
1008 1795 1159 1831 xnvi.
1196 1783 1313 1831 soli·

265 1855 567 1923 dissimisque
586 1858 873 1908 rationibus
897 1858 1236 1920 demonstrat,
1258 1867 1314 1908 et

268 1934 456 1983 tandem
481 1939 667 1986 statuit
695 1934 789 1985 Τὸν
807 1933 1013 1991 βασιλέα
1033 1934 1116 1984 τὸν
1138 1934 1315 1996 ἀγαθὸν

265 2009 380 2059 εὐθὺς
394 2011 469 2061 καὶ
489 2011 755 2075 φιλόσοφον
768 2013 817 2075 ἐξ
838 2011 1051 2074 ἀνάγκης
1071 2011 1203 2064 εἶναι.
1234 2014 1315 2064 καὶ

265 2085 339 2136 τόν
373 2105 430 2149 γε
460 2088 743 2154 φιλόσοφον,
776 2089 905 2140 εὐθὺς
946 2090 1025 2138 καὶ
1065 2091 1315 2147 βασιλικὸν

266 2161 391 2215 ebat:
414 2171 429 2195 ‘
450 2168 637 2218 bonum
665 2182 862 2231 regem,
883 2169 1059 2217 statim
1077 2176 1132 2217 et
1151 2170 1313 2231 philo-

267 2243 481 2305 sophum,
522 2259 640 2295 esse
688 2245 978 2294 necessario
1000 2262 1013 2294 ε
1050 2252 1104 2293 et
1151 2246 1313 2308 philo-

266 2321 483 2383 sophum,
507 2322 681 2370 animo
703 2322 876 2371 statim
904 2323 1175 2385 praeditum
1200 2337 1314 2372 esse

267 2396 428 2459 regio!
513 2399 668 2450 Quod
724 2406 781 2447 et
834 2397 1023 2448 deinde
1082 2400 1318 2450 declarat

267 2488 454 2538 quoque
498 2474 682 2526 fusius.
749 2475 859 2526 Aut
897 2477 937 2524 si
983 2477 1314 2541 philosophus

268 2564 359 2598 non
400 2560 477 2601 est
512 2554 742 2616 optimus
788 2554 1007 2617 quisque
1050 2555 1315 2619 princepe,

265 2627 329 2674 Οὔ
346 2628 490 2692 πόῤῥω
524 2633 614 2689 τῆς
653 2628 926 2694 ἁλουργίδας
961 2628 1073 2680 τοὺς
1114 2631 1320 2695 πατέρας

265 2703 409 2766 λόγων
430 2707 626 2771 ἐτίθετο,
661 2707 772 2757 ἀλλ’
796 2706 943 2771 ἐγγὺς
964 2707 1091 2769 ἄγων
1111 2710 1198 2758 τοῦ
1217 2708 1317 2774 epd-

267 2799 355 2844 νου,
383 2784 458 2834 καὶ
479 2788 669 2849 δωρεαῖς
700 2782 964 2834 διαθάλπων
995 2787 1210 2848 συχναῖς,
1240 2785 1319 2835 καὶ

265 2864 389 2920 τιμῆς
417 2864 581 2912 οὔκουν
613 2862 873 2924 ἐλαχίστης
896 2861 1182 2925 μεταδιδοὺς,
1206 2861 1318 2913 &Bel-

266 2954 341 2985 κνυ
360 2939 522 2991 ἑαυτὸν
542 2940 622 2991 καὶ
651 2940 939 3004 φιλοσοφίαν
970 2938 1319 3005 οὔρανοβάμονα

266 3014 321 3064 ss
338 3016 458 3080 μέγα
477 3038 526 3068 τι
546 3022 709 3084 χρῆμα
739 3017 946 3080 οῑόμενον
976 3018 1055 3067 καὶ
1088 3016 1321 3068 πλείστου

261 3092 514 3160 τιμώμενον,
557 3097 638 3146 καὶ
683 3095 918 3159 σοφιστὴν
968 3093 1320 3158 ἐγκωμιάζοντα

265 3173 619 3237 καλλιῤῥήμονα,
653 3174 731 3224 καὶ
767 3172 878 3224 τοὺς
912 3176 1199 3236 νομοτριβεῖς
1238 3173 1318 3223 άν-

264 3246 468 3314 δραςπερὶ
485 3249 717 3300 πλείστου
730 3247 861 3312 μάλα
882 3247 1146 3309 τιθέμενονι
1169 3253 1184 3279 ‘
1204 3266 1317 3299 eru·

267 3322 391 3374 ditos
409 3342 507 3377 non
526 3328 708 3391 procul
728 3343 757 3375 a
775 3341 1026 3390 purpura,
1041 3325 1136 3376 sed
1153 3341 1317 3391 prope

266 3402 436 3452 solium
460 3419 605 3453 suum
629 3404 910 3453 collocatos
934 3408 990 3451 et
1025 3403 1317 3452 muneribus

265 3473 610 3542 frequentibus
634 3479 780 3540 fovit,
800 3488 853 3528 et
876 3480 1090 3527 honores
1115 3479 1190 3526 eis
1214 3493 1314 3527 non

267 3553 486 3606 minimos
506 3557 764 3620 habendo,
796 3556 1059 3607 coelestem
1091 3557 1313 3618 philoso-

264 3630 423 3692 phiam
448 3635 836 3699 divinarumque
861 3648 1029 3682 rerum
1053 3633 1312 3692 doctores,

266 3705 473 3759 disertos
489 3718 543 3760 et
557 3711 696 3775 juris
717 3711 1179 3775 peritos‚magnan1
1202 3725 1309 3759 rem

265 3789 316 3831 et
333 3788 508 3837 summi
532 3789 687 3853 pretii
708 3803 764 3837 se
792 3789 1047 3837 aestimare
1083 3788 1312 3839 declara·

265 3860 537 3928 vit‚’inquit
552 3865 823 3916 Nicetasin
839 3865 1148 3915 Andronico.
1162 3867 1312 3918 Idem.

323 3940 613 4004 Beatusfore
637 3943 840 4007 Respub.
858 3944 901 3992 si
922 3959 1002 3993 eas
1021 3945 1094 3992 vel
1112 3945 1315 3994 studiosi

264 4017 496 4079 sapientie
517 4025 755 4083 regerent,
786 4021 862 4069 vel
902 4035 1065 4069 earum
1107 4026 1313 4072 rectores

265 4095 439 4144 audere
458 4097 706 4160 sapientie
741 4096 1040 4160 contigisset]
1075 4096 1312 4146 Platonis

266 4172 510 4222 sententia
532 4173 584 4221 in
609 4172 870 4222 Alcibiad.
897 4187 939 4222 1.
966 4188 1118 4237 quam
1143 4175 1315 4223 verbis

267 4240 473 4297 diversis
515 4249 579 4297 ab
622 4249 738 4299 istis
778 4250 1018 4299 Valerius
1063 4251 1320 4313 expressit

267 4317 352 4369 lib.
373 4336 469 4374 vu.
507 4329 690 4389 cap.2.
757 4326 911 4377 ‘Jam
950 4326 1186 4376 Platonis
1211 4342 1320 4376 ver·

265 4392 339 4443 bis
361 4398 637 4467 adstricta,'
667 4401 883 4473 inquit,‘
900 4403 993 4452 sed
1009 4417 1164 4455 sensu
1187 4418 1320 4469 prae·

2312 467 2444 531 437

1388 626 1567 675 valens
1607 626 1891 678 sententia:
1936 626 2024 689 qui
2079 632 2186 676 tum
2238 627 2443 676 demum

1386 702 1595 751 beatum
1615 711 1863 753 terrarum
1876 703 2050 752 orbem
2068 702 2296 754 futurum
2318 720 2446 766 prae·

1385 780 1603 844 dicavit,
1632 796 1749 830 cum
1782 790 1871 831 aut
1908 782 2166 845 sapientes
2205 798 2442 847 regnare,

1387 865 1479 910 aut
1500 872 1651 921 reges
1674 874 1856 922 sapere
1880 859 2187 923 coepissent!
2243 862 2310 910 Et
2327 876 2445 910 cum

1385 934 1601 984 Valerio
1640 935 1956 988 Prudentius
1993 945 2176 987 contra
2213 937 2446 1002 Symma-

1387 1011 1569 1060 chum:
1617 1012 1912 1062 ‘Nimirum
1968 1013 2182 1077 pulchre
2237 1014 2445 1078 quidam

1386 1086 1749 1139 doctissimus:
1785 1091 1939 1139 Esset
1976 1090 2197 1140 Publica
2238 1105 2339 1154 ree,
2371 1091 2446 1144 in·.

1386 1166 1519 1234 quit,
1574 1174 1693 1216 tunc
1747 1166 2010 1217 fortunata
2064 1169 2209 1232 satis,
2261 1169 2302 1218 si
2347 1169 2447 1217 Vel

1387 1257 1537 1306 reges
1574 1251 1836 1307 saperent,
1869 1245 1951 1295 vel
1988 1252 2269 1308 regnarent
2310 1241 2447 1308 sapi-

1386 1320 1575 1370 entes.'
1643 1320 1716 1371 At
1770 1330 1951 1372 nostro
1988 1323 2177 1373 Boetio
2232 1338 2451 1372 consen-

1389 1396 1522 1445 tiens
1544 1396 1712 1447 Julius
1747 1399 2070 1462 Capitolinus
2105 1400 2156 1448 iu
2185 1400 2260 1448 M.
2287 1399 2448 1449 Anto·

1386 1472 1507 1522 nino
1531 1472 1864 1537 Philosopho,
1883 1475 1900 1502 ⁴
1917 1475 2191 1526 Sententia
2214 1475 2449 1525 Platonis

1386 1562 1591 1613 semper
1615 1550 1666 1599 in
1690 1566 1780 1601 ore
1801 1553 1936 1602 illius
1957 1551 2091 1614 fuit‚’
2114 1554 2298 1619 inquit,
2323 1555 2338 1582 ‘
2360 1551 2448 1602 flo-

1388 1640 1502 1676 rere
1526 1628 1782 1690 civitates,
1813 1629 1854 1677 si
1888 1636 1979 1680 aut
2019 1630 2322 1694 Philosophi
2359 1630 2450 1678 im·

1386 1709 1652 1766 perarent,
1697 1713 1786 1754 aut
1836 1705 2179 1768 imperatores
2231 1706 2450 1771 philoso-

1389 1780 1703 1845 pharentur!
1737 1777 1981 1832 Renum(

1455 1860 1682 1921 Ejusdem
1723 1860 1819 1909 viri
1860 1860 1964 1923 ore]
1999 1859 2224 1924 Dialogo
2264 1873 2344 1910 vt.
2382 1859 2450 1909 de

1390 1937 1521 1999 Rep.
1565 1936 1740 1987 Vallin.

1454 2015 1599 2065 Hanc
1635 2015 1789 2077 igitur
1831 2017 2163 2066 auctoritatem
2205 2014 2450 2079 sequutus]

1388 2092 1542 2143 Quod
1569 2092 1903 2156 Philosophia
1938 2092 2001 2143 ab
2045 2090 2455 2144 administranda

1390 2169 1593 2233 Repub.
1639 2185 1741 2219 non
1783 2171 1851 2219 sit
1890 2170 2076 2226 aliena,
2128 2177 2183 2219 et
2214 2169 2350 2234 quod
2385 2182 2452 2220 ex

1389 2247 1716 2310 Philosophis
1740 2248 1949 2312 quidam
1975 2247 2231 2311 Rempub.
2267 2247 2454 2310 guber·

1388 2325 1581 2384 uariat,
1599 2331 1822 2374 testatur
1841 2325 2070 2374 AElianus
2085 2323 2290 2374 Variar.
2310 2322 2455 2372 Hist.

1387 2399 1480 2449 lib.
1502 2413 1585 2449 ιιι.
1607 2416 1721 2466 cap.
1745 2405 1825 2451 17.
1895 2402 2009 2452 Nec
2049 2401 2305 2451 immerito
2328 2401 2453 2450 Plu·

1390 2479 1601 2530 tarchus
1625 2481 1750 2530 illud
1773 2481 1985 2545 Epicuri
2004 2478 2125 2533 Λάθε
2158 2477 2335 2537 βιώσας
2374 2493 2453 2531 re-

1390 2555 1599 2606 futavit.
1634 2556 1805 2607 Sitzm.

1455 2634 1537 2682 Ad
1576 2632 1933 2697 magistratum]
1968 2633 2264 2683 Monuimus
2301 2646 2457 2695 supra

1392 2709 1724 2759 scribendum
1763 2711 1847 2758 hic
1882 2723 1996 2760 esse
2032 2708 2457 2770 magisteriatum.-

1392 2786 1605 2851 verique
1650 2786 1803 2835 simili
1846 2793 1929 2835 est
1966 2801 2050 2846 ea,
2084 2800 2202 2849 quae
2241 2782 2456 2834 Boetius

1392 2864 1646 2927 praeclare
1668 2877 1699 2912 a
1720 2878 1773 2912 se
1790 2861 1936 2913 facta
1956 2878 2077 2913 mox
2111 2867 2372 2924 recenset,
2403 2860 2455 2910 in

1392 2955 1455 2991 88
1515 2940 1768 3003 dignitate
1839 2939 2181 2990 constitutum
2255 2936 2457 2987 fecisse.

1393 3019 1582 3083 Neque
1624 3019 1761 3068 enim
1801 3025 2044 3082 tanquam
2093 3022 2302 3066 senator
2356 3014 2459 3064 ista

1393 3099 1592 3158 Romae,
1625 3096 1714 3144 sed
1743 3096 2005 3144 Ravennae
2030 3094 2083 3143 in
2112 3092 2226 3143 aula
2264 3089 2455 3154 princi-

1390 3173 1471 3237 pis
1495 3174 1629 3236 egit:
1666 3171 1799 3238 quod
1826 3186 1978 3220 nemo
2001 3180 2083 3220 est
2107 3169 2196 3235 qui
2220 3182 2321 3217 non
2354 3176 2456 3218 sta-

1392 3252 1482 3300 tim
1506 3251 1675 3300 videat
1698 3264 1761 3299 at·
1783 3248 2007 3314 judicet.
2050 3247 2226 3298 Vallia.

1458 3327 1792 3391 Conigastum]
1844 3327 1949 3376 Seu
2008 3325 2344 3386 Gunugu-stum,
2395 3331 2456 3373 ut

1389 3406 1550 3455 habet
1572 3405 1933 3456 Cassiodorus:
1972 3417 2089 3452 cum
2128 3401 2358 3451 Gothum
2397 3399 2456 3449 il·

1388 3483 1492 3531 lum
1515 3482 1848 3532 Athalaricus
1870 3495 1966 3529 rex
1990 3480 2244 3528 illustrem
2279 3477 2458 3540 appel-

1388 3559 1480 3621 let,
1517 3559 1584 3608 ad
1630 3573 1745 3609 eum
1786 3559 1925 3620 apud
1965 3555 2328 3606 Cassiodoruni
2370 3553 2458 3602 lib.

1388 3651 1514 3689 vni.
1558 3637 1721 3699 Epist.
1765 3648 1976 3685 xxviii.
2020 3633 2268 3693 scribens,
2315 3630 2457 3694 apud

1384 3713 1762 3762 Theodericum
1787 3718 2059 3775 potentem
2097 3707 2261 3759 fuisse
2299 3720 2458 3770 appa-

1383 3796 1484 3839 ret.
1516 3789 1668 3840 Idem.
2077 3830 2080 3833 ,

1457 3865 1792 3928 Conigastum]
1861 3864 1983 3913 Fuit
2053 3862 2212 3912 dubio
2269 3858 2459 3924 procul

1388 3957 1518 3990 unus
1542 3949 1868 4001 exactorum,
1902 3939 1966 3993 de
1988 3939 2174 4009 quihus
2197 3936 2316 3986 vide
2339 3936 2458 3987 Cas·

1388 4019 1650 4068 siodorum
1673 4019 1804 4067 libro
1827 4010 2054 4067 secundo
2076 4016 2283 4066 Variar.
2307 4015 2460 4078 Epis·

1389 4097 1482 4147 tol.
1508 4109 1669 4146 xxiv.
1736 4095 1892 4160 Apud
1933 4093 2153 4143 eundem
2195 4092 2324 4141 libro
2371 4104 2458 4149 oc·

1389 4178 1510 4223 tavo
1533 4172 1728 4237 legitur
1747 4171 1981 4236 Epistola
2004 4169 2069 4219 ad
2096 4168 2456 4232 Cunigastum.

1390 4249 1570 4302 Silzm·

1458 4328 1632 4389 Regioe
1650 4326 1960 4391 prepositum
1974 4323 2159 4386 domus]
2192 4319 2330 4372 Vide
2354 4321 2457 4370 Cu·
2521 4374 2534 4387 .

1385 4408 1591 4471 jacium
1634 4406 1701 4455 ad
1744 4406 1916 4468 legem
1960 4400 2242 4455 secundam
2276 4397 2457 4450 Codic.
