3049 4928
1001 400 1520 453 PHILOSOPHIAE
1572 400 1641 449 m
1658 400 1715 449 B.
1766 397 1880 447 111.

603 552 779 633 Quis
806 550 961 616 illos
993 551 1190 634 igitur
1214 552 1407 634 ‘putet
1431 548 1667 611 beatos
1682 552 1712 595 ⁹

683 654 878 735 Quos
907 655 1137 719 miseri
1168 652 1470 717 tribuunt
1496 649 1841 713 honores‘l
1868 643 1892 681 ¹¹

333 823 600 887 dignitates
618 823 743 888 illas,
759 838 876 887 quas
896 824 1106 872 homines
1126 822 1338 882 infelices
1357 822 1492 883 dant,
1510 815 1688 883 afferre
1697 815 1984 877 felicitatem
2000 810 2025 862 2

1258 946 1618 967 OOOOOOOOOOOO

394 1042 428 1086 9
464 1036 591 1093 Quis
610 1036 716 1087 illos
734 1035 890 1098 igitur
908 1040 1043 1100 putes
1064 1034 1222 1084 beatos
1238 1034 1398 1098 Vulg-

1324 1158 1550 1211 No'rAE
1592 1177 1596 1181 ’

330 1263 502 1330 opus!
542 1265 780 1315 Lueanus
800 1264 838 1312 1.
859 1277 946 1313 ιιι.
968 1262 985 1291 ‘
1000 1262 1210 1312 Praetor
1233 1260 1400 1323 adest,

329 1354 614 1405 vacuaeque
638 1340 752 1389 loco
769 1354 973 1390 cessere
997 1337 1238 1388 curules.’
1289 1338 1400 1387 Has

328 1426 502 1468 autem
549 1417 860 1466 Senatorum
923 1416 1206 1480 dignitates
1252 1415 1399 1464 Nero

327 1495 410 1548 iis.
461 1494 555 1548 aui
593 1492 756 1548 magis
810 1493 1105 1548 placerent,
1167 1489 1400 1548 patribus

1481 1259 1550 1309 ab
1607 1257 1865 1318 Horatio;
1922 1255 1937 1283 ‘
1962 1252 2232 1307 commoda
2291 1249 2477 1303 beata'
2511 1267 2542 1301 a

1481 1337 1723 1398 Catullo;
1769 1337 1786 1364 ‘
1833 1341 1974 1384 terra
2042 1329 2223 1381 beata’
2288 1330 2354 1379 ab
2405 1328 2538 1378 ‘Ovi-

1481 1414 1599 1473 dio;
1645 1420 1700 1462 et
1739 1412 1756 1440 ‘
1782 1424 1909 1475 opes
1949 1406 2154 1459 beatae'
2190 1421 2222 1454 a
2256 1405 2420 1455 Statio
2454 1419 2541 1453 vo-

1483 1496 1687 1541 cantur.
1755 1487 1922 1553 Atqui
1953 1486 2083 1536 tales
2125 1498 2229 1534 non
2272 1488 2392 1531 sunt
2434 1496 2541 1531 ma-

1482 1568 1749 1632 gistratus,
1771 1579 1897 1629 quos
1934 1558 2269 1623 Philosophia
2291 1574 2427 1608 nuuc
2453 1573 2545 1622 ap·

1486 1643 1655 1709 pellat
1686 1645 1701 1671 ‘
1727 1642 1989 1699 honores3’
2023 1636 2311 1701 praesertim
2348 1636 2363 1662 ‘
2387 1634 2427 1683 si
2448 1633 2540 1683 hos

1481 1718 1658 1769 miseri
1680 1717 1910 1766 tribuant
1930 1713 1964 1764 :’
1999 1727 2152 1763 causa
2170 1712 2304 1764 enim
2320 1726 2419 1760 non
2436 1710 2546 1772 dat,

1482 1796 1581 1845 nisi
1617 1794 1753 1859 quod
1793 1793 1905 1857 ipsa
1944 1791 2113 1855 aliqua
2152 1789 2352 1837 ratione
2390 1787 2443 1836 in
2484 1801 2541 1836 se

1479 1874 1777 1923 contineat:
1830 1868 2028 1919 fallitur
2061 1882 2186 1929 ergo
2210 1865 2440 1931 quisquis
2464 1871 2541 1922 te-

1475 1951 1700 2000 meraria
1716 1946 2049 2006 assumtione,
2063 1958 2216 2008 quam
2235 1932 2543 1992 naturaliter

1479 2026 1577 2076 sibi
1619 2024 1865 2090 proponit
1904 2029 2148 2085 amatque
2196 2020 2375 2069 summi
2421 2018 2540 2087 boni
2584 2080 2589 2085 1

1476 2100 2011 2169 proprietatem,hanc
2028 2095 2415 2159 magistratibus
2432 2094 2544 2152 sive

1478 2180 1825 2243 dignitatibus
1886 2174 2147 2226 attribuit.
2236 2171 2539 2233 Videamus,

1479 2262 1652 2306 utrum
1669 2252 2139 2317 meliusjudicetur
2162 2248 2227 2298 de
2249 2262 2429 2311 regno.

1196 2717 1515 2784 PROSA
1584 2716 1677 2782 V.

412 2876 540 2940 ΑΝ
600 2853 758 2955 vero
801 2893 1001 2957 regna
1047 2869 1443 2955 Regumque
1490 2860 1953 2933 familiaritas*
1999 2861 2259 2927 efficere
2306 2863 2540 2944 poten-

327 2987 462 3046 tem
497 2978 773 3044 valent?
798 2975 822 3012 ¹¹

913 2972 1216 3056 Quidnif
1258 2972 1528 3056 quaudo
1587 2989 1819 3035 eorum
1870 2966 2163 3031 felicitas
2215 2967 2537 3047 perpetuo

327 3082 659 3168 perdurat
677 3082 708 3144 ‘l
797 3078 1009 3166 Atqui
1056 3080 1258 3163 ‘plena
1288 3081 1390 3140 est
1433 3075 1902 3160 exemplorum
1949 3073 2303 3144 vetustas:
2344 3065 2543 3149 plena

327 3187 536 3250 etiam
588 3204 886 3269 praesens
945 3177 1204 3261 aetas'fl
1247 3181 1368 3265 qui
1427 3180 1656 3264 Reges
1710 3175 2105 3242 felicitatem
2162 3167 2542 3236 calamitate

387 3366 416 3402 ὅ
450 3368 604 3418 Dicet
623 3366 816 3430 aliquis.

963 3372 984 3401 ο
1015 3364 1179 3429 Inquit
1199 3363 1523 3428 Philosophia.

1656 3360 1691 3404 s
1718 3348 1899 3412 Eurum
1918 3357 2176 3411 hominum.

1224 3529 1228 3534 ·
1324 3492 1547 3544 NOTAE

393 3595 506 3647 *An
526 3609 639 3645 vero
657 3608 810 3656 regna
833 3593 1108 3657 aegramque
1131 3590 1400 3653 familiari·

330 3675 429 3738 tas]
459 3674 610 3723 luter
625 3685 802 3720 omues
823 3669 1036 3734 imperii*
1052 3667 1242 3719 formas
1267 3683 1401 3732 prae-

331 3749 655 3800 stantissima
697 3753 752 3796 et
795 3744 1168 3810 potentissima
1197 3759 1260 3794 ea
1285 3749 1401 3806 est,

333 3841 453 3890 quae
476 3823 801 3888 principatus
841 3822 952 3871 sive
979 3834 1197 3884 regnum
1219 3819 1400 3883 appel-

330 3902 502 3951 latur:
557 3897 976 3964 quandoquidem
1009 3903 1201 3946 ceterae
1242 3894 1402 3961 pluri-

333 3993 440 4038 um,
460 3978 577 4027 haec
599 3977 752 4027 unius
791 3975 1048 4026 duntaxat
1068 3981 1181 4026 est:
1234 3980 1292 4025 et
1327 3974 1402 4024 vis

334 4055 556 4104 collecta
599 4052 773 4115 seipsa
811 4051 1047 4116 dispersa
1090 4051 1256 4116 major
1289 4057 1396 4102 est:

336 4145 499 4196 quare
520 4130 565 4180 si
586 4144 703 4194 quae
737 4129 1048 4179 naturaliter
1067 4127 1402 4192 cognoscitur

338 4210 710 4274 appetiturque
769 4207 952 4258 summi
997 4207 1121 4258 boni
1157 4205 1402 4272 potentia

338 4285 579 4352 cuiquam
599 4280 859 4343 homiuum
877 4283 1095 4350 imperio
1115 4282 1304 4335 merito
1325 4288 1402 4333 at·

1483 3589 1643 3642 tribui
1663 3590 1847 3654 possit,
1862 3589 2087 3639 maxime
2105 3599 2268 3650 regno
2285 3587 2444 3646 atque
2466 3578 2546 3643 iis,

1482 3669 1572 3733 qui
1617 3668 1765 3731 regni
1812 3668 2139 3731 aliquatenus
2175 3666 2298 3712 sunt
2333 3656 2546 3723 partici-

1482 3760 1595 3809 pes.
1623 3774 1626 3776 -
1660 3743 1767 3796 Sed
1800 3756 1971 3806 neque
2008 3754 2168 3804 regno
2200 3748 2369 3800 neque
2397 3732 2545 3796 regni

1482 3820 1829 3888 participibus
1848 3819 1902 3868 id
1926 3814 2200 3867 convenit:
2239 3811 2357 3878 quia
2380 3809 2544 3858 nulla-

1484 3908 1637 3950 tenus
1928 3908 1930 3911 ’
2327 3913 2333 3921 ·
2469 3912 2526 3924 -·

1546 3974 1571 4008 ¹⁸
1594 3975 1797 4039 Efficere
1813 3976 2052 4036 potentem
2069 3965 2251 4030 valent]
2307 3965 2383 4015 Eo
2407 3961 2545 4016 scili,-

1482 4057 1569 4102 cet
1591 4050 1765 4114 modo,
1803 4063 1904 4114 quo
1940 4044 2168 4097 naturali
2202 4039 2388 4092 summi
2422 4032 2545 4089 boui

1480 4129 1697 4180 notione
1737 4133 1792 4176 et
1812 4124 2108 4195 ‘judicamus
2145 4128 2202 4172 et
2245 4116 2542 4180 appetimus

1480 4204 1770 4268 potentiam
1795 4219 1808 4252 z
1866 4202 1977 4250 haec
1998 4197 2159 4248 enim
2202 4198 2461 4259 potestas·
2485 4196 2543 4239 et

1479 4287 1757 4348 perpetua,
1776 4286 1833 4329 et
1852 4276 2121 4341 immensa,
2150 4280 2206 4323 et
2227 4282 2412 4321 secura
2426 4280 2543 4318 esse
