3049 4928
523 423 656 494 388

1228 438 1535 490 non'rml
1584 438 1681 488 DE
1728 438 1961 488 GONSO
1972 438 2041 486 [η

869 582 1015 650 Aut
1042 584 1197 669 quis
1228 583 1455 649 valeat
1481 583 1743 650 nescita
1765 584 1956 667 sequi
1974 584 2004 646 ‘t

872 687 1115 767 Quove
1144 687 1463 765 inveniat,
1494 686 1732 770 quisve
1763 692 2103 770 repertam

871 788 1101 869 Queat
1127 790 1399 871 ignarus
1428 807 1706 887 noscere
1736 787 2016 853 formam
2039 789 2069 851 ‘l

869 890 988 958 An.
1008 912 1159 956 cum
1186 897 1476 956 mentem
1492 898 1519 925 ⁰
1558 896 1858 955 cerneret
1883 889 2112 967 altam,

2640 890 2732 954 20

868 993 1133 1059 Pariter
1154 1011 1479 1059 summam
1507 999 1577 1058 et
1603 994 1860 1075 singula
1886 998 2075 1058 norat
2092 993 2122 1055 ‘t

871 1095 1076 1160 Nunc
1106 1096 1545 1162 membrorum
1574 1095 1841 1186 condita
1868 1097 2068 1172 nube,

861 1197 1025 1262 Non
1054 1199 1123 1262 in
1153 1203 1374 1262 totum
1399 1201 1502 1262 est
1533 1198 1748 1262 oblita
1775 1197 1907 1276 sui,

866 1299 1345 1383 Summamque
1375 1304 1556 1364 tenet
1583 1299 1849 1380 singula
1878 1299 2179 1383 perdens,

866 1403 1082 1485 Igitur
1110 1402 1423 1487 quisquis
1452 1420 1614 1466 vera
1642 1402 1969 1486 requirit}³

2637 1402 2730 1468 25

865 1505 1127 1572 Neutro
1156 1512 1261 1571 est
1287 1506 1519 1571 habitu
1544 1513 1606 1571 :q
1648 1525 1805 1570 nam
1834 1525 2055 1589 neque
2084 1505 2301 1583 novit,

516 1682 667 1745 possit
684 1682 897 1746 prosequi
917 1682 1122 1746 ignota?
1152 1700 1240 1746 qno
1274 1685 1409 1733 modo
1452 1683 1627 1747 aliquis
1660 1683 1892 1743 inveniat,
1928 1690 2011 1732 aut
2044 1683 2319 1744 dignoscere
2349 1680 2497 1744 possit
2512 1680 2730 1744 formant

516 1750 778 1808 inventam,
801 1748 936 1809 linias
957 1746 1194 1811 ignarus?
1260 1750 1453 1809 Nonne,
1487 1765 1596 1798 cum
1615 1764 1746 1799 mens
1775 1749 1978 1797 bantana
2012 1748 2193 1797 videret
2223 1752 2425 1798 mentem
2444 1762 2728 1810 supremam,

519 1813 623 1873 ipsa
662 1814 961 1874 cognoscebat
983 1828 1059 1862 res
1082 1817 1181 1862 tam
1214 1813 1491 1876 singulatim
1520 1829 1659 1877 quam
1694 1814 1961 1874 generatim
1976 1809 2002 1861 :1
2035 1827 2156 1861 nunc
2192 1826 2300 1860 vero
2325 1814 2483 1861 velata
2523 1811 2730 1862 tenebris

521 1879 747 1937 corporis,
768 1879 860 1926 etsi
881 1893 971 1926 non
994 1884 1065 1926 est
1088 1877 1273 1926 omnino
1294 1879 1536 1928 immemor
1555 1878 1645 1940 sni,
1667 1883 1823 1927 cetera
1844 1893 1936 1927 non
1957 1876 2233 1937 singulatim
2254 1877 2456 1940 quidem,
2475 1878 2559 1926 sed
2582 1892 2727 1939 gene-

520 1940 667 1990 ratim
688 1945 943 2002 cognoscit.
1013 1942 1301 2006 Quicumque
1322 1958 1436 2005 ergo
1453 1944 1714 2005 investigat
1738 1944 2002 2003 veritatem,
2028 1942 2074 1990 is
2102 1957 2194 1990 non
2212 1941 2421 2006 afficitur
2440 1942 2626 1991 omnino
2644 1947 2729 1991 aut

518 2005 818 2066 ignoratione
839 2011 923 2056 aut
941 2007 1167 2056 scientia.-
1203 2008 1434 2071 siquidem
1453 2009 1534 2057 ille
1554 2023 1699 2072 neque
1720 2007 1959 2069 cognoscit
1977 2006 2154 2068 omnia,
2184 2021 2332 2070 neque
2352 2010 2513 2055 tamen
2541 2008 2728 2057 omnino

1508 2137 1734 2189 NoTAE

522 2248 578 2292 et
603 2240 854 2304 invenire,
874 2241 959 2293 hic
979 2247 1154 2293 tamen
1178 2258 1280 2294 non
1312 2249 1486 2309 posset
1509 2245 1584 2308 ig-

520 2327 702 2368 notum
738 2318 1088 2383 dignoscendo
1124 2335 1155 2369 a
1176 2321 1364 2371 ceteris
1402 2320 1582 2371 distin-

520 2408 710 2458 guere:
745 2398 760 2425 ‘
781 2396 895 2460 quis
920 2402 1179 2460 repertam
1194 2402 1354 2462 queat
1371 2397 1583 2462 ignarus

521 2487 738 2525 noscere
757 2472 972 2524 formam
992 2473 1028 2524 ?'
1078 2475 1165 2524 Sic
1190 2482 1584 2540 argumentatur

518 2550 678 2600 Plato
700 2551 795 2600 sub
813 2566 1035 2614 persona
1054 2552 1288 2603 Socratis
1322 2553 1376 2602 in
1400 2554 1583 2603 Meno-.-

517 2640 616 2676 ne:
651 2626 668 2654 ‘
690 2626 983 2691 Ponamus‚’
1015 2628 1200 2693 inquit,
1235 2630 1252 2658 ‘
1277 2644 1478 2680 servum
1503 2629 1582 2680 fu·

523 2703 742 2766 gitivum
764 2704 832 2754 ab
857 2705 958 2755 alio
993 2719 1164 2769 servo,
1196 2720 1228 2754 a
1248 2720 1351 2770 quo
1373 2708 1582 2758 omnino

476 2798 481 2805 ·
518 2781 661 2843 prior
677 2784 963 2844 ignoratur,
978 2781 1185 2831 domino
1203 2783 1470 2848 utriusque
1487 2785 1582 2833 im·

522 2866 763 2922 perante,
794 2860 989 2925 quoeri:
1046 2858 1240 2911 frustra
1282 2861 1365 2910 hic
1407 2874 1583 2911 servus

522 2942 757 2998 quaer-etz
804 2938 1037 3003 quamvis
1075 2937 1212 2986 enim
1246 2936 1384 2985 idem
1404 2936 1457 2985 in
1480 2951 1585 2987 ser-

514 3025 635 3060 vum
666 3011 961 3077 fugitivum,
981 3027 1136 3077 quem
1175 3013 1380 3076 querit,
1414 3011 1584 3061 incur-

514 3094 620 3150 rat,
659 3090 881 3139 eundem
924 3105 981 3139 se
1016 3088 1277 3138 invenisse
1321 3088 1582 3152 ignorans,

514 3165 684 3226 ipsum
715 3180 819 3215 non
841 3166 1041 3230 poterit
1064 3166 1393 3229 dignoscere,
1422 3164 1531 3214 sive
1548 3179 1581 3214 a

510 3243 712 3292 ceteris
735 3242 1094 3307 distinguere!

581 3325 605 3349 0
627 3316 709 3367 An
728 3334 833 3368 eum
866 3325 1086 3384 mntem,
1119 3319 1227 3383 mx]
1276 3319 1461 3370 Plures
1484 3333 1580 3382 pu·

519 3399 654 3457 tant,
673 3394 949 3445 Boethium
971 3396 1024 3445 in
1056 3395 1253 3460 reliquo
1277 3395 1372 3444 hoc
1394 3394 1579 3446 earmi-

518 3483 585 3519 ne
609 3471 757 3535 sequi
780 3473 1092 3522 sententiam
1117 3472 1372 3535 Platonis,
1394 3473 1501 3538 qui,
1521 3478 1582 3522 ut

518 3559 585 3594 ex
606 3545 767 3609 ipsius
805 3547 1056 3610 Menone,
1088 3548 1426 3613 pluribusque
1464 3551 1579 3599 aliis

513 3619 659 3668 libris
673 3626 895 3684 constat,
917 3622 1250 3685 existimavit,
1265 3629 1468 3673 mentes
1485 3625 1579 3674 hu-

514 3709 713 3760 manas,
734 3704 1012 3762 antequam
1034 3698 1116 3749 11ae
1134 3713 1250 3748 cum
1274 3701 1578 3763 corporibus

517 3775 985 3840 conjungerentur,
1037 3776 1293 3839 conditas,
1337 3777 1579 3842 perfecta

514 3852 740 3902 omnium
773 3853 1118 3917 intelligentia
1148 3853 1306 3905 fuisse
1330 3855 1579 3906 divinitus

513 3928 795 3979 instructas
818 3946 834 3992 3
879 3931 970 3981 sed
1003 3931 1134 3982 hanc
1177 3932 1576 3997 intelligentiam

515 4006 831 4056 commercio
853 4021 1104 4072 corporeo
1131 4009 1208 4060 ita
1243 4011 1495 4073 amisisse,
1514 4017 1580 4060 *ut

513 4093 618 4132 non
640 4084 738 4134 nisi
754 4086 916 4135 multo
949 4087 1127 4138 labore
1149 4102 1327 4137 eorum
1351 4103 1465 4152 quae
1490 4103 1578 4138 an-

513 4165 601 4209 tea
620 4170 874 4213 noverant
886 4164 1299 4215 recordationem
1324 4164 1423 4214 sibi
1444 4180 1581 4215 com·

515 4243 734 4297 parent:
771 4253 923 4303 quam
958 4241 1166 4305 quidem
1187 4241 1396 4292 Boethii
1419 4242 1578 4292 inter-

517 4316 865 4375 pretationem
887 4315 1097 4369 admitti
1133 4330 1284 4383 posse
1318 4331 1425 4369 non
1461 4318 1579 4368 infi-

1663 2245 1811 2295 ciorz
1847 2243 1939 2293 sed
1970 2258 2084 2309 qum
2119 2258 2257 2293 niune
2289 2242 2357 2292 ab
2387 2241 2572 2291 eodem
2595 2240 2727 2290 Βοὸ-

1663 2321 1773 2370 thio
1794 2320 2051 2378 dicuntur,
2074 2320 2186 2369 hoee
2206 2320 2367 2371 etiam
2390 2316 2624 2368 refutata
2639 2317 2727 2367 illa

1661 2397 1898 2447 Platonis
1920 2396 2179 2447 sententia
2212 2401 2432 2459 pessunt
2463 2393 2721 2457 intelligi;

1662 2475 1832 2539 posito
1852 2489 1937 2537 eo,
1958 2475 2011 2524 in
2033 2489 2135 2539 quo
2173 2473 2433 2524 credimus
2467 2472 2724 2523 Adamum

1663 2551 1928 2602 conditum
1952 2548 2131 2608 fuisse,
2151 2552 2167 2579 ‘
2193 2549 2510 2601 innocentiae
2534 2554 2680 2599 statu
2691 2547 2725 2598 ι’

1660 2629 1718 2678 in
1736 2629 1833 2678 hoe
1856 2627 1992 2677 enim
2028 2633 2173 2677 statu
2210 2641 2354 2676 mens
2392 2625 2618 2675 humana
2638 2635 2724 2688 pe·

1661 2704 1844 2755 culiari
1865 2703 2089 2768 quodam
2107 2702 2259 2754 modo
2274 2705 2290 2731 ‘
2310 2701 2567 2753 cernebat
2586 2714 2726 2752 men-

1664 2790 1770 2833 tem
1789 2780 1985 2844 altam‚’
2001 2795 2188 2845 nempe
2200 2782 2404 2832 Deum:
2430 2779 2571 2829 unde
2588 2792 2724 2828 max·

1661 2860 1817 2911 imam
1835 2864 2036 2923 partem
2054 2871 2228 2908 rernm
2244 2854 2724 2920 cognoscendarum

1662 2950 1768 2986 non
1792 2937 1954 2985 solnm
1974 2935 2280 2998 generatim,
2308 2933 2400 2982 sed
2442 2931 2604 2983 etiam
2627 2931 2723 2980 sin·

1663 3013 1882 3077 galatim
1899 3011 2278 3076 cognoscebat:
2327 3010 2343 3038 ‘
2366 3009 2571 3072 pariter
2590 3021 2721 3058 sum·

1659 3105 1796 3140 mam
1812 3096 1868 3140 et
1899 3090 2100 3154 singula
2121 3086 2306 3139 norat!
2371 3085 2449 3136 At
2468 3086 2585 3149 ejus
2610 3099 2725 3149 pon-

1659 3166 1777 3230 teri,
1799 3166 1852 3216 in
1875 3181 2075 3230 poenam
2107 3163 2314 3228 peceati
2348 3161 2498 3225 hujus
2519 3161 2602 3210 sni
2625 3159 2724 3223 pri·

1657 3243 1729 3294 mi
1750 3244 2004 3309 parentis,
2018 3239 2497 3307 perturbationibus
2521 3237 2598 3288 ita
2618 3234 2722 3286 affi-

1658 3320 1887 3382 ciuntur,
1917 3325 1976 3368 ut
2007 3331 2190 3368 eorum
2210 3330 2374 3378 mens,
2392 3315 2623 3365 nondum
2646 3318 2720 3364 ta·

1656 3412 1776 3447 men
1817 3396 2026 3446 omnino
2069 3393 2234 3444 oblita
2276 3391 2375 3454 sui,
2418 3392 2570 3455 plura
2623 3404 2724 3441 non

1659 3472 1956 3535 singulatim
1980 3470 2073 3521 sed
2098 3469 2387 3532 generatim
2424 3468 2588 3518 solum
2606 3481 2721 3530 cog·

1657 3554 1872 3599 noscat:
1903 3548 1920 3576 ‘
1946 3560 2193 3597 summam
2211 3544 2226 3568 ’
2263 3546 2396 3594 enim
2414 3543 2431 3571 ‘
2457 3549 2606 3594 tenet
2625 3543 2720 3592 sin-

1658 3627 1781 3690 gula
1804 3624 2026 3690 perdens
2042 3623 2074 3673 :’
2122 3627 2379 3689 quatenus
2400 3620 2597 3671 etenim
2619 3618 2720 3670 Dei

1657 3703 1769 3754 sive
1806 3704 1954 3765 ‘ejus
1979 3700 2068 3765 qui
2090 3697 2200 3749 est’
2236 3699 2450 3748 notione
2479 3695 2720 3746 informa·

1658 3786 1766 3842 tur,
1779 3778 1951 3829 emnia
1969 3775 2257 3841 generatim
2282 3775 2459 3824 novit:
2488 3773 2581 3823 sed
2601 3786 2717 3837 qna-

1657 3865 1811 3908 tenus
1855 3869 2077 3919 corpore
2121 3859 2365 3903 consorte
2419 3850 2714 3915 impeditur,

1660 3937 1807 4000 plura
1827 3947 1927 3984 non
1951 3930 2179 3996 percipit
2204 3929 2515 3994 singulatim.

1724 4018 1750 4053 Ρ
1776 4012 1901 4062 Vera
1920 4006 2148 4071 requirit]
2183 4004 2565 4069 Philosophus:
2599 4001 2712 4052 Phi·

1660 4087 1893 4151 losophia
1925 4086 2081 4146 enim,
2108 4081 2539 4146 interpretatione
2560 4078 2706 4130 nomi-

1659 4166 1758 4228 nis,
1786 4174 1871 4214 est
1908 4161 2138 4212 studium
2172 4159 2468 4224 sapientiae,
2503 4157 2610 4207 sive
2643 4155 2709 4203 in·

1661 4241 1871 4309 quisitio
1893 4237 2152 4288 veritatis.

1722 4327 1748 4363 «Ι
1772 4318 1955 4369 Neutro
1977 4319 2048 4365 est
2085 4312 2273 4378 nabun]
2319 4309 2566 4375 Habitus,
2598 4320 2703 4358 auc·
