3049 4928
1250 437 1560 490 non'rml
1607 438 1707 490 DE
1753 436 2060 490 consul..

1403 726 1723 794 PROSA
1773 726 1901 793 IV.

643 891 818 962 TUM
848 896 1023 973 illa‚¹‘
1051 892 1294 974 Vetus,
1322 895 1560 980 inquit,
1589 893 1737 973 haec
1768 899 1872 960 est
1890 892 1975 958 de
1995 892 2435 959 Providentia
2462 892 2748 976 querela,

562 1018 607 1063 a
638 998 739 1063 M.
763 997 1074 1074 Tulli0,²0
1093 994 1112 1030 ²
1162 1017 1316 1061 cum
1375 997 1870 1070 divinationem.
1895 996 2271 1076 distribuit?
2341 997 2748 1061 vehementer

563 1101 835 1184 agitata,
863 1099 1120 1182 tibique
1170 1098 1303 1184 ipsi
1348 1119 1458 1164 res
1499 1099 1615 1164 diu
1659 1118 1937 1183 prorsus
1961 1099 2373 1184 multumque
2425 1097 2747 1182 quaesita:

563 1203 685 1267 sed
712 1202 1229 1286 haudquaquam
1259 1203 1345 1267 ab
1376 1201 1517 1267 ullo
1547 1208 1844 1266 vestrum
1867 1201 2188 1266 hactenus
2215 1200 2379 1264 satis
2410 1200 2755 1283 diligenter

565 1325 646 1369 ac
675 1304 946 1370 firmiter
989 1305 1329 1388 expedita.
1418 1304 1638 1389 Cujus
1680 1304 2028 1386 caliginis¹⁹
2072 1311 2324 1400 causa&²
2387 1309 2524 1381 est,
2572 1300 2751 1386 quod

561 1405 867 1472 humanae
891 1408 1416 1473 ratiocinationis
1445 1413 1673 1472 motus
1722 1406 1810 1471 ad
1841 1406 2085 1471 divinae
2108 1403 2554 1489 praescientiae
2600 1405 2753 1467 sim-

560 1508 921 1591 plicitatem
954 1530 1093 1574 non
1122 1514 1347 1594 potest
1374 1508 1748 1574 admoveri:
1796 1528 1951 1591 quae
1979 1507 2039 1572 si
2068 1507 2207 1572 ullo
2239 1505 2442 1570 modo
2471 1503 2751 1587 cogitari

563 1618 790 1694 queat,
822 1613 985 1677 nihil
1013 1632 1281 1697 prorsus
1308 1613 1710 1696 relinquetur
1728 1611 2026 1693 ambigui
2050 1622 2110 1675 τ’
2153 1609 2333 1693 quod
2359 1610 2457 1674 ita
2486 1607 2758 1672 demum

562 1715 944 1797 patefacere
967 1722 1173 1800 atque
1222 1714 1541 1799 expedire
1560 1726 1589 1763 ³
1653 1716 1958 1792 tentabo,
2012 1712 2073 1777 si
2102 1714 2288 1797 prius
2341 1731 2448 1789 ea,
2511 1710 2760 1793 quibus

562 1816 873 1894 moveriS,
902 1817 1316 1900 expedierofl„⁹
1333 1825 1351 1854 ¹
1444 1815 1697 1895 Quaero
1728 1816 1957 1894 enim,v
2001 1835 2123 1880 cur
2143 1816 2328 1880 illam
2355 1813 2763 1879 solventium

563 1918 893 1984 rationem
920 1920 1143 1984 minus
1188 1918 1523 1984 efficacem
1568 1924 1765 2003 putes
1786 1930 1833 1984 :⁶
1876 1940 2028 2003 quae
2060 1920 2217 2004 quia
2264 1916 2763 2002 praescientiam

564 2038 699 2082 non
728 2039 883 2086 esse
909 2023 1143 2087 futuris
1171 2023 1373 2088 rebus
1405 2043 1683 2089 causam
1729 2024 2154 2089 necessitatis
2183 2021 2552 2098 existimat,
2589 2018 2762 2083 nihil

565 2122 873 2205 impediri
902 2125 1329 2208 praescientia
1356 2126 1618 2190 arbitrii
1662 2125 2038 2191 libertatem
2068 2130 2279 2208 putat.
2369 2121 2558 2186 Num
2588 2121 2764 2185 enim

569 2229 645 2288 tu
679 2225 947 2292 aliunde
997 2233 1443 2311 argumentum
1489 2228 1850 2295 futurorum
1893 2229 2314 2296 necessitatis
2356 2224 2586 2302 trahiS,
2635 2224 2786 2298 nisi¹

633 2414 661 2438 ¹⁸
692 2407 1016 2472 Philosophia.
1147 2419 1172 2444 ¹³
1203 2412 1314 2464 Lib.
1337 2426 1399 2463 11.
1419 2415 1477 2462 de
1501 2412 1721 2463 Divinat.
1746 2412 1829 2463 ubi
1849 2413 2205 2473 divinationem,
2222 2426 2364 2478 quam*
2384 2411 2595 2468 Quintus
2604 2408 2765 2487 spata

567 2478 848 2534 numerat,
865 2475 1041 2525 nititur
1058 2477 1237 2527 tollere.
1430 2487 1465 2512 ¹¹³
1500 2479 1837 2529 Obscuritatis.
2010 2488 2036 2512 ⁸
2068 2480 2236 2530 Dubii.
2429 2485 2456 2519 ⁹
2487 2477 2762 2539 Explican-

572 2542 597 2569 2
632 2538 933 2602 Explicuere.
1129 2549 1154 2574 ⁰
1190 2543 1309 2598 Quae
1329 2542 1528 2594 habetur
1548 2545 1704 2594 Prosa
1722 2559 1809 2595 ιιι.
1827 2545 1965 2609 hujus
1983 2545 2068 2598 lib.
2090 2545 2208 2594 Not.
2230 2552 2253 2576 v

1490 2673 1851 2693 OOOOOOONOOO

635 2755 701 2800 20
750 2752 853 2801 Ms.
894 2754 1147 2805 Rittersh.
1183 2757 1302 2806 Tum
1338 2758 1427 2807 illa
1459 2760 1638 2824 inquit:
1687 2760 1813 2809 Haec
1853 2764 1924 2809 est
1968 2763 2102 2808 vetus
2140 2759 2199 2806 de
2234 2753 2548 2805 Providentia
2590 2754 2766 2829 querefa

573 2817 830 2931 Marcoxue
873 2819 1044 2896 Tullio,
1075 2824 1156 2884 ξε.
1211 2821 1345 2872 Edd.
1381 2825 1579 2900 pelph.
1618 2831 1673 2873 et
1711 2826 1883 2875 Hack.
1922 2826 2100 2886 legunt
2136 2821 2291 2899 etiam
2317 2821 2580 2895 Marcoque
2601 2819 2764 2867 Ίῖιὶιιο.

570 2885 666 2929 —l
701 2880 716 2908 ‘
785 2890 1004 2934 ssentior
1046 2887 1176 2937 Mss.
1217 2902 1419 2938 movens
1458 2889 1759 2953 expendero!
1815 2891 2058 2940 Bernart.
2121 2888 2208 2937 Sic
2250 2885 2369 2936 edd.
2417 2883 2766 2948 pra-dicim.—

1557 3004 1607 3054 N
1615 3002 1772 3054 01¹AE

633 3091 649 3122 ‘
670 3085 717 3140 A
741 3092 817 3141 M.
839 3092 1013 3156 Tullio]
1043 3109 1082 3146 1.
1097 3095 1431 3161 Philosophia
1452 3099 1626 3148 memi-

568 3168 649 3218 nit
670 3175 891 3231 veteres,
913 3171 1101 3236 quibus
1136 3173 1248 3224 haec
1283 3174 1473 3233 divinae
1497 3176 1628 3224 Pro-

567 3245 811 3296 videntiae
845 3246 1202 3314 libertatisque
1235 3250 1471 3302 humanae
1507 3267 1628 3302 con·

571 3322 750 3371 cordia
793 3322 901 3373 visa
939 3332 1019 3375 est
1056 3325 1315 3379 difficilis:
1363 3329 1500 3379 inter
1539 3331 1629 3381 hos

572 3404 747 3447 autem
783 3401 1033 3451 excelluit
1062 3403 1274 3454 Marcus
1312 3406 1506 3455 Tullius
1548 3406 1631 3456 Ci-

571 3489 714 3540 cero,
743 3476 829 3541 qui
867 3478 988 3527 hinc
1022 3488 1214 3543 negata
1241 3481 1414 3531 divina
1449 3483 1632 3532 Provi-

571 3552 771 3609 dentia,
798 3552 919 3602 inde
944 3568 1065 3603 vero
1084 3557 1313 3605 stabilita
1335 3558 1557 3608 humana
1577 3560 1637 3609 li-

1777 3107 1802 3134 ¹¹
1827 3100 1975 3162 Cuius
1996 3098 2220 3161 caliginis
2241 3095 2404 3160 causa]
2440 3110 2505 3146 ιι.
2542 3095 2767 3146 Philoso-

1710 3177 1832 3242 phia
1864 3178 1958 3241 ait,
1994 3176 2114 3226 ideo
2155 3176 2380 3225 Veteres
2417 3173 2770 3223 Recentiores·

1710 3270 1811 3321 qne
1848 3269 1950 3304 non
1983 3266 2134 3319 posse
2167 3250 2449 3302 conciliare
2489 3247 2771 3298 Providen-

1712 3333 1841 3382 tiam
1867 3331 2092 3380 divinam
2115 3343 2231 3378 cum
2254 3329 2479 3377 humana
2512 3324 2771 3384 libertate,

1711 3408 1834 3473 quia
1854 3394 2032 3457 eorum
2055 3419 2200 3455 mens
2233 3401 2483 3453 infirmior
2502 3407 2606 3463 est,
2629 3414 2773 3467 quam

1719 3491 1779 3535 ut
1801 3485 1966 3549 possit
2002 3482 2227 3532 divinam
2257 3479 2633 3545 praenotionem
2666 3491 2776 3543 per·

1718 3563 1930 3626 cipere:
1954 3558 2110 3621 unde,
2128 3555 2545 3623 praecipitatione
2568 3561 2625 3605 et
2648 3569 2774 3619 prae-

572 3626 800 3687 bei-tate,
844 3627 1002 3677 ‘dum
1041 3631 1153 3679 vult
1195 3631 1424 3682 homines
1459 3632 1634 3685 facere
1707 3638 1912 3703 judicio
1925 3637 2187 3702 judicans,
2207 3639 2363 3698 negat
2383 3632 2615 3683 divinam
2652 3632 2774 3683 Pro·

571 3704 802 3766 liberos,'
824 3706 994 3770 inquit
1013 3707 1068 3756 S.
1100 3705 1232 3772 Aug.
1259 3723 1315 3759 v.
1339 3710 1404 3760 de
1428 3710 1544 3762 Civ,
1569 3713 1636 3763 D.

572 3801 621 3835 c.
645 3789 694 3835 9.
711 3784 920 3836 eosdem
960 3784 1126 3836 ‘facit
1159 3788 1474 3852 sacrilegos!
1539 3789 1637 3840 Ar-

576 3869 879 3924 gumentum
912 3863 1070 3913 Tullii
1089 3864 1214 3913 illud
1237 3870 1337 3929 est,
1358 3880 1459 3931 quo
1481 3882 1638 3932 snpra

575 3953 696 3987 usus
721 3943 803 3987 est
821 3939 1097 4002 Boethius,
1126 3942 1260 4006 quod
1283 3942 1521 3993 nimirum
1549 3959 1638 4008 po-

576 4014 678 4064 sita
687 4014 910 4064 humana
924 4016 1189 4080 libertate,
1205 4020 1636 4082 quemadmodum

577 4091 903 4155 experientia
941 4093 1192 4157 probatur
1231 4098 1490 4160 ponenda,
1510 4098 1640 4148 Pro·

575 4166 808 4217 videntia
841 4169 1018 4219 divina
1038 4180 1264 4236 nequeat
1294 4187 1407 4223 ωδε
1447 4174 1639 4240 (qualis

577 4243 680 4307 est,
697 4251 786 4296 aut
809 4245 974 4314 nulla)
996 4249 1226 4313 evidens,
1257 4264 1400 4315 vera,
1421 4258 1474 4301 et
1492 4258 1638 4303 certa

579 4322 814 4375 scientia.

1720 3713 2022 3777 videntium,
2060 3711 2200 3778 qnod
2240 3711 2424 3760 eadem
2448 3707 2776 3773 Philosophia

1720 3791 1979 3857 promittit
2017 3803 2073 3838 se
2115 3789 2607 3843 demonstraturam,
2642 3790 2771 3850 post·

1718 3883 1872 3934 quam
1896 3864 2228 3931 argumentis,
2248 3863 2436 3928 quibus
2462 3869 2619 3914 antea
2650 3860 2774 3911 Βοὲ-

1719 3946 1856 3996 thius
1876 3943 2199 4005 movebatur,
2220 3938 2574 4004 responderit.

1786 4027 1809 4053 v
1835 4020 2010 4076 Quoero
2030 4018 2172 4080 enim,
2191 4014 2297 4079 ξω]
2334 4027 2426 4064 111.
2449 4012 2770 4078 Philosophia

1719 4094 2004 4160 respondet
2036 4091 2373 4156 argumentis,
2410 4089 2597 4156 quibus
2628 4101 2770 4152 snpra

1722 4186 1846 4223 usus
1879 4177 1963 4220 est
1996 4168 2284 4228 Boethiusg
2329 4166 2428 4216 hoc
2457 4165 2570 4217 fere
2593 4173 2765 4230 pacto:

1720 4249 1764 4300 si
1790 4247 1959 4313 posita
1976 4247 2201 4295 humana
2221 4242 2471 4292 libertate
2492 4240 2784 4294 Providen·,

1643 4374 1659 4383 .
1723 4328 1796 4379 tia
1816 4326 1993 4377 divina
2032 4321 2198 4388 possit
2225 4335 2341 4372 esse
2376 4336 2480 4373 non
2503 4316 2763 4388 modyevi-
