3049 4928
947 415 1044 463 na
1088 412 1466 464 ssvnaruo
1517 413 1861 463 sonum.
2369 399 2497 472 561,

313 563 536 625 latione
559 562 952 642 Philosophiae
984 561 1316 623 revolvatur
1349 560 1841 624 attentius—»sine
1873 557 2216 624 difficultate
2253 563 2498 643 profun-

315 661 428 721 dus
454 660 511 719 in
538 660 870 732 sententiis,
898 660 956 719 in
985 659 1177 720 verbis
1212 660 1334 719 sine
1371 659 1611 720 levitate
1638 660 2032 739 conspicuus:
2093 669 2286 721 orator
2326 662 2505 730 vehe-

318 775 504 827 mens,
560 758 769 819 efficax
820 759 1265 830 demonstrator,
1319 756 1391 818 ad
1448 756 1506 816 id
1564 757 1726 835 quod
1791 755 2149 834 sequendum
2201 766 2293 817 est
2342 776 2500 818 nunc

315 854 708 931 probabiliter
734 853 1004 925 suadens,
1033 872 1193 913 nunc
1221 853 1385 932 quasi
1412 852 1664 914 stimulis
1692 852 2052 914 necessitatis
2074 853 2422 932 impellens.’

400 951 752 1011 Praeclarum
796 949 872 1010 de
917 949 1170 1012 Boethio
1208 948 1349 1009 Julii
1394 948 1642 1008 Caesaris
1682 948 1959 1025 Scaligeri
1999 948 2291 1024 judicium
2340 956 2507 1010 extat

315 1045 423 1107 lib.
453 1063 548 1107 vl.
593 1047 857 1107 Poiitices
901 1066 1043 1127 pag.
1090 1043 1231 1114 761.
1268 1052 1287 1079 ‘
1309 1045 1542 1105 Boethii
1587 1045 1845 1106 Severini
1879 1044 2190 1121 ingenium,
2219 1044 2498 1118 eruditio,

316 1160 428 1211 ars,
458 1140 745 1220 sapientia
785 1141 954 1201 facile
999 1149 1281 1220 provocat
1321 1160 1526 1199 omnes
1561 1149 1851 1212 auctores,
1879 1140 2000 1206 sive
2039 1140 2121 1199 illi
2150 1141 2349 1201 Graeci
2384 1141 2503 1206 sint

318 1235 435 1296 sive
463 1238 675 1298 Latini.
754 1237 964 1298 Saeculi
993 1238 1261 1298 barbarie
1286 1236 1414 1314 ejus
1448 1237 1638 1298 oratio
1668 1236 1857 1297 soluta
1882 1237 2134 1298 deterior
2160 1238 2498 1299 invenitur:

317 1341 385 1408 at
411 1353 545 1412 quae
571 1334 745 1395 libuit
768 1333 973 1395 ludere
1001 1333 1060 1393 in
1089 1334 1277 1413 poEsi,
1302 1334 1495 1396 divina
1519 1353 1658 1396 sane
1685 1342 1838 1393 sunt.
1921 1333 2082 1396 Nihil
2109 1334 2221 1393 illis
2266 1334 2507 1407 cultius,

321 1429 461 1489 nihil
487 1432 738 1509 gravius.
838 1433 1050 1510 Neque
1081 1430 1331 1493 densitas
1361 1432 1781 1492 sententiarum
1812 1449 2101 1502 venerem,
2143 1448 2334 1509 neque
2360 1451 2505 1491 acu-

319 1545 455 1588 men
495 1528 738 1588 abstulit
778 1528 1114 1591 candorem.
1182 1528 1471 1608 Equidem
1498 1548 1715 1590 censeo
1743 1547 1964 1606 paucos
2007 1546 2141 1588 cum
2195 1528 2296 1587 illo
2343 1547 2511 1588 como

319 1623 513 1702 parari
538 1643 733 1703 posse.
813 1626 983 1686 Valla
1010 1625 1189 1687 docet
1216 1645 1350 1686 eum
1384 1625 1593 1686 Latina
1627 1624 1828 1703 loqui:
1871 1632 1934 1683 at
1962 1624 2191 1684 Vallum
2222 1625 2504 1685 Boethius

323 1721 473 1779 bene
497 1724 740 1799 sapere?

407 1816 501 1877 De
530 1819 943 1880 Consolatione
967 1819 1361 1901 Philosophiae
1390 1820 1662 1882 eximium
1682 1840 1833 1900 opus
1862 1821 1923 1880 in
1966 1841 2200 1881 carcere
2228 1821 2505 1888 Boethius

322 1916 682 1992 composuit,
728 1916 890 1996 quod
936 1917 1130 1976 multis
1170 1918 1297 1977 aliis
1340 1918 1661 1995 contigisse
1708 1918 1971 1990 eruditis,
2014 1928 2081 1978 ut
2123 1935 2356 1982 carcere
2398 1938 2511 1996 pro

326 2029 528 2070 museo
556 2022 871 2085 uterentur,
899 2014 1211 2074 observant
1240 2014 1482 2077 Gabriel
1510 2015 1817 2077 Naudoeus
1858 2015 1918 2076 in
1946 2014 2306 2094 panegyrico
2331 2031 2510 2093 quem

324 2107 400 2166 ad
434 2108 733 2168 Urbanum
763 2126 923 2170 vm.
974 2110 1050 2170 de
1093 2111 1342 2171 liberato
1392 2112 1769 2190 Campanella
1796 2116 1871 2172 A.
1927 2112 2101 2174 1632.
2145 2111 2315 2185 dixit,
2344 2121 2404 2176 et
2432 2114 2508 2171 A.

330 2203 506 2265 1644.
574 2214 629 2266 8.
688 2206 925 2266 Parisiis
979 2206 1184 2278 edidit,
1234 2226 1369 2285 pag.
1431 2216 1566 2279 149.
1623 2228 1746 2286 seq.
1829 2207 2128 2285 vignolius
2181 2208 2514 2268 Marvillius

323 2300 502 2360 Tom.
534 2320 584 2362 1.
631 2302 810 2362 Mise.
852 2304 1062 2363 literar.
1097 2303 1390 2363 editorum
1440 2304 1671 2366 Gallice
1717 2305 1894 2368 Tom.
1927 2320 1976 2364 1.
2008 2324 2148 2384 pag.
2202 2313 2337 2372 185.
2385 2325 2512 2382 seq.

327 2399 482 2456 Acta
511 2400 812 2461 Eruditor.
841 2402 919 2459 A.
959 2397 1135 2471 1693.
1180 2418 1317 2478 pag.
1348 2397 1488 2462 365.
1572 2401 1718 2460 Rev.
1755 2400 1850 2459 Jo.
1883 2400 2229 2479 christoph.
2265 2400 2514 2467 Wolfius

328 2503 530 2555 noster
569 2496 627 2554 in
676 2515 910 2556 carcere
952 2493 1310 2554 eruditorum
1349 2514 1573 2565 museo,
1607 2495 1822 2555 Witeb.
1873 2504 2046 2564 1710.
2075 2498 2176 2557 Jo.
2221 2497 2514 2575 Georgius

328 2593 601 2652 Retulius
643 2592 765 2651 sive
810 2588 1185 2651 Burchardus
1214 2589 1472 2668 Epistola
1497 2591 1572 2650 ad
1613 2590 1866 2651 amicum
1892 2591 1968 2653 de
1997 2591 2270 2653 relatione
2296 2593 2517 2657 itineris

329 2688 401 2748 C.
432 2687 509 2748 H.
540 2689 608 2748 E.
639 2691 744 2749 D.¹
776 2707 838 2765 p.
869 2694 968 2748 55.
1013 2708 1138 2766 seq.
1173 2690 1549 2758 annatim
1580 2691 1848 2763 auiam&
1868 2689 2126 2751 §timum
2151 2704 2247 2753 vr.
2287 2708 2424 2768 pag.
2453 2698 2518 2753 3.

331 2803 457 2863 seq.
484 2803 622 2846 xlx.
649 2805 790 2865 pag.
824 2794 927 2848 33.
1008 2786 1108 2846 Sic
1138 2785 1359 2863 scripta
1387 2785 1445 2844 in
1485 2804 1725 2845 earcere
1749 2785 2170 2849 elucubraruut
2208 2805 2282 2846 ex
2309 2784 2519 2864 priscis

330 2881 648 2954 Socrates,²
675 2886 1067 2960 Anaxagoras,
1113 2880 1462 2941 Philoxenus
1484 2879 1796 2958 Tragicus,
1825 2882 1888 2940 S.
1931 2880 2213 2958 Ignatius,
2240 2881 2471 2943 Phileas
2495 2883 2517 2919 ³

328 2977 721 3040 Thmuitanus
746 2980 1096 3057 Episcopus,
1127 2977 1439 3038 Oribasius
1483 2978 1774 3047 Medicus,
1803 2976 2123 3037 Gauterius
2156 2977 2283 3039 sive
2311 2979 2520 3039 Galle-

328 3075 446 3134 rius
469 3075 825 3134 Antiocheni
856 3073 994 3133 belli
1020 3075 1325 3151 scriptor,4
1350 3075 1607 3134 Joannes
1634 3073 1709 3133 de
1737 3071 2140 3150 Rupescissa,⁵
2168 3075 2264 3134 Jo.
2295 3075 2522 3135 Beccus

333 3171 456 3230 sive
498 3172 733 3230 Veccus
772 3170 1116 3230 Patriareha
1146 3171 1327 3230 CPol.
1359 3171 1411 3229 E
1445 3171 1867 3231 recentioribus
1913 3169 2217 3231 Balthasar
2258 3170 2520 3239 Alamus,

335 3267 680 3328 Franciseus
721 3269 1228 3342 Bassompetreus,
1268 3266 1614 3325 Franciscus
1661 3268 1824 3326 Baco
1874 3265 1949 3326 de
1996 3266 2352 3337 Verulamio,
2396 3265 2525 3325 Ste-

332 3363 563 3441 phanus
587 3359 970 3434 Bathorius,⁶
1021 3364 1120 3423 Jo:
1156 3360 1587 3434 Bradefortius,
1641 3363 1784 3423 Sain
1824 3360 2166 3435 Bremont,⁷
2221 3363 2522 3427 Barnabas

336 3458 694 3532 Brissonius,
741 3459 1034 3537 Georgius
1080 3459 1489 3530 Buchananus,
1531 3461 1688 3520 Tho.
1735 3459 2134 3538 campanella,
2180 3460 2428 3521 Carolus
2476 3478 2524 3523 1.

334 3556 561 3634 Angliae
592 3557 739 3627 Rex,
769 3556 1029 3616 Michael
1059 3556 1393 3626 Cervantes,
1419 3556 1575 3616 Tho.
1605 3558 1977 3629 Cranmerus,
2009 3557 2146 3617 Nic.
2165 3558 2527 3636 Fouquetus,

335 3652 629 3712 Martinus
656 3653 968 3725 Freohtus,
994 3640 1208 3712 Nicod‘.
1229 3653 1609 3723 Frischlinus,
1632 3654 1936 3714 Gilbertus
1955 3655 2330 3725 Gaulminus,
2360 3654 2527 3715 Guil.

336 3749 685 3827 Gnapheus,
713 3750 940 3809 Joanna
966 3748 1203 3826 Graja,⁸
1233 3749 1439 3808 Petrus
1467 3747 1856 3819 Greifenseld,
1889 3749 2066 3828 Hugo
2084 3750 2356 3822 Grotius,
2380 3750 2527 3809 Det·

406 3963 426 3990 ¹
451 3959 705 4023 Christiani
716 3958 912 4009 Henrici
923 3958 1399 4018 Erndt,Dresdensis.
1545 3958 1566 3990 ⁵
1588 3960 1869 4008 Trithemius
1887 3975 1993 4024 cap.
2012 3963 2127 4008 611.
2146 3959 2209 4007 de
2228 3958 2278 4010 S.
2302 3958 2362 4010 E.

404 4025 433 4054 ²
456 4025 585 4073 Vide
598 4025 846 4089 Synesium
867 4024 919 4072 in
939 4024 1099 4076 Dione
1118 4042 1224 4089 pag.
1245 4030 1328 4075 59.
1387 4078 1390 4081 ,
1459 4030 1466 4035 “
1538 4024 1565 4078 ἦ
1585 4024 1697 4075 Act.
1720 4024 1798 4076 Er.
1818 4030 1961 4073 1711.
1980 4038 2088 4087 pag.
2108 4028 2221 4073 150.

405 4088 429 4122 ³
451 4088 682 4145 Eusebius
698 4089 823 4138 Hist.
844 4089 1028 4140 Eccles.
1052 4106 1160 4157 pag.
1182 4095 1294 4140 304.
1538 4089 1562 4123 7
1586 4089 1768 4137 Lettres
1783 4091 1845 4136 de
1866 4089 1963 4139 Mr.
1983 4087 2138 4152 Bayle
2160 4103 2270 4152 pag.
2288 4092 2402 4139 100.

404 4157 435 4189 4
455 4154 651 4202 Miraeus
671 4154 878 4205 auctario
899 4155 961 4202 de
981 4155 1280 4218 scriptoribus
1300 4155 1391 4203 Ec·
1536 4152 1562 4185 ⁸
1581 4154 1707 4203 Acta
1725 4152 1871 4203 Erud.
1897 4157 2042 4204 1708.
2067 4168 2178 4215 pag.
2197 4157 2314 4203 50³.

333 4220 450 4270 eles.
468 4233 580 4281 pag.
602 4223 685 4267 61.
706 4219 821 4266 edit.
844 4235 874 4265 a
895 4235 970 4267 me
990 4227 1178 4271 curam.

479 4297 653 4361 οιιρι..
676 4302 726 4347 ee
748 4298 1011 4349 Vmerus.
1353 4296 1532 4349 Rom.
2282 4302 2314 4345 2
2349 4297 2401 4345 N
