3049 4928
1017 433 1541 482 PfflLOSOPHIAE
1592 433 1737 481 mn.
1788 435 1867 484 ιι.
2401 422 2530 488 151

322 585 725 667 praesentem
770 596 1041 662 quoque
1084 575 1678 661 blandientemque
1755 579 2065 646 virilibus
2085 593 2111 632 ε
2154 582 2534 649 incessere*

324 684 598 764 '‘verbis3
666 701 949 765 eamque
1006 678 1091 743 de
1136 683 1365 743 nostro
1418 679 1626 763 adyto
1689 681 2006 764 prolatis⁶
2025 692 2052 731 ⁸
2109 683 2530 758 insectabare

323 787 703 853 sententiis.
787 782 1045 848 Verum
1094 783 1316 848 omnis
1346 783 1574 848 subita
1600 785 1883 850 mutatio
1906 782 1934 821 ¹¹
1976 805 2193 851 rerum
2225 807 2358 853 non
2387 789 2532 855 sine

327 889 626 975 quodam
680 888 881 972 quasi
932 885 1141 951 fluctu
1194 886 1564 967 contingit³
1634 887 2030 954 animorum.
2120 889 2236 954 Sic
2281 889 2534 956 factum

323 1003 440 1071 est,
468 999 548 1056 ut
579 997 657 1055 tu
690 1009 960 1075 quoque
991 985 1339 1072 paulisper
1381 1007 1425 1052 a
1452 992 1571 1053 tua
1615 990 2091 1073 tranquillitate
2120 991 2530 1059 discesseris.

321 1093 458 1159 Sed
511 1103 786 1178 tempus
834 1088 980 1170 est,¹
1038 1091 1300 1155 haurire
1325 1097 1394 1155 te
1415 1091 1441 1128 '¹
1499 1090 1761 1176 aliquid
1802 1113 1884 1158 ac
1937 1095 2287 1179 degustare
2327 1097 2531 1161 molle

322 1204 530 1280 atque
551 1195 948 1283 jucundum,
993 1194 1176 1279 quod
1228 1193 1315 1258 ad
1349 1194 1669 1260 interiora
1687 1197 1708 1234 ¹
1749 1200 2214 1265 transmissum
2242 1199 2530 1266 validio-

845 1379 872 1414 λ
897 1369 1280 1445 Ὶῑφηιιεηασε.
1372 1375 1390 1410 ⁴
1422 1378 1790 1444 Philosophia-is.

320 1576 492 1629 Hack.
518 1577 934 1642 familiaritatem,
974 1580 1104 1629 dam.
1135 1577 1254 1628 Vid.
1292 1574 1487 1628 inst—8
1522 1578 1653 1643 Reg.
1695 1578 2013 1642 contigit-4
2040 1580 2174 1648 ,Qua
2217 1586 2322 1632 tum
2343 1585 2529 1634 tanum

1323 1693 1543 1744 NOTAE

376 1390 405 1426 ι
439 1382 718 1432 Gener-osis.

1918 1382 1944 1416 ⁵
1976 1385 2171 1436 Animo.
2280 1383 2296 1419 ¹
2327 1386 2531 1438 Mentis.

321 1807 444 1856 ceps
463 1807 492 1855 ³
519 1793 537 1821 ‘
564 1792 771 1844 Mores’
803 1793 1063 1858 ejusdem,
1097 1790 1280 1842 modus
1308 1806 1393 1841 co-

319 1868 557 1933 gitandi,
590 1872 605 1899 ‘
631 1869 882 1920 Meritum
899 1869 915 1894 '
938 1870 1183 1935 denique,
1204 1869 1395 1918 bonum

325 1946 410 1996 vel
439 1947 660 2008 malum,
690 1947 828 2011 quod
853 1947 919 1997 ab
940 1947 1037 1997 hoc
1059 1946 1267 1995 numine
1291 1946 1391 1996 sit:

324 2036 482 2087 quem
521 2022 659 2072 enim
691 2021 900 2073 fortuna
933 2023 1091 2087 erigit
1128 2036 1394 2088 prospera,

330 2097 558 2147 eundem
585 2098 807 2147 adversa
826 2098 1088 2162 deprimit.

389 2182 417 2219 t
450 2175 534 2225 De
575 2181 737 2226 nostro
772 2178 916 2242 adyto
949 2174 1177 2240 prolatis]
1211 2173 1275 2224 Id
1298 2179 1397 2237 est,

326 2252 720 2318 philosophicis.
771 2253 1016 2319 ,Adytum
1037 2253 1175 2303 enim
1200 2260 1283 2302 est
1319 2267 1396 2300 sa-

328 2343 420 2381 cer
443 2331 613 2394 locus,
644 2346 746 2395 quo
768 2331 915 2394 nulli,
937 2338 1280 2395 proeterquam
1303 2328 1395 2378 Sa-

326 2404 554 2469 cerdoti,
590 2406 737 2456 adire
760 2405 837 2455 sas
865 2414 978 2457 estz
1014 2406 1225 2472 adytum
1249 2405 1395 2471 quip-

327 2497 395 2548 pe
418 2498 612 2534 nomen
631 2484 872 2535 Graecum
890 2485 957 2535 ab
978 2502 1026 2550 a,
1047 2484 1183 2550 quod
1209 2489 1397 2532 vocant

329 2560 850 2626 privativum,et86a·,
866 2561 1007 2628 quod
1019 2567 1100 2612 est
1114 2560 1400 2624 ingredior,

331 2642 541 2688 ortum:
579 2638 914 2703 quamobrem
959 2638 1164 2689 Ethnici
1210 2639 1399 2701 locum,

332 2727 399 2764 ex
438 2728 542 2779 quo
584 2717 797 2766 oracula
833 2715 1202 2778 reddebantur,
1251 2729 1400 2764 voca·

333 2788 466 2840 bant
488 2788 691 2841 army:
727 2792 844 2841 AEn.
877 2805 940 2842 11.
974 2806 1050 2841 vs.
1090 2794 1203 2840 114.
1236 2791 1253 2819 ‘
1277 2790 1399 2839 Sus-

333 2867 481 2930 pensi
541 2867 863 2933 Eurypylum
904 2869 1148 2917 scitatum
1187 2865 1401 2915 oracula

331 2944 521 2994 Phoebi
556 2945 848 2995 Mittimus:
885 2942 1033 3009 isque
1072 2943 1246 3008 adytis
1285 2941 1400 2994 haec

331 3021 506 3070 tristia
545 3020 690 3070 dicta
733 3019 1012 3085 reportat)
1074 3020 1206 3071 Cum
1240 3019 1401 3082 igitur

334 3109 486 3145 suum
507 3097 712 3146 dicatur
732 3111 850 3147 esse
885 3095 1229 3159 Philosophiae
1271 3103 1401 3145 tem-

335 3172 498 3235 plum,
533 3186 629 3222 sua
648 3174 892 3235 oracula3
925 3187 1071 3222 snum
1106 3172 1263 3222 etiam
1300 3172 1402 3222 erit

337 3247 687 3313 Philosophiae
726 3250 743 3279 ‘
780 3249 1032 3314 adytum:
1064 3264 1129 3298 ex
1157 3264 1261 3315 quo
1284 3264 1401 3299 suas

338 3327 623 3375 sententias
658 3324 919 3389 proferat:
970 3327 1155 3392 quibus
1196 3335 1403 3378 senten·

338 3476 511 3534 beret,
537 3486 835 3528 ceterorum
853 3486 1115 3528 oratorum
1138 3494 1302 3540 more,
1324 3479 1403 3528 uti

341 3552 579 3604 ‘solebat
606 3553 671 3603 ad
703 3554 1058 3605 incessendam
1094 3562 1404 3650 praesentem

339 3625 797 3693 blandientemque
819 3628 1118 3680 fortunam-⁸

403 3701 430 3737 ¹¹
465 3705 641 3754 Omnis
670 3705 830 3754 subita
857 3707 1079 3769 mutatio,
1110 3706 1220 3770 ξω]
1255 3708 1407 3757 Mens

338 3781 561 3831 humana
571 3789 721 3832 tanta
734 3782 1118 3833 necessitudine
1131 3783 1405 3845 conjuncta

342 3865 442 3923 est,
454 3860 676 3923 primum
693 3859 900 3924 quidem
917 3875 1032 3910 cum
1049 3861 1270 3911 humano
1289 3877 1403 3913 cor·

340 3948 486 4001 pore,
515 3935 710 3985 deinde
734 3950 850 3986 cum
874 3938 1028 4007 rebus
1047 3939 1293 4003 externis,
1324 3940 1402 3990 his

342 4017 400 4062 nt
435 4012 651 4062 mutatis
696 4013 787 4062 illa
826 4021 1070 4063 mutetur
1098 4015 1399 4078 cogitando.

342 4088 414 4139 sic
434 4103 655 4153 corpore
676 4090 809 4139 male
830 4087 1020 4141 affecto
1056 4105 1199 4141 mens
1221 4091 1398 4144 dolet.

344 4162 417 4215 sic
438 4179 539 4215 non
550 4166 664 4214 sine
682 4165 902 4230 quadam
920 4167 1078 4217 animi
1095 4168 1403 4230 aegritudine

341 4240 613 4293 avellimur
647 4256 692 4290 a.
726 4242 916 4305 patria,
968 4244 1037 4293 ab
1080 4245 1276 4308 amicis,
1335 4246 1402 4297 ab

344 4315 557 4383 opibus:
610 4323 771 4383 atque
813 4318 928 4369 haec
977 4321 1200 4372 mutatio
1254 4329 1404 4375 tanto

1469 1790 1635 1856 magis
1655 1792 1897 1856 sentitur,
1930 1800 2123 1858 quanto
2146 1796 2310 1860 magis
2333 1797 2532 1851 subita:

1469 1883 1608 1929 nam,
1649 1875 1708 1919 ut
1752 1868 1826 1919 ait
1875 1870 2177 1933 §.Gregon
2220 1871 2415 1925 Homil.
2453 1878 2537 1926 85.

1469 1944 1485 1973 ‘
1512 1943 1678 1994 minus
1690 1945 1870 2009 jacula
1886 1944 2082 1997 feriunt
2102 1962 2217 2013 quae
2241 1950 2535 2012 previden-

1472 2021 1609 2071 tur:’
1644 2023 1850 2086 gravius
1885 2031 2044 2074 nocet
2077 2025 2435 2093 quodcumque
2458 2028 2536 2078 in-

1471 2106 1748 2162 expertum
1773 2098 1984 2149 accidit.

1543 2174 1558 2209 ¹
1588 2175 1785 2238 Tempus
1809 2174 1906 2238 est]
1939 2175 2257 2226 Continuata
2279 2192 2358 2240 ea,
2383 2194 2536 2244 qnam

1472 2251 1811 2315 Philosophia
1827 2266 1985 2315 supra
2001 2252 2257 2315 adhibuit,
2271 2269 2538 2320 compara-

1474 2327 1639 2390 tione,
1672 2342 1704 2376 a
1724 2327 2030 2391 corporibus
2064 2331 2197 2380 notis
2233 2331 2299 2380 ad
2334 2340 2538 2384 mentes

1474 2407 1859 2470 cognoscendas
1868 2405 2049 2457 eadem
2060 2407 2395 2473 Philosophia
2403 2423 2540 2460 nuuc

1472 2482 1821 2546 progreditur.
1868 2484 2080 2535 Scilicet
2102 2486 2539 2551 quemadmodum

1475 2565 1658 2623 gustus
1700 2573 1914 2623 organa,
1961 2562 2156 2611 haustis
2196 2562 2417 2626 primum
2460 2570 2539 2615 te·

1473 2635 1743 2685 nuioribus
1786 2636 2210 2703 mollioribusque
2248 2640 2396 2703 cibis,
2426 2641 2540 2705 ipso

1476 2724 1572 2760 usu
1608 2711 1684 2761 ita
1717 2710 2086 2775 disponuntur,
2119 2720 2180 2763 ut
2216 2715 2540 2776 gravioribus

1476 2794 1662 2851 postea
1700 2787 2014 2837 sustinendis
2049 2788 2177 2839 fiant
2217 2796 2359 2854 apta,
2381 2791 2541 2854 juxta

1476 2863 1604 2912 illud
1628 2864 1910 2927 Martialis,
1943 2865 2211 2929 Epigram.
2233 2866 2270 2917 l.
2296 2880 2353 2917 v,
2387 2867 2540 2933 Epig.

1476 2943 1560 2990 77.
1597 2943 1613 2968 ‘
1637 2938 1873 2990 Profecit
1893 2947 2018 3005 poto
2038 2941 2369 2993 Mithridates
2398 2958 2542 3009 saepe

1476 3030 1699 3080 veneno,
1749 3017 1954 3068 Toxica
2010 3033 2076 3068 ne
2133 3027 2348 3084 possent
2402 3035 2544 3071 saeva

1477 3107 1668 3144 nocere
1691 3093 1808 3145 sibi.
1872 3096 1956 3146 Tu
1977 3111 2181 3162 quoque
2214 3097 2404 3147 cavisti
2438 3112 2543 3147 οω-

1476 3170 1653 3220 nando
1686 3179 1789 3221 tam
1819 3173 1957 3223 male
1989 3187 2212 3239 semper,
2247 3175 2329 3225 Ne
2364 3189 2545 3240 posses

1478 3261 1724 3311 unquam,
1765 3249 1948 3314 Cinna,
1996 3252 2169 3315 perire
2228 3251 2363 3302 fame
2387 3251 2418 3317 ς’
2467 3254 2542 3303 sic

1420 3372 1426 3377 ,
1479 3335 1623 3371 mens
1672 3325 1911 3388 humana,
1960 3325 2151 3387 auditis
2200 3328 2425 3392 primum
2474 3329 2546 3378 le·

338 3401 425 3450 tiis
442 3400 715 3463 Boethius,
738 3402 860 3453 dum
883 3404 1289 3467 prosperitatem
1319 3404 1426 3452 har

1478 3397 1709 3448 vioribus
1759 3402 2095 3464 argumentis,
2148 3405 2320 3469 aptior
2371 3404 2545 3456 reddi-

1480 3481 1570 3526 tur
1620 3475 1686 3525 ad
1736 3478 2078 3542 percipienda
2122 3482 2362 3544 graviora
2393 3496 2544 3546 argu·

1480 3558 1676 3616 menta,
1730 3553 1916 3618 quibus
1979 3554 2047 3604 ab
2111 3557 2372 3607 erroribus
2436 3557 2544 3609 suis

1481 3630 1651 3694 possit
1690 3628 1919 3680 liberari.
1984 3631 2278 3696 Propterea
2315 3634 2547 3685 Philoso-

1482 3706 1624 3770 phia,
1662 3705 1889 3757 firmiora
1940 3707 2192 3772 deinceps
2236 3716 2546 3774 argumenta

1484 3783 1837 3847 prepositura,
1851 3797 1987 3833 nunc
2004 3784 2190 3849 incipit
2206 3800 2236 3835 a
2249 3785 2550 3848 levioribus,

1486 3873 1604 3923 quaa
1627 3859 1793 3908 soluta
1815 3859 2026 3923 partim,
2043 3859 2337 3925 partimque
2361 3861 2547 3912 stricta

1484 3935 1722 3985 oratione
1773 3934 2007 3998 exponit.
2092 3936 2314 3986 Leviora
2370 3944 2547 3988 autem

1482 4012 1597 4061 haec
1640 4018 1949 4075 argumenta
1986 4011 2119 4063 dicit
2155 4027 2270 4063 esse
2307 4021 2365 4063 et
2396 4014 2413 4042 ‘
2435 4029 2551 4063 sua·

1483 4088 1647 4139 delae'
1702 4098 1759 4139 et
1814 4090 1844 4153 y‘
1881 4089 2155 4140 rhetorica*
2207 4090 2494 4140 dulcedinis
2511 4091 2547 4140 ι’

1480 4166 1781 4218 ‘suadelas'
1816 4166 2058 4232 quidem3
2090 4166 2364 4216 ‘suadela'
2385 4166 2546 4230 enim,

1481 4245 1591 4294 sive
1620 4247 1638 4273 ⁴
1662 4242 1861 4307 suada,'
1890 4250 1974 4294 est
1997 4245 2156 4293 virtus
2181 4242 2547 4309 persuasionis,

1481 4337 1598 4391 quie
1643 4321 1870 4400 antiquis
1910 4318 2189 4371 dicebatur
2230 4320 2378 4371 Deaz
2424 4320 2546 4372 hinc
