3049 4928
1004 446 1123 495 PHl
1141 441 1535 493 LosopntAE'
1575 445 1717 494 mn.
1770 446 1817 492 1⁶

2383 428 2513 492 137

825 591 971 655 Nec
1002 609 1264 674 quaeras
1295 589 1500 656 avida
1529 609 1733 655 manu
1751 587 1779 626 ¹¹

819 692 1083 757 Vernos
1115 694 1434 775 stringere
1461 693 1798 776 palmites,

822 794 995 860 Uvis
1025 796 1084 858 si
1113 793 1319 860 libeat
1344 794 1476 860 frui
1500 815 1519 874 ;

818 893 1162 961 Autumno
1190 898 1413 981 potius
1446 917 1575 962 sua

825 999 1141 1065 Bacchus
1172 1019 1447 1066 munera
1476 1000 1773 1066 contulit.

2422 997 2510 1062 15

820 1103 1057 1184 Signat
1087 1111 1387 1188 tempora
1417 1104 1708 1188 propriis

821 1203 1084 1288 Aptans
1115 1204 1355 1271 officiis
1386 1206 1579 1270 Deus
1605 1202 1661 1285 3³

817 1306 965 1371 Nec
996 1328 1168 1392 quas
1195 1309 1342 1392 ipse
1373 1307 1695 1384 edomuit,

821 1406 1101 1474 Misceri
1131 1411 1381 1494 patitur
1409 1410 1612 1475 vices·

293 1630 374 1694 que·
393 1623 549 1670 tentes
585 1634 730 1669 verno
766 1625 971 1684 tempore
992 1622 1171 1672 vincire
1191 1628 1275 1672 aut
1290 1628 1461 1687 putare
1482 1622 1608 1674 vites
1628 1636 1768 1670 πιαιιιι
1794 1619 1948 1672 veluti
1967 1620 2159 1683 cupida,
2178 1619 2222 1668 si
2251 1616 2405 1680 possis
2422 1630 2506 1678 po-

292 1686 375 1730 tera
394 1684 623 1732 racemis:
658 1699 768 1732 uam
790 1687 1006 1735 Bacchus
1036 1689 1166 1736 dedit
1187 1703 1275 1737 sua
1305 1688 1407 1738 lucc
1425 1690 1549 1737 dona
1570 1687 1810 1736 Autumno
1828 1686 2006 1750 potius,
2043 1698 2182 1749 quam
2213 1684 2366 1733 Verno
2387 1686 2507 1730 tem-

288 1760 412 1806 pore.
465 1750 605 1800 Deus
624 1753 763 1798 notat
785 1757 1016 1801 momenta
1037 1754 1212 1815 omnia,
1232 1768 1318 1802 sua
1338 1754 1542 1815 singulis
1561 1751 1832 1801 muneribus
1849 1752 2216 1810 accommodans,
2228 1763 2372 1811 neque
2390 1744 2508 1794 sinit

1286 1898 1504 1947 NOTAE

351 2016 374 2049 Ι·
409 2020 514 2068 Nec
538 2035 733 2083 qna-ras
767 2022 911 2070 avida
945 2022 1106 2087 manu]
1145 2036 1229 2073 ιιι.
1250 2023 1354 2072 Ex-

293 2096 458 2156 emplo
500 2096 777 2146 vindemiae
813 2099 1083 2163 probatur,
1118 2114 1208 2149 sua
1252 2101 1356 2149 sin-

293 2172 417 2233 gulis
441 2174 601 2223 rebus
626 2182 865 2239 tempora
894 2178 1201 2226 conveniret
1239 2192 1355 2227 cum

291 2249 418 2298 euim
445 2251 712 2301 vindemia
736 2253 996 2303 Autumno
1019 2255 1135 2319 fiat,
1166 2254 1356 2305 frustra

291 2328 381 2377 hoc
425 2334 924 2398 tempore‘quaeras
970 2350 1153 2385 vernos
1199 2335 1355 2385 strin-

291 2416 407 2468 gere
452 2410 700 2472 palmites
721 2410 754 2460 τ’
803 2411 988 2478 quibus
1035 2411 1208 2462 verbis
1253 2412 1353 2461 dis-

291 2485 447 2535 tincta
471 2488 630 2536 Veris
665 2495 719 2537 et
744 2488 996 2539 Autumni
1031 2488 1199 2540 officia
1233 2504 1354 2554 pro·

292 2568 568 2622 ponuntur.
642 2564 877 2614 Primum
935 2566 1145 2632 quidem
1193 2581 1355 2616 veruo

290 2646 516 2703 tempore
563 2642 657 2691 alii
701 2643 942 2707 palmites
996 2650 1354 2708 amputantur,

289 2715 367 2763 alii
404 2718 710 2768 vinciuntur
730 2726 961 2770 tantum:
998 2721 1134 2785 quod
1160 2728 1355 2771 utrum-

289 2805 382 2863 que
417 2793 542 2842 dum
584 2801 805 2858 praestat
840 2796 1079 2859 agricola,
1098 2797 1356 2860 stringere

289 2866 507 2921 dicitur:
572 2873 789 2935 stringit
842 2875 976 2922 enim
1029 2879 1085 2923 et
1138 2870 1354 2922 frondes

288 2959 405 3008 quas
442 2949 672 3013 colligit,
723 2957 780 2998 ut
819 2964 859 2999 1.
894 2949 1091 3013 Georg.
1127 2964 1201 2998 vs.
1238 2953 1352 2999 305.

288 3024 300 3048 ‘
326 3024 424 3073 Sed
449 3032 630 3075 tamen
655 3034 709 3074 et
733 3041 952 3090 quernas
987 3025 1202 3089 glandes
1227 3033 1351 3077 tunc

291 3100 538 3165 stringere
590 3111 816 3166 tempus,
855 3102 925 3169 Et
972 3102 1104 3151 lauri
1146 3102 1350 3164 baccas,

290 3176 552 3242 oleamque
577 3174 898 3243 cruentaque
923 3179 1124 3244 myrta-⁵
1177 3180 1247 3228 Et
1270 3194 1351 3228 ra·

291 3265 398 3301 mos
444 3269 577 3319 quos
633 3255 783 3319 ligat,
829 3264 887 3305 ut
944 3255 1071 3305 ibid.
1113 3271 1192 3305 vs-
1233 3258 1347 3305 31⁷.

290 3328 562 3392 ‘Agricola
602 3338 658 3381 et
692 3330 867 3394 fragili
910 3331 1022 3395 jam
1064 3333 1351 3395 stringeret

296 3404 480 3456 hordea
503 3407 716 3457 culmo!
783 3407 960 3471 Atque
985 3408 1205 3471 idipsum
1228 3407 1355 3459 dici-

291 3487 367 3529 tur
388 3483 498 3533 fieri
518 3486 534 3512 ‘
551 3483 705 3532 avida
726 3498 879 3533 manu
900 3483 933 3533 :'
969 3497 1085 3533 cum
1108 3483 1242 3532 enim
1267 3483 1355 3532 ho·

289 3571 366 3606 mo
388 3559 584 3625 aliquid
614 3560 763 3609 valde
789 3558 996 3623 appetit
1017 3558 1236 3623 quadam
1272 3559 1351 3610 sui

293 3637 515 3698 corporis
540 3645 694 3699 parte
729 3635 934 3700 exequi,
957 3643 1065 3689 tum
1102 3636 1351 3684 translata

295 3712 506 3773 quadam
542 3711 947 3775 significatione,
982 3728 1101 3776 pars
1134 3713 1223 3761 illa
1246 3713 1350 3763 dici

289 3789 419 3838 solet
439 3789 454 3816 ‘
475 3788 669 3838 avida!
721 3789 813 3838 Sic
837 3803 985 3837 aures
1011 3788 1249 3838 Ciceroni
1274 3787 1349 3837 ‹li-

290 3875 467 3915 cuntur
510 3865 712 3916 avidae:
767 3866 783 3894 ‘
812 3864 1227 3927 Demosthenes‚'
1272 3864 1349 3913 in-

290 3941 396 4003 quit
432 3942 499 3992 de
539 3941 695 3990 Orat.
729 3941 745 3968 ‘
771 3955 873 3990 non
920 3956 1126 4004 semper
1167 3940 1351 4004 implet

290 4030 430 4066 aures
455 4032 626 4069 meas:
665 4016 742 4066 ita
772 4022 895 4066 sunt
924 4016 1090 4069 avidae
1122 4026 1176 4066 et
1199 4031 1350 4080 capa·

291 4105 388 4150 ces,
409 4101 463 4143 et
484 4104 690 4156 semper
710 4092 906 4156 aliquid
940 4092 1242 4145 immensum
1263 4093 1342 4142 in·

290 4166 583 4236 finitumque
629 4170 959 4220 desiderant.’
1025 4171 1113 4223 Sic
1159 4186 1341 4223 manus

289 4242 406 4305 ipsae
424 4246 648 4295 Horatio
665 4245 910 4295 dicuntur
929 4245 1115 4296 avidae.
1166 4247 1340 4298 Canu.

291 4318 415 4369 l.1v.
437 4321 543 4372 Od.
563 4327 613 4372 7.
681 4324 696 4351 ‘
726 4323 926 4375 Cuncta
958 4337 1140 4375 manus
1162 4323 1341 4375 avidas

1435 2024 1637 2089 fugient
1668 2023 1909 2086 haeredis,
1937 2022 2104 2072 amico
2140 2021 2274 2072 Qum
2295 2018 2505 2069 dederis

1436 2102 1646 2154 animo!
1728 2102 2053 2164 Quicumque
2099 2105 2272 2147 autem
2318 2110 2507 2146 vernos

1438 2179 1677 2243 palmites
1695 2177 1923 2239 stringit,
1936 2176 2021 2224 hic
2040 2176 2110 2225 ita
2128 2172 2335 2237 appetit
2350 2171 2507 2220 stria·

1437 2270 1580 2319 gere,
1602 2262 1662 2304 ut
1685 2254 1929 2303 videatur
1968 2252 2173 2312 timere,
2193 2263 2258 2298 ne
2294 2246 2506 2298 desinat

1435 2333 1714 2397 stringere.
1748 2329 1954 2379 Deinde
1982 2328 2273 2376 Autumnus
2296 2325 2374 2373 sic
2393 2324 2507 2372 uvi·

1434 2408 1734 2473 colligendis
1771 2404 2208 2466 accommodatur,
2227 2401 2307 2450 his
2337 2406 2398 2450 ut
2418 2399 2506 2448 ille

1435 2503 1466 2537 a
1498 2488 1680 2538 Poetis
1715 2488 1883 2536 soleat
1917 2483 2175 2534 describi:
2222 2480 2358 2546 quod
2394 2479 2506 2529 vul-

1434 2565 1756 2628 gatissimum
1778 2568 1890 2611 est:
1929 2562 2144 2609 Lucret.
2168 2558 2204 2606 l.
2229 2570 2268 2605 1.
2325 2555 2505 2605 ‘Prae-

1435 2647 1582 2689 terea
1617 2653 1710 2689 cur
1732 2640 1873 2687 Vere
1909 2650 2092 2699 rosam,
2117 2633 2378 2683 frumenta
2409 2632 2510 2681 Ca-

1436 2718 1566 2778 lore,
1587 2713 1759 2764 Vitels
1798 2712 2062 2762 Autumno
2098 2709 2248 2759 fundi
2282 2707 2502 2757 sudante

1436 2790 1692 2850 videmus,
1715 2789 1768 2836 Si
1792 2802 1890 2837 uon
1927 2794 2075 2836 certa
2109 2799 2201 2834 suo
2226 2784 2351 2848 quia
2372 2790 2501 2833 tem-

1434 2880 1566 2931 pore
1607 2865 1803 2914 semina
1842 2877 2034 2912 rerum.
2099 2861 2228 2910 Cum
2273 2858 2505 2910 conflux-

1434 2951 1610 3004 erunt,
1643 2941 1829 3004 patefit
1868 2938 2228 3004 quodcumque
2260 2936 2503 2997 creatur)

1434 3019 1575 3068 Hinc
1598 3020 1614 3046 ‘
1629 3017 1897 3067 Autumno
1916 3030 2010 3066 sua
2028 3015 2263 3064 Bacchus
2288 3026 2504 3061 munera

1432 3095 1711 3147 contulisse
1728 3093 1742 3117 '
1768 3094 1978 3155 dicitur,
1999 3095 2175 3156 potius
2194 3105 2348 3156 quam
2371 3090 2502 3138 Ver-

1431 3189 1499 3224 no
1523 3181 1764 3237 tempore
1785 3189 1798 3222 :
1835 3171 1974 3237 quod
1999 3170 2133 3220 enim
2158 3168 2398 3219 Bacchus
2427 3168 2502 3216 iu-

1433 3258 1619 3300 ventor
1653 3249 1757 3298 vini
1789 3249 2066 3310 habeatur,
2088 3261 2271 3296 munus
2307 3245 2504 3296 Bacchi

1432 3334 1511 3377 est
1548 3326 1742 3388 vinum,
1775 3326 1947 3374 vinum
1988 3332 2165 3374 autem
2203 3338 2307 3372 non
2345 3323 2505 3384 Vere,

1434 3403 1526 3457 sed
1547 3402 1811 3455 Autumno
1834 3401 2143 3464 compressis
2164 3399 2276 3449 uvis
2291 3396 2502 3448 effluere

1436 3479 1735 3528 consuevit:
1774 3492 1939 3542 usque
1978 3475 2331 3537 adeo‘messe,
2363 3472 2500 3523 flori-

1436 3555 1553 3616 bus,
1574 3562 1632 3605 et
1665 3553 1924 3603 vindemia
1958 3558 2184 3613 constat,
2206 3566 2297 3600 sua
2330 3549 2502 3613 singu-

1433 3630 1493 3680 lis
1534 3631 1686 3681 rebus
1741 3627 2048 3694 praescripta
2092 3642 2204 3677 esse
2251 3627 2500 3676 divinitus

1431 3716 1688 3773 tempora.

1509 3783 1521 3817 ¹
1543 3784 1718 3845 Signat
1751 3788 1960 3845 tempora
1991 3781 2199 3845 propriis
2220 3781 2412 3846 Aptans
2432 3781 2503 3841 os-

1414 3859 1555 3924 ficiis
1576 3857 1735 3921 Deus]
1766 3857 1910 3906 Deus
1932 3857 2068 3905 enim
2086 3864 2168 3906 est
2190 3857 2358 3921 prima
2379 3872 2502 3907 cau-

1432 3952 1489 3988 sa
1510 3950 1614 3985 non
1649 3937 1811 3986 solum
1850 3949 2018 3984 rerum
2055 3941 2372 3999 ceterarum,
2405 3937 2499 3987 sed

1431 4013 1699 4064 modorum
1736 4013 1893 4063 etiam
1929 4011 2153 4063 omnium
2189 4013 2375 4077 quibus
2415 4028 2499 4064 res

1431 4090 1533 4144 illae
1576 4097 1722 4143 recte
1758 4103 1815 4139 se
1857 4087 2072 4152 habent,
2103 4088 2234 4141 adeo
2272 4095 2332 4139 ut
2371 4090 2497 4142 nihil

1421 4182 1601 4220 eorum
1619 4167 1911 4228 contingat,
1927 4165 2025 4214 uisi
2044 4165 2328 4219 secundum
2351 4165 2494 4227 leges

1421 4245 1599 4296 divina
1622 4245 1890 4294 voluntate
1913 4248 2136 4292 statutas
2164 4257 2178 4290 e
2216 4248 2496 4305 propterea

1422 4321 1763 4373 Ecclesiastae
1777 4317 2052 4371 111.‘omnia
2068 4323 2270 4382 tempus
2283 4316 2502 4384 babent,
