<?xml version="1.0" encoding="UTF-8"?>
<!DOCTYPE html PUBLIC "-//W3C//DTD XHTML 1.0 Transitional//EN"
    "http://www.w3.org/TR/xhtml1/DTD/xhtml1-transitional.dtd">
<html xmlns="http://www.w3.org/1999/xhtml" xml:lang="en" lang="en">
 <head>
  <title>
</title>
<meta http-equiv="Content-Type" content="text/html;charset=utf-8" />
  <meta name='ocr-system' content='tesseract 3.04.00' />
  <meta name='ocr-capabilities' content='ocr_page ocr_carea ocr_par ocr_line ocrx_word'/>
</head>
<body>
  <div class='ocr_page' id='page_1' title='image "./deconsolationep00boetgoog_0106.png"; bbox 0 0 3049 4928; ppageno 0'>
   <div class='ocr_carea' id='block_1_1' title="bbox 514 370 612 436">
    <p class='ocr_par' dir='ltr' id='par_1_1' title="bbox 514 370 612 436">
     <span class='ocr_line' id='line_1_1' title="bbox 514 370 612 436; baseline 0 0"><span class='ocrx_word' id='word_1_1' title='bbox 514 370 612 436; x_wconf 77' lang='lat'><strong>96</strong></span> 
     </span>
    </p>
   </div>
   <div class='ocr_carea' id='block_1_2' title="bbox 1219 385 2034 436">
    <p class='ocr_par' dir='ltr' id='par_1_2' title="bbox 1219 385 2034 436">
     <span class='ocr_line' id='line_1_2' title="bbox 1219 385 2034 436; baseline 0 -2"><span class='ocrx_word' id='word_1_2' title='bbox 1219 385 1524 434; x_wconf 75' lang='lat' dir='ltr'><strong>Bom&#39;un</strong></span> <span class='ocrx_word' id='word_1_3' title='bbox 1579 387 1675 434; x_wconf 84' lang='lat' dir='ltr'><strong>DE</strong></span> <span class='ocrx_word' id='word_1_4' title='bbox 1725 385 2034 436; x_wconf 68' lang='lat' dir='ltr'><strong>coNson.</strong></span> 
     </span>
    </p>
   </div>
   <div class='ocr_carea' id='block_1_3' title="bbox 1511 531 1725 582">
    <p class='ocr_par' dir='ltr' id='par_1_3' title="bbox 1511 531 1725 582">
     <span class='ocr_line' id='line_1_3' title="bbox 1511 531 1725 582; baseline -0.005 0"><span class='ocrx_word' id='word_1_5' title='bbox 1511 531 1725 582; x_wconf 75' lang='lat' dir='ltr'>NOTAE</span> 
     </span>
    </p>
   </div>
   <div class='ocr_carea' id='block_1_4' title="bbox 526 623 1609 693">
    <p class='ocr_par' dir='ltr' id='par_1_4' title="bbox 526 623 1609 693">
     <span class='ocr_line' id='line_1_4' title="bbox 526 623 1609 693; baseline 0 -16"><span class='ocrx_word' id='word_1_6' title='bbox 526 625 664 693; x_wconf 86' lang='lat' dir='ltr'><strong>quod</strong></span> <span class='ocrx_word' id='word_1_7' title='bbox 698 623 1047 691; x_wconf 82' lang='lat' dir='ltr'><strong>tranquillitas</strong></span> <span class='ocrx_word' id='word_1_8' title='bbox 1087 625 1262 690; x_wconf 86' lang='lat' dir='ltr'><strong>animi,</strong></span> <span class='ocrx_word' id='word_1_9' title='bbox 1291 642 1322 677; x_wconf 97' lang='lat' dir='ltr'><strong>a</strong></span> <span class='ocrx_word' id='word_1_10' title='bbox 1356 642 1458 693; x_wconf 84' lang='lat' dir='ltr'><strong>qua</strong></span> <span class='ocrx_word' id='word_1_11' title='bbox 1503 642 1609 677; x_wconf 86' lang='lat' dir='ltr'><strong>re·-</strong></span> 
     </span>
    </p>
   </div>
   <div class='ocr_carea' id='block_1_5' title="bbox 522 702 1589 998">
    <p class='ocr_par' dir='ltr' id='par_1_5' title="bbox 522 702 1589 998">
     <span class='ocr_line' id='line_1_5' title="bbox 525 702 1587 767; baseline 0 -14"><span class='ocrx_word' id='word_1_12' title='bbox 525 702 704 765; x_wconf 85' lang='lat' dir='ltr'><strong>cessit,</strong></span> <span class='ocrx_word' id='word_1_13' title='bbox 758 702 968 767; x_wconf 89' lang='lat' dir='ltr'><strong>propria</strong></span> <span class='ocrx_word' id='word_1_14' title='bbox 1019 702 1088 752; x_wconf 87' lang='lat' dir='ltr'><strong>sit</strong></span> <span class='ocrx_word' id='word_1_15' title='bbox 1142 703 1373 767; x_wconf 87' lang='lat' dir='ltr'><strong>ejusdem</strong></span> <span class='ocrx_word' id='word_1_16' title='bbox 1428 704 1587 753; x_wconf 90' lang='lat' dir='ltr'><strong>animi</strong></span> 
     </span>
     <span class='ocr_line' id='line_1_6' title="bbox 524 779 1589 846; baseline 0 -15"><span class='ocrx_word' id='word_1_17' title='bbox 524 779 710 841; x_wconf 76' lang='lat' dir='ltr'><strong>sedes3</strong></span> <span class='ocrx_word' id='word_1_18' title='bbox 742 786 791 831; x_wconf 80' lang='lat'><strong>6.</strong></span> <span class='ocrx_word' id='word_1_19' title='bbox 812 781 828 809; x_wconf 89' lang='lat'>‘</span> <span class='ocrx_word' id='word_1_20' title='bbox 854 779 1023 830; x_wconf 82' lang='lat' dir='ltr'><strong>nectit</strong></span> <span class='ocrx_word' id='word_1_21' title='bbox 1041 786 1275 830; x_wconf 90' lang='lat' dir='ltr'><strong>catenam</strong></span> <span class='ocrx_word' id='word_1_22' title='bbox 1298 795 1399 846; x_wconf 89' lang='lat' dir='ltr'><strong>qua</strong></span> <span class='ocrx_word' id='word_1_23' title='bbox 1416 782 1589 831; x_wconf 86' lang='lat' dir='ltr'><strong>valeat</strong></span> 
     </span>
     <span class='ocr_line' id='line_1_7' title="bbox 523 855 1587 922; baseline -0.004 -14"><span class='ocrx_word' id='word_1_24' title='bbox 523 857 660 908; x_wconf 86' lang='lat' dir='ltr'><strong>trahi</strong></span> <span class='ocrx_word' id='word_1_25' title='bbox 677 855 710 919; x_wconf 70' lang='grc' dir='ltr'><strong>ς’</strong></span> <span class='ocrx_word' id='word_1_26' title='bbox 743 855 881 921; x_wconf 88' lang='lat' dir='ltr'><strong>quod</strong></span> <span class='ocrx_word' id='word_1_27' title='bbox 899 871 1045 920; x_wconf 87' lang='lat' dir='ltr'><strong>spem</strong></span> <span class='ocrx_word' id='word_1_28' title='bbox 1068 861 1384 922; x_wconf 88' lang='lat' dir='ltr'><strong>metumque,</strong></span> <span class='ocrx_word' id='word_1_29' title='bbox 1401 856 1587 922; x_wconf 86' lang='lat' dir='ltr'><strong>quibus</strong></span> 
     </span>
     <span class='ocr_line' id='line_1_8' title="bbox 522 933 1587 998; baseline 0.001 -15"><span class='ocrx_word' id='word_1_30' title='bbox 522 940 584 984; x_wconf 91' lang='lat' dir='ltr'><strong>ut</strong></span> <span class='ocrx_word' id='word_1_31' title='bbox 606 934 798 985; x_wconf 87' lang='lat' dir='ltr'><strong>ceteris</strong></span> <span class='ocrx_word' id='word_1_32' title='bbox 821 933 1300 998; x_wconf 89' lang='lat' dir='ltr'><strong>perturbationibus</strong></span> <span class='ocrx_word' id='word_1_33' title='bbox 1330 948 1472 984; x_wconf 87' lang='lat' dir='ltr'><strong>meus</strong></span> <span class='ocrx_word' id='word_1_34' title='bbox 1495 935 1587 984; x_wconf 85' lang='lat' dir='ltr'><strong>hu·</strong></span> 
     </span>
    </p>
   </div>
   <div class='ocr_carea' id='block_1_6' title="bbox 420 1008 1588 1077">
    <p class='ocr_par' dir='ltr' id='par_1_6' title="bbox 420 1008 1588 1077">
     <span class='ocr_line' id='line_1_9' title="bbox 420 1008 1588 1077; baseline -0.002 -15"><span class='ocrx_word' id='word_1_35' title='bbox 420 1008 428 1018; x_wconf 83' lang='lat'>’</span> <span class='ocrx_word' id='word_1_36' title='bbox 521 1026 679 1062; x_wconf 86' lang='lat' dir='ltr'><strong>mana</strong></span> <span class='ocrx_word' id='word_1_37' title='bbox 729 1011 951 1075; x_wconf 78' lang='lat' dir='ltr'><strong>rapitur,</strong></span> <span class='ocrx_word' id='word_1_38' title='bbox 996 1011 1317 1074; x_wconf 82' lang='lat' dir='ltr'><strong>conceperit,</strong></span> <span class='ocrx_word' id='word_1_39' title='bbox 1367 1025 1588 1077; x_wconf 91' lang='lat' dir='ltr'><strong>concep-</strong></span> 
     </span>
    </p>
   </div>
   <div class='ocr_carea' id='block_1_7' title="bbox 522 1085 1589 1306">
    <p class='ocr_par' dir='ltr' id='par_1_7' title="bbox 522 1085 1589 1306">
     <span class='ocr_line' id='line_1_10' title="bbox 524 1085 1589 1153; baseline -0.002 -14"><span class='ocrx_word' id='word_1_40' title='bbox 524 1096 711 1152; x_wconf 90' lang='lat' dir='ltr'><strong>tosque</strong></span> <span class='ocrx_word' id='word_1_41' title='bbox 724 1085 903 1137; x_wconf 82' lang='lat' dir='ltr'><strong>fovere</strong></span> <span class='ocrx_word' id='word_1_42' title='bbox 920 1087 1201 1138; x_wconf 76' lang='lat' dir='ltr'><strong>studuerit.</strong></span> <span class='ocrx_word' id='word_1_43' title='bbox 1240 1088 1427 1153; x_wconf 86' lang='lat' dir='ltr'><strong>Neque</strong></span> <span class='ocrx_word' id='word_1_44' title='bbox 1448 1087 1589 1138; x_wconf 88' lang='lat' dir='ltr'><strong>aliud</strong></span> 
     </span>
     <span class='ocr_line' id='line_1_11' title="bbox 522 1162 1589 1229; baseline -0.001 -15"><span class='ocrx_word' id='word_1_45' title='bbox 522 1163 673 1214; x_wconf 89' lang='lat' dir='ltr'><strong>nobis</strong></span> <span class='ocrx_word' id='word_1_46' title='bbox 713 1164 799 1213; x_wconf 85' lang='lat' dir='ltr'><strong>bic</strong></span> <span class='ocrx_word' id='word_1_47' title='bbox 846 1162 1055 1213; x_wconf 80' lang='lat' dir='ltr'><strong>videtur</strong></span> <span class='ocrx_word' id='word_1_48' title='bbox 1094 1164 1428 1214; x_wconf 74' lang='lat' dir='ltr'><strong>annotatione</strong></span> <span class='ocrx_word' id='word_1_49' title='bbox 1477 1165 1589 1229; x_wconf 83' lang='lat' dir='ltr'><strong>dig-</strong></span> 
     </span>
     <span class='ocr_line' id='line_1_12' title="bbox 523 1237 1587 1306; baseline 0 -15"><span class='ocrx_word' id='word_1_50' title='bbox 523 1256 666 1304; x_wconf 89' lang='lat' dir='ltr'><strong>num,</strong></span> <span class='ocrx_word' id='word_1_51' title='bbox 686 1240 787 1290; x_wconf 87' lang='lat' dir='ltr'><strong>nisi</strong></span> <span class='ocrx_word' id='word_1_52' title='bbox 810 1237 948 1289; x_wconf 86' lang='lat' dir='ltr'><strong>forte</strong></span> <span class='ocrx_word' id='word_1_53' title='bbox 968 1239 1361 1306; x_wconf 79' lang='lat' dir='ltr'><strong>interpretatio,</strong></span> <span class='ocrx_word' id='word_1_54' title='bbox 1383 1248 1440 1291; x_wconf 89' lang='lat' dir='ltr'><strong>et</strong></span> <span class='ocrx_word' id='word_1_55' title='bbox 1464 1255 1587 1291; x_wconf 88' lang='lat' dir='ltr'><strong>usus</strong></span> 
     </span>
    </p>
   </div>
   <div class='ocr_carea' id='block_1_8' title="bbox 523 1317 1612 1385">
    <p class='ocr_par' dir='ltr' id='par_1_8' title="bbox 523 1317 1612 1385">
     <span class='ocr_line' id='line_1_13' title="bbox 523 1317 1612 1385; baseline -0.002 -15"><span class='ocrx_word' id='word_1_56' title='bbox 523 1319 679 1384; x_wconf 81' lang='lat' dir='ltr'><strong>hujus</strong></span> <span class='ocrx_word' id='word_1_57' title='bbox 698 1318 837 1368; x_wconf 84' lang='lat' dir='ltr'><strong>vocis</strong></span> <span class='ocrx_word' id='word_1_58' title='bbox 869 1318 885 1346; x_wconf 82' lang='lat'>⁸</span> <span class='ocrx_word' id='word_1_59' title='bbox 908 1317 1149 1383; x_wconf 79' lang='lat' dir='ltr'><strong>clypeus’</strong></span> <span class='ocrx_word' id='word_1_60' title='bbox 1179 1333 1260 1369; x_wconf 67' lang='lat' dir='ltr'><strong>ns.</strong></span> <span class='ocrx_word' id='word_1_61' title='bbox 1283 1322 1363 1370; x_wconf 79' lang='lat'><strong>1⁷.</strong></span> <span class='ocrx_word' id='word_1_62' title='bbox 1426 1320 1442 1348; x_wconf 89' lang='lat'>‘</span> <span class='ocrx_word' id='word_1_63' title='bbox 1467 1320 1612 1385; x_wconf 78' lang='lat' dir='ltr'><strong>Cly·-</strong></span> 
     </span>
    </p>
   </div>
   <div class='ocr_carea' id='block_1_9' title="bbox 523 1392 1587 1459">
    <p class='ocr_par' dir='ltr' id='par_1_9' title="bbox 523 1392 1587 1459">
     <span class='ocr_line' id='line_1_14' title="bbox 523 1392 1587 1459; baseline 0.001 -16"><span class='ocrx_word' id='word_1_64' title='bbox 523 1392 682 1459; x_wconf 87' lang='lat' dir='ltr'><strong>peus&#39;</strong></span> <span class='ocrx_word' id='word_1_65' title='bbox 718 1401 913 1456; x_wconf 89' lang='lat' dir='ltr'><strong>autem,</strong></span> <span class='ocrx_word' id='word_1_66' title='bbox 953 1395 1186 1458; x_wconf 77' lang='lat' dir='ltr'><strong>clupeus,</strong></span> <span class='ocrx_word' id='word_1_67' title='bbox 1220 1394 1442 1459; x_wconf 84' lang='lat' dir='ltr'><strong>clipeus,</strong></span> <span class='ocrx_word' id='word_1_68' title='bbox 1479 1397 1587 1459; x_wconf 83' lang='lat' dir='ltr'><strong>cly-</strong></span> 
     </span>
    </p>
   </div>
   <div class='ocr_carea' id='block_1_10' title="bbox 451 1469 1587 1536">
    <p class='ocr_par' dir='ltr' id='par_1_10' title="bbox 451 1469 1587 1536">
     <span class='ocr_line' id='line_1_15' title="bbox 451 1469 1587 1536; baseline 0.003 -18"><span class='ocrx_word' id='word_1_69' title='bbox 451 1487 454 1488; x_wconf 56' lang='grc'>’</span> <span class='ocrx_word' id='word_1_70' title='bbox 523 1484 700 1535; x_wconf 87' lang='lat' dir='ltr'><strong>peum,</strong></span> <span class='ocrx_word' id='word_1_71' title='bbox 728 1469 991 1535; x_wconf 87' lang='lat' dir='ltr'><strong>clupeum,</strong></span> <span class='ocrx_word' id='word_1_72' title='bbox 1034 1476 1090 1519; x_wconf 84' lang='lat' dir='ltr'><strong>et</strong></span> <span class='ocrx_word' id='word_1_73' title='bbox 1130 1470 1379 1534; x_wconf 89' lang='lat' dir='ltr'><strong>clipeum,</strong></span> <span class='ocrx_word' id='word_1_74' title='bbox 1419 1485 1587 1536; x_wconf 90' lang='lat' dir='ltr'><strong>neque</strong></span> 
     </span>
    </p>
   </div>
   <div class='ocr_carea' id='block_1_11' title="bbox 524 1546 1588 1615">
    <p class='ocr_par' dir='ltr' id='par_1_11' title="bbox 524 1546 1588 1615">
     <span class='ocr_line' id='line_1_16' title="bbox 524 1546 1588 1615; baseline -0.002 -16"><span class='ocrx_word' id='word_1_75' title='bbox 524 1547 723 1615; x_wconf 84' lang='lat' dir='ltr'><strong>origine</strong></span> <span class='ocrx_word' id='word_1_76' title='bbox 755 1561 924 1613; x_wconf 88' lang='lat' dir='ltr'><strong>neque</strong></span> <span class='ocrx_word' id='word_1_77' title='bbox 961 1562 1054 1597; x_wconf 89' lang='lat' dir='ltr'><strong>usu</strong></span> <span class='ocrx_word' id='word_1_78' title='bbox 1087 1547 1236 1598; x_wconf 87' lang='lat' dir='ltr'><strong>nobis</strong></span> <span class='ocrx_word' id='word_1_79' title='bbox 1269 1546 1484 1599; x_wconf 84' lang='lat' dir='ltr'><strong>differre</strong></span> <span class='ocrx_word' id='word_1_80' title='bbox 1516 1548 1588 1597; x_wconf 84' lang='lat' dir='ltr'><strong>vi·</strong></span> 
     </span>
    </p>
   </div>
   <div class='ocr_carea' id='block_1_12' title="bbox 1665 627 2733 1618">
    <p class='ocr_par' dir='ltr' id='par_1_12' title="bbox 1665 627 2731 1618">
     <span class='ocr_line' id='line_1_17' title="bbox 1668 627 2726 695; baseline 0.001 -17"><span class='ocrx_word' id='word_1_81' title='bbox 1668 627 1879 679; x_wconf 87' lang='lat' dir='ltr'><strong>dentur.</strong></span> <span class='ocrx_word' id='word_1_82' title='bbox 1947 627 2166 693; x_wconf 80' lang='lat' dir='ltr'><strong>Origine</strong></span> <span class='ocrx_word' id='word_1_83' title='bbox 2181 627 2388 694; x_wconf 87' lang='lat' dir='ltr'><strong>quidem</strong></span> <span class='ocrx_word' id='word_1_84' title='bbox 2410 627 2427 658; x_wconf 88' lang='lat'>‘</span> <span class='ocrx_word' id='word_1_85' title='bbox 2451 629 2726 695; x_wconf 78' lang='lat' dir='ltr'><strong>clypeum,&#39;</strong></span> 
     </span>
     <span class='ocr_line' id='line_1_18' title="bbox 1665 704 2730 774; baseline 0.003 -20"><span class='ocrx_word' id='word_1_86' title='bbox 1665 704 1828 770; x_wconf 89' lang='lat' dir='ltr'><strong>(idem</strong></span> <span class='ocrx_word' id='word_1_87' title='bbox 1861 704 2009 756; x_wconf 87' lang='lat' dir='ltr'><strong>dicas</strong></span> <span class='ocrx_word' id='word_1_88' title='bbox 2042 707 2107 757; x_wconf 90' lang='lat' dir='ltr'><strong>de</strong></span> <span class='ocrx_word' id='word_1_89' title='bbox 2140 705 2381 774; x_wconf 89' lang='lat' dir='ltr'><strong>ceteris,)</strong></span> <span class='ocrx_word' id='word_1_90' title='bbox 2405 706 2588 771; x_wconf 85' lang='lat' dir='ltr'><strong>judice</strong></span> <span class='ocrx_word' id='word_1_91' title='bbox 2620 708 2730 757; x_wconf 84' lang='lat' dir='ltr'><strong>Sal-</strong></span> 
     </span>
     <span class='ocr_line' id='line_1_19' title="bbox 1667 781 2728 862; baseline 0.006 -33"><span class='ocrx_word' id='word_1_92' title='bbox 1667 781 1844 845; x_wconf 83' lang='lat' dir='ltr'><strong>masio,</strong></span> <span class='ocrx_word' id='word_1_93' title='bbox 1900 781 2094 832; x_wconf 88' lang='lat' dir='ltr'><strong>dieitur</strong></span> <span class='ocrx_word' id='word_1_94' title='bbox 2157 783 2282 834; x_wconf 72' lang='grc' dir='ltr'><strong>κατὰ</strong></span> <span class='ocrx_word' id='word_1_95' title='bbox 2323 782 2638 862; x_wconf 68' lang='grc' dir='ltr'><strong>μετάθεσιν“</strong></span> <span class='ocrx_word' id='word_1_96' title='bbox 2662 797 2728 835; x_wconf 86' lang='lat' dir='ltr'><strong>ex</strong></span> 
     </span>
     <span class='ocr_line' id='line_1_20' title="bbox 1667 855 2729 912; baseline 0.004 -5"><span class='ocrx_word' id='word_1_97' title='bbox 1667 855 1860 908; x_wconf 77' lang='grc' dir='ltr'><strong>κύκλιον</strong></span> <span class='ocrx_word' id='word_1_98' title='bbox 1891 859 1947 908; x_wconf 83' lang='grc' dir='ltr'><strong>ἰιι</strong></span> <span class='ocrx_word' id='word_1_99' title='bbox 1980 859 2158 910; x_wconf 90' lang='lat' dir='ltr'><strong>orbem</strong></span> <span class='ocrx_word' id='word_1_100' title='bbox 2194 861 2392 912; x_wconf 87' lang='lat' dir='ltr'><strong>actnm&#39;</strong></span> <span class='ocrx_word' id='word_1_101' title='bbox 2416 862 2576 912; x_wconf 88' lang='lat' dir='ltr'><strong>sive‘</strong></span> <span class='ocrx_word' id='word_1_102' title='bbox 2612 876 2729 912; x_wconf 85' lang='lat' dir='ltr'><strong>ova·</strong></span> 
     </span>
     <span class='ocr_line' id='line_1_21' title="bbox 1671 934 2733 1002; baseline 0.002 -17"><span class='ocrx_word' id='word_1_103' title='bbox 1671 935 1833 997; x_wconf 87' lang='lat' dir='ltr'><strong>tum,&#39;</strong></span> <span class='ocrx_word' id='word_1_104' title='bbox 1861 934 2000 1000; x_wconf 87' lang='lat' dir='ltr'><strong>quod</strong></span> <span class='ocrx_word' id='word_1_105' title='bbox 2034 950 2098 986; x_wconf 88' lang='lat' dir='ltr'><strong>ea</strong></span> <span class='ocrx_word' id='word_1_106' title='bbox 2127 937 2199 988; x_wconf 92' lang='lat' dir='ltr'><strong>sit</strong></span> <span class='ocrx_word' id='word_1_107' title='bbox 2234 935 2399 1002; x_wconf 81' lang='lat' dir='ltr'><strong>figura</strong></span> <span class='ocrx_word' id='word_1_108' title='bbox 2431 938 2583 1002; x_wconf 85' lang='lat' dir='ltr'><strong>hujus</strong></span> <span class='ocrx_word' id='word_1_109' title='bbox 2624 951 2733 988; x_wconf 91' lang='lat' dir='ltr'><strong>cor-</strong></span> 
     </span>
     <span class='ocr_line' id='line_1_22' title="bbox 1670 1010 2731 1079; baseline 0.005 -19"><span class='ocrx_word' id='word_1_110' title='bbox 1670 1010 1828 1074; x_wconf 88' lang='lat' dir='ltr'><strong>poris.</strong></span> <span class='ocrx_word' id='word_1_111' title='bbox 1894 1011 2003 1060; x_wconf 87' lang='lat' dir='ltr'><strong>Usu</strong></span> <span class='ocrx_word' id='word_1_112' title='bbox 2022 1026 2146 1062; x_wconf 86' lang='lat' dir='ltr'><strong>vero</strong></span> <span class='ocrx_word' id='word_1_113' title='bbox 2166 1012 2434 1078; x_wconf 83' lang='lat' dir='ltr'><strong>‘’clypeus</strong></span> <span class='ocrx_word' id='word_1_114' title='bbox 2456 1014 2567 1065; x_wconf 86' lang='lat' dir='ltr'><strong>sive</strong></span> <span class='ocrx_word' id='word_1_115' title='bbox 2588 1016 2731 1079; x_wconf 78' lang='lat' dir='ltr'><strong>‘cly-</strong></span> 
     </span>
     <span class='ocr_line' id='line_1_23' title="bbox 1670 1086 2730 1156; baseline 0.007 -21"><span class='ocrx_word' id='word_1_116' title='bbox 1670 1086 1841 1152; x_wconf 87' lang='lat' dir='ltr'><strong>peum&#39;</strong></span> <span class='ocrx_word' id='word_1_117' title='bbox 1860 1095 1941 1137; x_wconf 91' lang='lat' dir='ltr'><strong>est</strong></span> <span class='ocrx_word' id='word_1_118' title='bbox 1966 1096 2164 1138; x_wconf 84' lang='lat' dir='ltr'><strong>textum</strong></span> <span class='ocrx_word' id='word_1_119' title='bbox 2182 1091 2479 1150; x_wconf 88' lang='lat' dir='ltr'><strong>rotundum,</strong></span> <span class='ocrx_word' id='word_1_120' title='bbox 2492 1090 2648 1156; x_wconf 86' lang='lat' dir='ltr'><strong>qnod,</strong></span> <span class='ocrx_word' id='word_1_121' title='bbox 2665 1091 2730 1142; x_wconf 87' lang='lat' dir='ltr'><strong>ad</strong></span> 
     </span>
     <span class='ocr_line' id='line_1_24' title="bbox 1671 1166 2729 1235; baseline 0.004 -19"><span class='ocrx_word' id='word_1_122' title='bbox 1671 1180 1933 1230; x_wconf 84' lang='lat' dir='ltr'><strong>pompam,</strong></span> <span class='ocrx_word' id='word_1_123' title='bbox 1967 1166 2239 1231; x_wconf 80' lang='lat' dir='ltr'><strong>insculptis</strong></span> <span class='ocrx_word' id='word_1_124' title='bbox 2259 1169 2475 1218; x_wconf 85' lang='lat' dir='ltr'><strong>coelatnr</strong></span> <span class='ocrx_word' id='word_1_125' title='bbox 2496 1170 2729 1235; x_wconf 83' lang='lat' dir='ltr'><strong>imagini-</strong></span> 
     </span>
     <span class='ocr_line' id='line_1_25' title="bbox 1670 1242 2730 1309; baseline 0.007 -17"><span class='ocrx_word' id='word_1_126' title='bbox 1670 1242 1789 1304; x_wconf 85' lang='lat' dir='ltr'><strong>bus,</strong></span> <span class='ocrx_word' id='word_1_127' title='bbox 1830 1249 1903 1308; x_wconf 86' lang='lat' dir='ltr'><strong>et,</strong></span> <span class='ocrx_word' id='word_1_128' title='bbox 1926 1243 1992 1293; x_wconf 87' lang='lat' dir='ltr'><strong>ad</strong></span> <span class='ocrx_word' id='word_1_129' title='bbox 2040 1259 2284 1309; x_wconf 83' lang='lat' dir='ltr'><strong>pugnam,</strong></span> <span class='ocrx_word' id='word_1_130' title='bbox 2322 1246 2503 1296; x_wconf 82' lang='lat' dir='ltr'><strong>laevam</strong></span> <span class='ocrx_word' id='word_1_131' title='bbox 2550 1249 2730 1300; x_wconf 85' lang='lat' dir='ltr'><strong>militis</strong></span> 
     </span>
     <span class='ocr_line' id='line_1_26' title="bbox 1668 1319 2729 1388; baseline 0.007 -20"><span class='ocrx_word' id='word_1_132' title='bbox 1668 1326 1872 1383; x_wconf 89' lang='lat' dir='ltr'><strong>partem</strong></span> <span class='ocrx_word' id='word_1_133' title='bbox 1922 1319 2083 1384; x_wconf 78' lang='lat' dir='ltr'><strong>tegit:</strong></span> <span class='ocrx_word' id='word_1_134' title='bbox 2139 1321 2274 1372; x_wconf 90' lang='lat' dir='ltr'><strong>unde</strong></span> <span class='ocrx_word' id='word_1_135' title='bbox 2320 1337 2352 1371; x_wconf 89' lang='lat' dir='ltr'><strong>a</strong></span> <span class='ocrx_word' id='word_1_136' title='bbox 2396 1336 2616 1388; x_wconf 88' lang='lat' dir='ltr'><strong>corpore</strong></span> <span class='ocrx_word' id='word_1_137' title='bbox 2663 1325 2729 1375; x_wconf 87' lang='lat' dir='ltr'><strong>ad</strong></span> 
     </span>
     <span class='ocr_line' id='line_1_27' title="bbox 1668 1397 2731 1463; baseline 0.005 -18"><span class='ocrx_word' id='word_1_138' title='bbox 1668 1404 1894 1446; x_wconf 85' lang='lat' dir='ltr'><strong>mentem</strong></span> <span class='ocrx_word' id='word_1_139' title='bbox 1936 1398 2237 1447; x_wconf 86' lang='lat' dir='ltr'><strong>translatum</strong></span> <span class='ocrx_word' id='word_1_140' title='bbox 2269 1397 2323 1447; x_wconf 88' lang='lat' dir='ltr'><strong>id</strong></span> <span class='ocrx_word' id='word_1_141' title='bbox 2356 1403 2561 1463; x_wconf 86' lang='lat' dir='ltr'><strong>nomen,</strong></span> <span class='ocrx_word' id='word_1_142' title='bbox 2592 1414 2731 1451; x_wconf 88' lang='lat' dir='ltr'><strong>nunc</strong></span> 
     </span>
     <span class='ocr_line' id='line_1_28' title="bbox 1669 1472 2728 1541; baseline 0.005 -19"><span class='ocrx_word' id='word_1_143' title='bbox 1669 1472 2075 1532; x_wconf 74' lang='lat' dir='ltr'><strong>magnitudinem</strong></span> <span class='ocrx_word' id='word_1_144' title='bbox 2116 1473 2584 1541; x_wconf 82' lang='lat' dir='ltr'><strong>fortitudinemque</strong></span> <span class='ocrx_word' id='word_1_145' title='bbox 2623 1478 2728 1540; x_wconf 80' lang='lat' dir='ltr'><strong>ani·</strong></span> 
     </span>
     <span class='ocr_line' id='line_1_29' title="bbox 1669 1550 2469 1618; baseline 0.003 -16"><span class='ocrx_word' id='word_1_146' title='bbox 1669 1550 1758 1614; x_wconf 85' lang='lat' dir='ltr'><strong>mi,</strong></span> <span class='ocrx_word' id='word_1_147' title='bbox 1780 1555 1838 1600; x_wconf 90' lang='lat' dir='ltr'><strong>ut</strong></span> <span class='ocrx_word' id='word_1_148' title='bbox 1860 1550 2058 1601; x_wconf 91' lang='lat' dir='ltr'><strong>dictum</strong></span> <span class='ocrx_word' id='word_1_149' title='bbox 2075 1560 2174 1618; x_wconf 85' lang='lat' dir='ltr'><strong>est,</strong></span> <span class='ocrx_word' id='word_1_150' title='bbox 2194 1551 2469 1618; x_wconf 86' lang='lat' dir='ltr'><strong>siguificat.</strong></span> 
     </span>
    </p>
   </div>
   <div class='ocr_carea' id='block_1_13' title="bbox 1369 1959 1866 2030">
    <p class='ocr_par' dir='ltr' id='par_1_13' title="bbox 1369 1959 1866 2030">
     <span class='ocr_line' id='line_1_30' title="bbox 1369 1959 1866 2030; baseline -0.01 1"><span class='ocrx_word' id='word_1_151' title='bbox 1369 1960 1694 2030; x_wconf 81' lang='lat' dir='ltr'>PROSA</span> <span class='ocrx_word' id='word_1_152' title='bbox 1739 1959 1866 2027; x_wconf 91' lang='lat' dir='ltr'><strong>IV.</strong></span> 
     </span>
    </p>
   </div>
   <div class='ocr_carea' id='block_1_14' title="bbox 517 2085 2729 2397">
    <p class='ocr_par' dir='ltr' id='par_1_14' title="bbox 517 2085 2729 2393">
     <span class='ocr_line' id='line_1_31' title="bbox 615 2085 2729 2189; baseline -0.003 -20"><span class='ocrx_word' id='word_1_153' title='bbox 615 2102 1341 2189; x_wconf 70' lang='lat' dir='ltr'><strong>SENT1SNE,inquit,&#39;·</strong></span> <span class='ocrx_word' id='word_1_154' title='bbox 1381 2085 1585 2177; x_wconf 55' lang='lat' dir='ltr'><strong>haec?</strong></span> <span class='ocrx_word' id='word_1_155' title='bbox 1646 2104 1844 2184; x_wconf 88' lang='lat' dir='ltr'><strong>atque</strong></span> <span class='ocrx_word' id='word_1_156' title='bbox 1887 2098 2116 2164; x_wconf 90' lang='lat' dir='ltr'><strong>animo</strong></span> <span class='ocrx_word' id='word_1_157' title='bbox 2163 2099 2538 2165; x_wconf 87' lang='lat' dir='ltr'><strong>illabuntur</strong></span> <span class='ocrx_word' id='word_1_158' title='bbox 2570 2102 2729 2165; x_wconf 68' lang='lat' dir='ltr'><strong>tuo?</strong></span> 
     </span>
     <span class='ocr_line' id='line_1_32' title="bbox 527 2199 2727 2300; baseline -0.003 -29"><span class='ocrx_word' id='word_1_159' title='bbox 527 2206 707 2271; x_wconf 87' lang='lat' dir='ltr'><strong>Esne</strong></span> <span class='ocrx_word' id='word_1_160' title='bbox 735 2204 847 2281; x_wconf 80' lang='grc' dir='ltr'><strong><em>ὄνος</em></strong></span> <span class='ocrx_word' id='word_1_161' title='bbox 871 2208 1006 2295; x_wconf 64' lang='grc' dir='ltr'><strong>πρὸς</strong></span> <span class='ocrx_word' id='word_1_162' title='bbox 1036 2205 1254 2294; x_wconf 66' lang='grc' dir='ltr'>λόρανῖ</span> <span class='ocrx_word' id='word_1_163' title='bbox 1274 2206 1293 2245; x_wconf 82' lang='grc'><strong>·’</strong></span> <span class='ocrx_word' id='word_1_164' title='bbox 1318 2209 1369 2244; x_wconf 87' lang='lat'><strong>¹⁹</strong></span> <span class='ocrx_word' id='word_1_165' title='bbox 1432 2201 1620 2282; x_wconf 83' lang='lat' dir='ltr'><strong>Quid</strong></span> <span class='ocrx_word' id='word_1_166' title='bbox 1649 2203 1775 2267; x_wconf 89' lang='lat' dir='ltr'><strong>fles</strong></span> <span class='ocrx_word' id='word_1_167' title='bbox 1793 2202 1824 2264; x_wconf 75' lang='lat' dir='ltr'><strong>‘l</strong></span> <span class='ocrx_word' id='word_1_168' title='bbox 1869 2199 2056 2279; x_wconf 83' lang='lat' dir='ltr'><strong>Quid</strong></span> <span class='ocrx_word' id='word_1_169' title='bbox 2089 2202 2405 2300; x_wconf 82' lang='lat' dir='ltr'><strong>lacrymis</strong></span> <span class='ocrx_word' id='word_1_170' title='bbox 2435 2222 2673 2267; x_wconf 83' lang='lat' dir='ltr'><strong>manas</strong></span> <span class='ocrx_word' id='word_1_171' title='bbox 2699 2203 2727 2265; x_wconf 76' lang='grc' dir='ltr'><strong><em>Ἰ</em></strong></span> 
     </span>
     <span class='ocr_line' id='line_1_33' title="bbox 517 2297 2728 2397; baseline -0.004 -19"><span class='ocrx_word' id='word_1_172' title='bbox 517 2299 802 2390; x_wconf 65' lang='grc' dir='ltr'><em>ΪΕξαῦδα,</em></span> <span class='ocrx_word' id='word_1_173' title='bbox 824 2312 903 2393; x_wconf 77' lang='grc' dir='ltr'><strong>μὴ</strong></span> <span class='ocrx_word' id='word_1_174' title='bbox 934 2312 1084 2375; x_wconf 79' lang='grc' dir='ltr'><em>κεῦθε</em></span> <span class='ocrx_word' id='word_1_175' title='bbox 1106 2310 1227 2397; x_wconf 76' lang='grc' dir='ltr'><strong><em>νόῳ.</em></strong></span> <span class='ocrx_word' id='word_1_176' title='bbox 1231 2310 1256 2348; x_wconf 70' lang='lat'><strong>¹*</strong></span> <span class='ocrx_word' id='word_1_177' title='bbox 1307 2308 1382 2375; x_wconf 90' lang='lat' dir='ltr'><strong>Si</strong></span> <span class='ocrx_word' id='word_1_178' title='bbox 1413 2326 1695 2391; x_wconf 87' lang='lat' dir='ltr'><strong>operam</strong></span> <span class='ocrx_word' id='word_1_179' title='bbox 1719 2304 2114 2369; x_wconf 85' lang='lat' dir='ltr'><strong>medicantis</strong></span> <span class='ocrx_word' id='word_1_180' title='bbox 2145 2297 2498 2389; x_wconf 77' lang='lat' dir='ltr'><strong>expectas,</strong></span> <span class='ocrx_word' id='word_1_181' title='bbox 2532 2324 2728 2391; x_wconf 86' lang='lat' dir='ltr'><strong>opor-</strong></span> 
     </span>
    </p>
   </div>
   <div class='ocr_carea' id='block_1_15' title="bbox 593 2469 1482 2540">
    <p class='ocr_par' dir='ltr' id='par_1_15' title="bbox 593 2469 1482 2540">
     <span class='ocr_line' id='line_1_34' title="bbox 593 2469 1482 2540; baseline 0.001 -19"><span class='ocrx_word' id='word_1_182' title='bbox 593 2469 620 2503; x_wconf 65' lang='lat'><em>*</em></span> <span class='ocrx_word' id='word_1_183' title='bbox 642 2471 971 2538; x_wconf 73' lang='lat' dir='ltr'><strong>Philosophia.</strong></span> <span class='ocrx_word' id='word_1_184' title='bbox 1093 2473 1323 2525; x_wconf 62' lang='lat' dir='ltr'><strong>‘Asinus</strong></span> <span class='ocrx_word' id='word_1_185' title='bbox 1344 2476 1482 2540; x_wconf 77' lang='lat' dir='ltr'><strong>lyroe.</strong></span> 
     </span>
    </p>
   </div>
   <div class='ocr_carea' id='block_1_16' title="bbox 1460 2598 1763 2622">
    <p class='ocr_par' dir='ltr' id='par_1_16' title="bbox 1460 2598 1763 2622">
     <span class='ocr_line' id='line_1_35' title="bbox 1460 2598 1763 2622; baseline 0 2306"><span class='ocrx_word' id='word_1_186' title='bbox 1460 2598 1763 2622; x_wconf 95' lang='lat' dir='ltr'><strong> </strong></span> 
     </span>
    </p>
   </div>
   <div class='ocr_carea' id='block_1_17' title="bbox 525 2699 1875 2769">
    <p class='ocr_par' dir='ltr' id='par_1_17' title="bbox 525 2699 1875 2769">
     <span class='ocr_line' id='line_1_36' title="bbox 525 2699 1875 2769; baseline 0.001 -20"><span class='ocrx_word' id='word_1_187' title='bbox 525 2701 592 2749; x_wconf 80' lang='lat'><strong>19</strong></span> <span class='ocrx_word' id='word_1_188' title='bbox 614 2699 813 2753; x_wconf 88' lang='lat' dir='ltr'><strong>Omnes</strong></span> <span class='ocrx_word' id='word_1_189' title='bbox 837 2708 969 2754; x_wconf 82' lang='lat' dir='ltr'><strong>vett.</strong></span> <span class='ocrx_word' id='word_1_190' title='bbox 983 2703 1103 2755; x_wconf 88' lang='lat' dir='ltr'><strong>libri</strong></span> <span class='ocrx_word' id='word_1_191' title='bbox 1124 2703 1228 2756; x_wconf 86' lang='grc' dir='ltr'><strong><em>ὄνος</em></strong></span> <span class='ocrx_word' id='word_1_192' title='bbox 1255 2703 1418 2769; x_wconf 67' lang='grc' dir='ltr'><strong>λάροις,</strong></span> <span class='ocrx_word' id='word_1_193' title='bbox 1437 2717 1539 2755; x_wconf 92' lang='lat' dir='ltr'><strong>non</strong></span> <span class='ocrx_word' id='word_1_194' title='bbox 1561 2701 1676 2767; x_wconf 72' lang='grc' dir='ltr'><strong><em>πρὸς</em></strong></span> <span class='ocrx_word' id='word_1_195' title='bbox 1695 2699 1875 2768; x_wconf 60' lang='lat' dir='ltr'><strong>aspar:</strong></span> 
     </span>
    </p>
   </div>
   <div class='ocr_carea' id='block_1_18' title="bbox 1617 2468 2309 2533">
    <p class='ocr_par' dir='ltr' id='par_1_18' title="bbox 1617 2468 2309 2533">
     <span class='ocr_line' id='line_1_37' title="bbox 1617 2468 2309 2533; baseline 0 -14"><span class='ocrx_word' id='word_1_196' title='bbox 1617 2468 1642 2502; x_wconf 74' lang='lat'><strong>¹²</strong></span> <span class='ocrx_word' id='word_1_197' title='bbox 1677 2469 1796 2532; x_wconf 77' lang='lat' dir='ltr'><strong>Dic,</strong></span> <span class='ocrx_word' id='word_1_198' title='bbox 1817 2483 1964 2533; x_wconf 73' lang='lat' dir='ltr'><strong>neque</strong></span> <span class='ocrx_word' id='word_1_199' title='bbox 1983 2473 2136 2519; x_wconf 76' lang='lat' dir='ltr'><strong>mente</strong></span> <span class='ocrx_word' id='word_1_200' title='bbox 2156 2473 2309 2532; x_wconf 76' lang='lat' dir='ltr'><strong>tegas.</strong></span> 
     </span>
    </p>
   </div>
   <div class='ocr_carea' id='block_1_19' title="bbox 1765 2599 1794 2617">
    <p class='ocr_par' dir='ltr' id='par_1_19' title="bbox 1765 2599 1794 2617">
     <span class='ocr_line' id='line_1_38' title="bbox 1765 2599 1794 2617; baseline 0 0"><span class='ocrx_word' id='word_1_201' title='bbox 1765 2599 1794 2617; x_wconf 64' lang='lat' dir='ltr'><em>O</em></span> 
     </span>
    </p>
   </div>
   <div class='ocr_carea' id='block_1_20' title="bbox 1916 2684 2713 2763">
    <p class='ocr_par' dir='ltr' id='par_1_20' title="bbox 1916 2684 2713 2763">
     <span class='ocr_line' id='line_1_39' title="bbox 1916 2684 2713 2763; baseline 0.004 -14"><span class='ocrx_word' id='word_1_202' title='bbox 1916 2699 1994 2751; x_wconf 65' lang='lat' dir='ltr'><strong>sic</strong></span> <span class='ocrx_word' id='word_1_203' title='bbox 2016 2698 2276 2763; x_wconf 83' lang='lat' dir='ltr'><strong>etDelph.</strong></span> <span class='ocrx_word' id='word_1_204' title='bbox 2309 2684 2480 2751; x_wconf 71' lang='lat' dir='ltr'><strong>nack.</strong></span> <span class='ocrx_word' id='word_1_205' title='bbox 2496 2699 2600 2750; x_wconf 74' lang='lat' dir='ltr'><strong>vid.</strong></span> <span class='ocrx_word' id='word_1_206' title='bbox 2621 2699 2713 2752; x_wconf 81' lang='lat' dir='ltr'><strong>inf.</strong></span> 
     </span>
    </p>
   </div>
   <div class='ocr_carea' id='block_1_21' title="bbox 1517 2840 1740 2894">
    <p class='ocr_par' dir='ltr' id='par_1_21' title="bbox 1517 2840 1740 2894">
     <span class='ocr_line' id='line_1_40' title="bbox 1517 2840 1740 2894; baseline -0.013 0"><span class='ocrx_word' id='word_1_207' title='bbox 1517 2840 1740 2894; x_wconf 80' lang='lat' dir='ltr'>NOTAE</span> 
     </span>
    </p>
   </div>
   <div class='ocr_carea' id='block_1_22' title="bbox 521 2953 1587 3173">
    <p class='ocr_par' dir='ltr' id='par_1_22' title="bbox 521 2953 1587 3173">
     <span class='ocr_line' id='line_1_41' title="bbox 591 2953 1586 3023; baseline 0.002 -18"><span class='ocrx_word' id='word_1_208' title='bbox 591 2960 616 2987; x_wconf 81' lang='lat'><strong>⁸</strong></span> <span class='ocrx_word' id='word_1_209' title='bbox 649 2953 888 3021; x_wconf 68' lang='lat' dir='ltr'><strong>Sentisne,</strong></span> <span class='ocrx_word' id='word_1_210' title='bbox 903 2956 1082 3023; x_wconf 69' lang='lat' dir='ltr'><strong>inquit,</strong></span> <span class='ocrx_word' id='word_1_211' title='bbox 1102 2958 1226 3022; x_wconf 76' lang='lat' dir='ltr'><strong>hoec]</strong></span> <span class='ocrx_word' id='word_1_212' title='bbox 1255 2963 1297 3010; x_wconf 66' lang='lat'><strong>⁴1.</strong></span> <span class='ocrx_word' id='word_1_213' title='bbox 1329 2955 1586 3008; x_wconf 68' lang='lat' dir='ltr'><strong>Boethius</strong></span> 
     </span>
     <span class='ocr_line' id='line_1_42' title="bbox 522 3030 1587 3099; baseline 0.002 -19"><span class='ocrx_word' id='word_1_214' title='bbox 522 3030 877 3097; x_wconf 62' lang='lat' dir='ltr'><strong>interrogatur</strong></span> <span class='ocrx_word' id='word_1_215' title='bbox 898 3050 930 3084; x_wconf 98' lang='lat' dir='ltr'><strong>a</strong></span> <span class='ocrx_word' id='word_1_216' title='bbox 950 3035 1285 3099; x_wconf 80' lang='lat' dir='ltr'><strong>Philosophia</strong></span> <span class='ocrx_word' id='word_1_217' title='bbox 1306 3035 1372 3083; x_wconf 90' lang='lat' dir='ltr'><strong>de</strong></span> <span class='ocrx_word' id='word_1_218' title='bbox 1396 3034 1587 3084; x_wconf 89' lang='lat' dir='ltr'><strong>intelli·</strong></span> 
     </span>
     <span class='ocr_line' id='line_1_43' title="bbox 521 3107 1587 3173; baseline 0.002 -17"><span class='ocrx_word' id='word_1_219' title='bbox 521 3107 700 3172; x_wconf 75' lang='lat' dir='ltr'><strong>gentia</strong></span> <span class='ocrx_word' id='word_1_220' title='bbox 723 3110 1121 3173; x_wconf 70' lang='lat' dir='ltr'><strong>praedictorum:</strong></span> <span class='ocrx_word' id='word_1_221' title='bbox 1148 3126 1266 3162; x_wconf 87' lang='lat' dir='ltr'><strong>cum</strong></span> <span class='ocrx_word' id='word_1_222' title='bbox 1291 3110 1447 3173; x_wconf 88' lang='lat' dir='ltr'><strong>enim,</strong></span> <span class='ocrx_word' id='word_1_223' title='bbox 1464 3124 1587 3158; x_wconf 88' lang='lat' dir='ltr'><strong>auc·</strong></span> 
     </span>
    </p>
   </div>
   <div class='ocr_carea' id='block_1_23' title="bbox 445 3179 1588 3251">
    <p class='ocr_par' dir='ltr' id='par_1_23' title="bbox 445 3179 1588 3251">
     <span class='ocr_line' id='line_1_44' title="bbox 445 3179 1588 3251; baseline 0.002 -20"><span class='ocrx_word' id='word_1_224' title='bbox 445 3179 452 3183; x_wconf 84' lang='grc'><em>’</em></span> <span class='ocrx_word' id='word_1_225' title='bbox 527 3191 641 3233; x_wconf 83' lang='lat' dir='ltr'><strong>tore</strong></span> <span class='ocrx_word' id='word_1_226' title='bbox 680 3185 859 3238; x_wconf 82' lang='lat' dir='ltr'><strong>Tullio</strong></span> <span class='ocrx_word' id='word_1_227' title='bbox 903 3200 943 3237; x_wconf 86' lang='lat'><strong>1.</strong></span> <span class='ocrx_word' id='word_1_228' title='bbox 992 3185 1160 3237; x_wconf 87' lang='lat' dir='ltr'><strong>Acad.</strong></span> <span class='ocrx_word' id='word_1_229' title='bbox 1216 3187 1233 3214; x_wconf 88' lang='lat'>‘</span> <span class='ocrx_word' id='word_1_230' title='bbox 1282 3199 1453 3251; x_wconf 89' lang='lat' dir='ltr'><strong>neque</strong></span> <span class='ocrx_word' id='word_1_231' title='bbox 1488 3185 1588 3234; x_wconf 86' lang='lat' dir='ltr'><strong>hoe</strong></span> 
     </span>
    </p>
   </div>
   <div class='ocr_carea' id='block_1_24' title="bbox 481 3260 1588 4322">
    <p class='ocr_par' dir='ltr' id='par_1_24' title="bbox 481 3260 1588 4322">
     <span class='ocr_line' id='line_1_45' title="bbox 525 3260 1587 3327; baseline 0 -18"><span class='ocrx_word' id='word_1_232' title='bbox 525 3260 800 3327; x_wconf 90' lang='lat' dir='ltr'><strong>quicquam</strong></span> <span class='ocrx_word' id='word_1_233' title='bbox 851 3263 921 3313; x_wconf 86' lang='lat' dir='ltr'><strong>sit</strong></span> <span class='ocrx_word' id='word_1_234' title='bbox 964 3262 1186 3326; x_wconf 87' lang='lat' dir='ltr'><strong>turpius,</strong></span> <span class='ocrx_word' id='word_1_235' title='bbox 1216 3276 1369 3327; x_wconf 85' lang='lat' dir='ltr'><strong>quam</strong></span> <span class='ocrx_word' id='word_1_236' title='bbox 1409 3260 1587 3325; x_wconf 84' lang='lat' dir='ltr'><strong>cogui-</strong></span> 
     </span>
     <span class='ocr_line' id='line_1_46' title="bbox 522 3337 1588 3403; baseline 0.001 -17"><span class='ocrx_word' id='word_1_237' title='bbox 522 3337 650 3386; x_wconf 88' lang='lat' dir='ltr'><strong>tioni</strong></span> <span class='ocrx_word' id='word_1_238' title='bbox 681 3338 1017 3389; x_wconf 78' lang='lat' dir='ltr'><strong>assertionem</strong></span> <span class='ocrx_word' id='word_1_239' title='bbox 1053 3339 1588 3403; x_wconf 79' lang='lat' dir='ltr'><strong>approbationemque</strong></span> 
     </span>
     <span class='ocr_line' id='line_1_47' title="bbox 522 3412 1586 3479; baseline -0.002 -13"><span class='ocrx_word' id='word_1_240' title='bbox 522 3426 845 3479; x_wconf 66' lang='lat' dir='ltr'><strong>ptaecnrrere</strong></span> <span class='ocrx_word' id='word_1_241' title='bbox 858 3412 892 3475; x_wconf 87' lang='lat'><strong>;&#39;</strong></span> <span class='ocrx_word' id='word_1_242' title='bbox 914 3421 1196 3478; x_wconf 87' lang='lat' dir='ltr'><strong>propterea</strong></span> <span class='ocrx_word' id='word_1_243' title='bbox 1213 3414 1465 3465; x_wconf 70' lang='lat' dir='ltr'><strong>Boethius</strong></span> <span class='ocrx_word' id='word_1_244' title='bbox 1480 3429 1586 3465; x_wconf 91' lang='lat' dir='ltr'><strong>non</strong></span> 
     </span>
     <span class='ocr_line' id='line_1_48' title="bbox 524 3489 1585 3556; baseline 0.005 -19"><span class='ocrx_word' id='word_1_245' title='bbox 524 3496 647 3540; x_wconf 83' lang='lat' dir='ltr'><strong>ante</strong></span> <span class='ocrx_word' id='word_1_246' title='bbox 670 3489 855 3541; x_wconf 85' lang='lat' dir='ltr'><strong>debuit</strong></span> <span class='ocrx_word' id='word_1_247' title='bbox 875 3490 942 3539; x_wconf 91' lang='lat' dir='ltr'><strong>de</strong></span> <span class='ocrx_word' id='word_1_248' title='bbox 974 3490 1239 3555; x_wconf 63' lang='lat' dir='ltr'><strong>praedictis</strong></span> <span class='ocrx_word' id='word_1_249' title='bbox 1272 3490 1413 3542; x_wconf 85' lang='lat' dir='ltr'><strong>ferre</strong></span> <span class='ocrx_word' id='word_1_250' title='bbox 1444 3491 1585 3556; x_wconf 77' lang='lat' dir='ltr'><strong>judi-</strong></span> 
     </span>
     <span class='ocr_line' id='line_1_49' title="bbox 523 3564 1586 3632; baseline 0.001 -16"><span class='ocrx_word' id='word_1_251' title='bbox 523 3564 682 3627; x_wconf 82' lang='lat' dir='ltr'><strong>cium,</strong></span> <span class='ocrx_word' id='word_1_252' title='bbox 730 3579 882 3629; x_wconf 86' lang='lat' dir='ltr'><strong>quam</strong></span> <span class='ocrx_word' id='word_1_253' title='bbox 923 3565 1014 3615; x_wconf 90' lang='lat' dir='ltr'><strong>illa</strong></span> <span class='ocrx_word' id='word_1_254' title='bbox 1055 3566 1225 3616; x_wconf 91' lang='lat' dir='ltr'><strong>animo</strong></span> <span class='ocrx_word' id='word_1_255' title='bbox 1268 3567 1455 3632; x_wconf 89' lang='lat' dir='ltr'><strong>illapsa</strong></span> <span class='ocrx_word' id='word_1_256' title='bbox 1491 3581 1586 3617; x_wconf 87' lang='lat' dir='ltr'><strong>suo</strong></span> 
     </span>
     <span class='ocr_line' id='line_1_50' title="bbox 522 3641 1587 3712; baseline 0.005 -21"><span class='ocrx_word' id='word_1_257' title='bbox 522 3641 856 3707; x_wconf 74' lang='lat' dir='ltr'><strong>perceperit-2</strong></span> <span class='ocrx_word' id='word_1_258' title='bbox 896 3642 1019 3693; x_wconf 85' lang='lat' dir='ltr'><strong>hinc</strong></span> <span class='ocrx_word' id='word_1_259' title='bbox 1060 3643 1394 3709; x_wconf 83' lang='lat' dir='ltr'><strong>Philosophia</strong></span> <span class='ocrx_word' id='word_1_260' title='bbox 1436 3654 1587 3712; x_wconf 83' lang='lat' dir='ltr'><strong>rogat</strong></span> 
     </span>
     <span class='ocr_line' id='line_1_51' title="bbox 521 3717 1584 3785; baseline 0.005 -17"><span class='ocrx_word' id='word_1_261' title='bbox 521 3717 817 3781; x_wconf 62' lang='lat' dir='ltr'><strong>Boethium,</strong></span> <span class='ocrx_word' id='word_1_262' title='bbox 859 3718 996 3768; x_wconf 82' lang='lat' dir='ltr'><strong>sitne</strong></span> <span class='ocrx_word' id='word_1_263' title='bbox 1020 3718 1257 3785; x_wconf 88' lang='lat' dir='ltr'><strong>istorum,</strong></span> <span class='ocrx_word' id='word_1_264' title='bbox 1280 3721 1418 3773; x_wconf 89' lang='lat' dir='ltr'><strong>sicut</strong></span> <span class='ocrx_word' id='word_1_265' title='bbox 1448 3723 1464 3751; x_wconf 91' lang='lat'>‘</span> <span class='ocrx_word' id='word_1_266' title='bbox 1483 3723 1584 3773; x_wconf 83' lang='lat' dir='ltr'><strong>asi-</strong></span> 
     </span>
     <span class='ocr_line' id='line_1_52' title="bbox 522 3796 1584 3866; baseline 0.006 -20"><span class='ocrx_word' id='word_1_267' title='bbox 522 3796 644 3847; x_wconf 86' lang='lat' dir='ltr'><strong>nus&#39;</strong></span> <span class='ocrx_word' id='word_1_268' title='bbox 693 3799 777 3847; x_wconf 81' lang='lat' dir='ltr'><strong>est</strong></span> <span class='ocrx_word' id='word_1_269' title='bbox 822 3797 839 3825; x_wconf 90' lang='lat'>‘</span> <span class='ocrx_word' id='word_1_270' title='bbox 878 3797 1048 3861; x_wconf 59' lang='lat' dir='ltr'><strong>151·aess</strong></span> <span class='ocrx_word' id='word_1_271' title='bbox 1102 3801 1311 3851; x_wconf 86' lang='lat' dir='ltr'><strong>auditor</strong></span> <span class='ocrx_word' id='word_1_272' title='bbox 1361 3808 1584 3866; x_wconf 85' lang='lat' dir='ltr'><strong>tautum,</strong></span> 
     </span>
     <span class='ocr_line' id='line_1_53' title="bbox 481 3871 1584 3938; baseline 0.005 -14"><span class='ocrx_word' id='word_1_273' title='bbox 481 3902 482 3907; x_wconf 65' lang='lat'>=</span> <span class='ocrx_word' id='word_1_274' title='bbox 522 3873 632 3925; x_wconf 82' lang='grc' dir='ltr'><strong><em>ὄνος</em></strong></span> <span class='ocrx_word' id='word_1_275' title='bbox 661 3871 823 3938; x_wconf 61' lang='grc' dir='ltr'><strong>λέψας.</strong></span> <span class='ocrx_word' id='word_1_276' title='bbox 888 3875 1146 3926; x_wconf 86' lang='lat' dir='ltr'><strong>Nimirum</strong></span> <span class='ocrx_word' id='word_1_277' title='bbox 1172 3884 1320 3929; x_wconf 89' lang='lat' dir='ltr'><strong>tanta</strong></span> <span class='ocrx_word' id='word_1_278' title='bbox 1346 3886 1428 3929; x_wconf 90' lang='lat' dir='ltr'><strong>est</strong></span> <span class='ocrx_word' id='word_1_279' title='bbox 1452 3887 1584 3930; x_wconf 88' lang='lat' dir='ltr'><strong>tam-</strong></span> 
     </span>
     <span class='ocr_line' id='line_1_54' title="bbox 523 3952 1584 4019; baseline 0.004 -18"><span class='ocrx_word' id='word_1_280' title='bbox 523 3965 628 4018; x_wconf 87' lang='lat' dir='ltr'><strong>que</strong></span> <span class='ocrx_word' id='word_1_281' title='bbox 671 3958 801 4003; x_wconf 88' lang='lat' dir='ltr'><strong>nota</strong></span> <span class='ocrx_word' id='word_1_282' title='bbox 856 3952 988 4004; x_wconf 91' lang='lat' dir='ltr'><strong>asini</strong></span> <span class='ocrx_word' id='word_1_283' title='bbox 1047 3954 1344 4019; x_wconf 86' lang='lat' dir='ltr'><strong>stupiditas,</strong></span> <span class='ocrx_word' id='word_1_284' title='bbox 1395 3956 1480 4007; x_wconf 85' lang='lat' dir='ltr'><strong>hic</strong></span> <span class='ocrx_word' id='word_1_285' title='bbox 1522 3961 1584 4005; x_wconf 90' lang='lat' dir='ltr'><strong>ut</strong></span> 
     </span>
     <span class='ocr_line' id='line_1_55' title="bbox 523 4026 1585 4095; baseline 0.002 -18"><span class='ocrx_word' id='word_1_286' title='bbox 523 4026 729 4078; x_wconf 79' lang='lat' dir='ltr'><strong>Graecis</strong></span> <span class='ocrx_word' id='word_1_287' title='bbox 751 4028 1057 4094; x_wconf 84' lang='lat' dir='ltr'><strong>Latinisque</strong></span> <span class='ocrx_word' id='word_1_288' title='bbox 1078 4031 1366 4083; x_wconf 84' lang='lat' dir='ltr'><strong>hominibus</strong></span> <span class='ocrx_word' id='word_1_289' title='bbox 1390 4031 1442 4080; x_wconf 89' lang='lat' dir='ltr'><strong>in</strong></span> <span class='ocrx_word' id='word_1_290' title='bbox 1467 4046 1585 4095; x_wconf 84' lang='lat' dir='ltr'><strong>pro·</strong></span> 
     </span>
     <span class='ocr_line' id='line_1_56' title="bbox 524 4104 1586 4175; baseline 0.001 -21"><span class='ocrx_word' id='word_1_291' title='bbox 524 4104 707 4155; x_wconf 82' lang='lat' dir='ltr'><strong>verbio</strong></span> <span class='ocrx_word' id='word_1_292' title='bbox 743 4107 934 4170; x_wconf 82' lang='lat' dir='ltr'><strong>saepius</strong></span> <span class='ocrx_word' id='word_1_293' title='bbox 971 4105 1153 4171; x_wconf 75' lang='lat' dir='ltr'><strong>fuerit,</strong></span> <span class='ocrx_word' id='word_1_294' title='bbox 1184 4109 1248 4157; x_wconf 83' lang='lat' dir='ltr'><strong>ad</strong></span> <span class='ocrx_word' id='word_1_295' title='bbox 1288 4105 1586 4175; x_wconf 82' lang='lat' dir='ltr'><strong>significan·</strong></span> 
     </span>
     <span class='ocr_line' id='line_1_57' title="bbox 522 4181 1585 4247; baseline -0.002 -15"><span class='ocrx_word' id='word_1_296' title='bbox 522 4181 641 4232; x_wconf 83' lang='lat' dir='ltr'><strong>dam</strong></span> <span class='ocrx_word' id='word_1_297' title='bbox 661 4181 884 4233; x_wconf 82' lang='lat' dir='ltr'><strong>hominis</strong></span> <span class='ocrx_word' id='word_1_298' title='bbox 905 4183 1299 4247; x_wconf 75' lang='lat' dir='ltr'><strong>ignorationem.</strong></span> <span class='ocrx_word' id='word_1_299' title='bbox 1348 4182 1437 4231; x_wconf 89' lang='lat' dir='ltr'><strong>Sic</strong></span> <span class='ocrx_word' id='word_1_300' title='bbox 1454 4182 1585 4231; x_wconf 90' lang='lat' dir='ltr'><strong>dici-</strong></span> 
     </span>
     <span class='ocr_line' id='line_1_58' title="bbox 526 4258 1585 4322; baseline -0.002 -11"><span class='ocrx_word' id='word_1_301' title='bbox 526 4267 613 4311; x_wconf 87' lang='lat' dir='ltr'><strong>tur</strong></span> <span class='ocrx_word' id='word_1_302' title='bbox 638 4258 744 4312; x_wconf 79' lang='grc' dir='ltr'><strong><em>ὄνος</em></strong></span> <span class='ocrx_word' id='word_1_303' title='bbox 773 4262 824 4311; x_wconf 68' lang='grc' dir='ltr'><strong>ἐν</strong></span> <span class='ocrx_word' id='word_1_304' title='bbox 846 4258 1071 4322; x_wconf 70' lang='grc' dir='ltr'><strong>πιθήκοις,</strong></span> <span class='ocrx_word' id='word_1_305' title='bbox 1095 4263 1126 4289; x_wconf 80' lang='lat'>“</span> <span class='ocrx_word' id='word_1_306' title='bbox 1154 4260 1324 4311; x_wconf 85' lang='lat' dir='ltr'><strong>asinus</strong></span> <span class='ocrx_word' id='word_1_307' title='bbox 1353 4258 1494 4309; x_wconf 82' lang='lat' dir='ltr'><strong>inter</strong></span> <span class='ocrx_word' id='word_1_308' title='bbox 1516 4259 1585 4309; x_wconf 85' lang='lat' dir='ltr'><strong>si-</strong></span> 
     </span>
    </p>
   </div>
   <div class='ocr_carea' id='block_1_25' title="bbox 1385 4466 1571 4507">
    <p class='ocr_par' dir='ltr' id='par_1_25' title="bbox 1385 4466 1571 4507">
     <span class='ocr_line' id='line_1_59' title="bbox 1385 4466 1571 4507; baseline -0.016 0"><span class='ocrx_word' id='word_1_309' title='bbox 1385 4466 1462 4507; x_wconf 54' lang='lat' dir='ltr'><strong>A?</strong></span> <span class='ocrx_word' id='word_1_310' title='bbox 1569 4501 1571 4504; x_wconf 13' lang='grc' dir='ltr'><em>Α</em></span> 
     </span>
    </p>
   </div>
   <div class='ocr_carea' id='block_1_26' title="bbox 1663 2954 2737 4328">
    <p class='ocr_par' dir='ltr' id='par_1_26' title="bbox 1663 2954 2737 4328">
     <span class='ocr_line' id='line_1_60' title="bbox 1667 2954 2731 3020; baseline -0.001 -15"><span class='ocrx_word' id='word_1_311' title='bbox 1667 2955 1795 3020; x_wconf 72' lang='lat' dir='ltr'><strong>mles</strong></span> <span class='ocrx_word' id='word_1_312' title='bbox 1813 2954 1847 3006; x_wconf 72' lang='grc' dir='ltr'><strong>ε’</strong></span> <span class='ocrx_word' id='word_1_313' title='bbox 1881 2956 1986 3006; x_wconf 89' lang='grc' dir='ltr'><strong><em>ὄνος</em></strong></span> <span class='ocrx_word' id='word_1_314' title='bbox 1997 2955 2050 3005; x_wconf 67' lang='grc' dir='ltr'><strong>ἐν</strong></span> <span class='ocrx_word' id='word_1_315' title='bbox 2063 2954 2321 3020; x_wconf 49' lang='lat' dir='ltr'><strong>nsaiwan,</strong></span> <span class='ocrx_word' id='word_1_316' title='bbox 2352 2954 2368 2985; x_wconf 80' lang='lat'><strong><em>⁴</em></strong></span> <span class='ocrx_word' id='word_1_317' title='bbox 2395 2954 2571 3006; x_wconf 87' lang='lat' dir='ltr'><strong>asinus</strong></span> <span class='ocrx_word' id='word_1_318' title='bbox 2595 2955 2731 3005; x_wconf 84' lang='lat' dir='ltr'><strong>inter</strong></span> 
     </span>
     <span class='ocr_line' id='line_1_61' title="bbox 1669 3031 2735 3096; baseline -0.002 -14"><span class='ocrx_word' id='word_1_319' title='bbox 1669 3031 1834 3096; x_wconf 86' lang='lat' dir='ltr'><strong>apes,&#39;</strong></span> <span class='ocrx_word' id='word_1_320' title='bbox 1868 3032 1989 3082; x_wconf 87' lang='lat' dir='ltr'><strong>dum</strong></span> <span class='ocrx_word' id='word_1_321' title='bbox 2013 3033 2202 3082; x_wconf 84' lang='lat' dir='ltr'><strong>stultus</strong></span> <span class='ocrx_word' id='word_1_322' title='bbox 2224 3032 2362 3082; x_wconf 88' lang='lat' dir='ltr'><strong>inter</strong></span> <span class='ocrx_word' id='word_1_323' title='bbox 2382 3031 2620 3094; x_wconf 87' lang='lat' dir='ltr'><strong>callidos,</strong></span> <span class='ocrx_word' id='word_1_324' title='bbox 2644 3034 2735 3080; x_wconf 89' lang='lat' dir='ltr'><strong>aut</strong></span> 
     </span>
     <span class='ocr_line' id='line_1_62' title="bbox 1669 3106 2735 3175; baseline -0.004 -17"><span class='ocrx_word' id='word_1_325' title='bbox 1669 3110 1818 3175; x_wconf 78' lang='lat' dir='ltr'><strong>piger</strong></span> <span class='ocrx_word' id='word_1_326' title='bbox 1841 3109 1976 3159; x_wconf 88' lang='lat' dir='ltr'><strong>inter</strong></span> <span class='ocrx_word' id='word_1_327' title='bbox 1998 3110 2203 3161; x_wconf 86' lang='lat' dir='ltr'><strong>sedulos</strong></span> <span class='ocrx_word' id='word_1_328' title='bbox 2225 3109 2470 3162; x_wconf 86' lang='lat' dir='ltr'><strong>occurrit.</strong></span> <span class='ocrx_word' id='word_1_329' title='bbox 2514 3109 2600 3158; x_wconf 89' lang='lat' dir='ltr'><strong>Sic</strong></span> <span class='ocrx_word' id='word_1_330' title='bbox 2625 3106 2735 3159; x_wconf 71' lang='grc' dir='ltr'><strong><em>ὄνον</em></strong></span> 
     </span>
     <span class='ocr_line' id='line_1_63' title="bbox 1672 3183 2734 3251; baseline -0.004 -15"><span class='ocrx_word' id='word_1_331' title='bbox 1672 3185 1970 3249; x_wconf 61' lang='grc' dir='ltr'><strong>κεφαλὴνμὴ</strong></span> <span class='ocrx_word' id='word_1_332' title='bbox 1990 3184 2187 3237; x_wconf 73' lang='grc' dir='ltr'><strong>πλύνειν</strong></span> <span class='ocrx_word' id='word_1_333' title='bbox 2205 3185 2361 3251; x_wconf 68' lang='grc' dir='ltr'><strong><em>νίτρῳ,</em></strong></span> <span class='ocrx_word' id='word_1_334' title='bbox 2381 3187 2398 3214; x_wconf 88' lang='lat'>‘</span> <span class='ocrx_word' id='word_1_335' title='bbox 2423 3183 2555 3234; x_wconf 72' lang='lat' dir='ltr'><strong>asini</strong></span> <span class='ocrx_word' id='word_1_336' title='bbox 2572 3189 2734 3247; x_wconf 76' lang='lat' dir='ltr'><strong>caput</strong></span> 
     </span>
     <span class='ocr_line' id='line_1_64' title="bbox 1669 3260 2735 3327; baseline -0.002 -15"><span class='ocrx_word' id='word_1_337' title='bbox 1669 3277 1734 3312; x_wconf 91' lang='lat' dir='ltr'><strong>ne</strong></span> <span class='ocrx_word' id='word_1_338' title='bbox 1757 3263 1897 3312; x_wconf 84' lang='lat' dir='ltr'><strong>laves</strong></span> <span class='ocrx_word' id='word_1_339' title='bbox 1930 3263 2104 3325; x_wconf 88' lang='lat' dir='ltr'><strong>nitro,&#39;</strong></span> <span class='ocrx_word' id='word_1_340' title='bbox 2137 3264 2257 3312; x_wconf 89' lang='lat' dir='ltr'><strong>dum</strong></span> <span class='ocrx_word' id='word_1_341' title='bbox 2282 3260 2570 3327; x_wconf 85' lang='lat' dir='ltr'><strong>prohiberis</strong></span> <span class='ocrx_word' id='word_1_342' title='bbox 2610 3274 2735 3324; x_wconf 90' lang='lat' dir='ltr'><strong>ope·</strong></span> 
     </span>
     <span class='ocr_line' id='line_1_65' title="bbox 1668 3336 2730 3402; baseline -0.002 -15"><span class='ocrx_word' id='word_1_343' title='bbox 1668 3352 1778 3388; x_wconf 90' lang='lat' dir='ltr'><strong>ram</strong></span> <span class='ocrx_word' id='word_1_344' title='bbox 1821 3339 2047 3402; x_wconf 85' lang='lat' dir='ltr'><strong>perdere</strong></span> <span class='ocrx_word' id='word_1_345' title='bbox 2091 3339 2144 3388; x_wconf 90' lang='lat' dir='ltr'><strong>in</strong></span> <span class='ocrx_word' id='word_1_346' title='bbox 2186 3337 2436 3389; x_wconf 88' lang='lat' dir='ltr'><strong>docendis</strong></span> <span class='ocrx_word' id='word_1_347' title='bbox 2480 3336 2730 3386; x_wconf 87' lang='lat' dir='ltr'><strong>rudibus:</strong></span> 
     </span>
     <span class='ocr_line' id='line_1_66' title="bbox 1669 3412 2734 3480; baseline -0.002 -15"><span class='ocrx_word' id='word_1_348' title='bbox 1669 3415 2102 3480; x_wconf 88' lang='lat' dir='ltr'><strong>quemadmodum</strong></span> <span class='ocrx_word' id='word_1_349' title='bbox 2158 3414 2410 3465; x_wconf 87' lang='lat' dir='ltr'><strong>Horatius</strong></span> <span class='ocrx_word' id='word_1_350' title='bbox 2461 3413 2534 3462; x_wconf 90' lang='lat' dir='ltr'><strong>ait</strong></span> <span class='ocrx_word' id='word_1_351' title='bbox 2572 3412 2661 3462; x_wconf 89' lang='lat' dir='ltr'><strong>lib.</strong></span> <span class='ocrx_word' id='word_1_352' title='bbox 2696 3426 2734 3463; x_wconf 85' lang='lat'><strong>1.</strong></span> 
     </span>
     <span class='ocr_line' id='line_1_67' title="bbox 1665 3487 2735 3554; baseline -0.004 -13"><span class='ocrx_word' id='word_1_353' title='bbox 1665 3491 1776 3542; x_wconf 80' lang='lat' dir='ltr'><strong>Sat.</strong></span> <span class='ocrx_word' id='word_1_354' title='bbox 1802 3494 1848 3541; x_wconf 82' lang='lat'><strong>1.</strong></span> <span class='ocrx_word' id='word_1_355' title='bbox 1881 3491 1899 3520; x_wconf 77' lang='lat'><em>⁴</em></span> <span class='ocrx_word' id='word_1_356' title='bbox 1931 3490 2129 3541; x_wconf 84' lang='lat' dir='ltr'><strong>Infelix</strong></span> <span class='ocrx_word' id='word_1_357' title='bbox 2168 3504 2378 3554; x_wconf 87' lang='lat' dir='ltr'><strong>operam</strong></span> <span class='ocrx_word' id='word_1_358' title='bbox 2418 3487 2640 3553; x_wconf 83' lang='lat' dir='ltr'><strong>perdas:</strong></span> <span class='ocrx_word' id='word_1_359' title='bbox 2676 3494 2735 3538; x_wconf 87' lang='lat' dir='ltr'><strong>ut</strong></span> 
     </span>
     <span class='ocr_line' id='line_1_68' title="bbox 1666 3567 2734 3634; baseline -0.004 -14"><span class='ocrx_word' id='word_1_360' title='bbox 1666 3570 1711 3621; x_wconf 89' lang='lat' dir='ltr'><strong>si</strong></span> <span class='ocrx_word' id='word_1_361' title='bbox 1735 3571 1849 3634; x_wconf 91' lang='lat' dir='ltr'><strong>quis</strong></span> <span class='ocrx_word' id='word_1_362' title='bbox 1874 3571 2089 3619; x_wconf 87' lang='lat' dir='ltr'><strong>asellum</strong></span> <span class='ocrx_word' id='word_1_363' title='bbox 2124 3569 2188 3619; x_wconf 93' lang='lat' dir='ltr'><strong>In</strong></span> <span class='ocrx_word' id='word_1_364' title='bbox 2214 3583 2397 3632; x_wconf 89' lang='lat' dir='ltr'><strong>campo</strong></span> <span class='ocrx_word' id='word_1_365' title='bbox 2431 3567 2621 3618; x_wconf 87' lang='lat' dir='ltr'><strong>doceat</strong></span> <span class='ocrx_word' id='word_1_366' title='bbox 2646 3583 2734 3632; x_wconf 87' lang='lat' dir='ltr'><strong>pa·</strong></span> 
     </span>
     <span class='ocr_line' id='line_1_69' title="bbox 1665 3641 2733 3707; baseline -0.001 -12"><span class='ocrx_word' id='word_1_367' title='bbox 1665 3652 1870 3696; x_wconf 89' lang='lat' dir='ltr'><strong>rentem</strong></span> <span class='ocrx_word' id='word_1_368' title='bbox 1892 3659 2105 3696; x_wconf 89' lang='lat' dir='ltr'><strong>currere</strong></span> <span class='ocrx_word' id='word_1_369' title='bbox 2125 3643 2340 3694; x_wconf 82' lang='lat' dir='ltr'><strong>fraenis.’</strong></span> <span class='ocrx_word' id='word_1_370' title='bbox 2387 3645 2471 3693; x_wconf 90' lang='lat' dir='ltr'><strong>Sic</strong></span> <span class='ocrx_word' id='word_1_371' title='bbox 2493 3641 2598 3694; x_wconf 87' lang='grc' dir='ltr'><strong><em>ὄνος</em></strong></span> <span class='ocrx_word' id='word_1_372' title='bbox 2617 3642 2733 3707; x_wconf 76' lang='grc' dir='ltr'><strong><em>πρὸς</em></strong></span> 
     </span>
     <span class='ocr_line' id='line_1_70' title="bbox 1666 3719 2737 3786; baseline -0.002 -13"><span class='ocrx_word' id='word_1_373' title='bbox 1666 3721 1834 3786; x_wconf 70' lang='grc' dir='ltr'><strong><em>αὐλὸν,</em></strong></span> <span class='ocrx_word' id='word_1_374' title='bbox 1861 3721 1878 3751; x_wconf 89' lang='lat'>‘</span> <span class='ocrx_word' id='word_1_375' title='bbox 1896 3722 2071 3772; x_wconf 82' lang='lat' dir='ltr'><strong>asinus</strong></span> <span class='ocrx_word' id='word_1_376' title='bbox 2093 3721 2159 3772; x_wconf 86' lang='lat' dir='ltr'><strong>ad</strong></span> <span class='ocrx_word' id='word_1_377' title='bbox 2180 3721 2361 3772; x_wconf 82' lang='lat' dir='ltr'><strong>tibiam</strong></span> <span class='ocrx_word' id='word_1_378' title='bbox 2381 3719 2415 3771; x_wconf 84' lang='lat'><strong>:’</strong></span> <span class='ocrx_word' id='word_1_379' title='bbox 2450 3720 2555 3771; x_wconf 85' lang='grc' dir='ltr'><strong><em>ὄνος</em></strong></span> <span class='ocrx_word' id='word_1_380' title='bbox 2571 3721 2737 3786; x_wconf 71' lang='grc' dir='ltr'><strong><em>λύρας,</em></strong></span> 
     </span>
     <span class='ocr_line' id='line_1_71' title="bbox 1663 3796 2736 3863; baseline -0.003 -13"><span class='ocrx_word' id='word_1_381' title='bbox 1663 3799 1681 3828; x_wconf 78' lang='lat'><em>⁴</em></span> <span class='ocrx_word' id='word_1_382' title='bbox 1702 3800 1876 3850; x_wconf 85' lang='lat' dir='ltr'><strong>asinus</strong></span> <span class='ocrx_word' id='word_1_383' title='bbox 1897 3798 2057 3862; x_wconf 82' lang='lat' dir='ltr'><strong>lyrae’</strong></span> <span class='ocrx_word' id='word_1_384' title='bbox 2076 3798 2248 3863; x_wconf 89' lang='lat' dir='ltr'><strong>suppl.</strong></span> <span class='ocrx_word' id='word_1_385' title='bbox 2279 3796 2296 3824; x_wconf 90' lang='lat'>‘</span> <span class='ocrx_word' id='word_1_386' title='bbox 2315 3796 2522 3847; x_wconf 89' lang='lat' dir='ltr'><strong>auditor</strong></span> <span class='ocrx_word' id='word_1_387' title='bbox 2536 3796 2571 3860; x_wconf 72' lang='grc' dir='ltr'><strong>ς’</strong></span> <span class='ocrx_word' id='word_1_388' title='bbox 2606 3801 2736 3860; x_wconf 84' lang='lat' dir='ltr'><strong>sive,</strong></span> 
     </span>
     <span class='ocr_line' id='line_1_72' title="bbox 1663 3871 2734 3941; baseline -0.005 -13"><span class='ocrx_word' id='word_1_389' title='bbox 1663 3884 1726 3928; x_wconf 85' lang='lat' dir='ltr'><strong>nt</strong></span> <span class='ocrx_word' id='word_1_390' title='bbox 1743 3876 1831 3927; x_wconf 86' lang='lat' dir='ltr'><strong>alii</strong></span> <span class='ocrx_word' id='word_1_391' title='bbox 1856 3877 2055 3941; x_wconf 82' lang='lat' dir='ltr'><strong>legunt,</strong></span> <span class='ocrx_word' id='word_1_392' title='bbox 2086 3877 2188 3927; x_wconf 85' lang='grc' dir='ltr'><strong><em>ὄνος</em></strong></span> <span class='ocrx_word' id='word_1_393' title='bbox 2205 3874 2320 3940; x_wconf 73' lang='grc' dir='ltr'><strong><em>πρὸς</em></strong></span> <span class='ocrx_word' id='word_1_394' title='bbox 2344 3871 2494 3939; x_wconf 77' lang='grc' dir='ltr'><strong><em>λύραν</em></strong></span> <span class='ocrx_word' id='word_1_395' title='bbox 2521 3875 2538 3902; x_wconf 87' lang='lat'>‘</span> <span class='ocrx_word' id='word_1_396' title='bbox 2562 3876 2734 3924; x_wconf 90' lang='lat' dir='ltr'><strong>asinus</strong></span> 
     </span>
     <span class='ocr_line' id='line_1_73' title="bbox 1664 3951 2737 4018; baseline -0.002 -16"><span class='ocrx_word' id='word_1_397' title='bbox 1664 3952 1731 4002; x_wconf 85' lang='lat' dir='ltr'><strong>ad</strong></span> <span class='ocrx_word' id='word_1_398' title='bbox 1755 3953 1918 4018; x_wconf 79' lang='lat' dir='ltr'><strong>lyram</strong></span> <span class='ocrx_word' id='word_1_399' title='bbox 1938 3951 1975 4002; x_wconf 74' lang='grc' dir='ltr'><strong>ι’</strong></span> <span class='ocrx_word' id='word_1_400' title='bbox 2001 3952 2143 4016; x_wconf 90' lang='lat' dir='ltr'><strong>prior</strong></span> <span class='ocrx_word' id='word_1_401' title='bbox 2164 3952 2324 4002; x_wconf 89' lang='lat' dir='ltr'><strong>lectio</strong></span> <span class='ocrx_word' id='word_1_402' title='bbox 2347 3966 2449 4002; x_wconf 92' lang='lat' dir='ltr'><strong>non</strong></span> <span class='ocrx_word' id='word_1_403' title='bbox 2465 3951 2629 4002; x_wconf 90' lang='lat' dir='ltr'><strong>solum</strong></span> <span class='ocrx_word' id='word_1_404' title='bbox 2654 3958 2737 4001; x_wconf 87' lang='lat' dir='ltr'><strong>est</strong></span> 
     </span>
     <span class='ocr_line' id='line_1_74' title="bbox 1666 4027 2736 4094; baseline 0 -16"><span class='ocrx_word' id='word_1_405' title='bbox 1666 4028 1833 4078; x_wconf 90' lang='lat' dir='ltr'><strong>nostri</strong></span> <span class='ocrx_word' id='word_1_406' title='bbox 1876 4027 2143 4094; x_wconf 87' lang='lat' dir='ltr'><strong>Auctoris,</strong></span> <span class='ocrx_word' id='word_1_407' title='bbox 2196 4028 2309 4078; x_wconf 86' lang='lat' dir='ltr'><strong>sed</strong></span> <span class='ocrx_word' id='word_1_408' title='bbox 2349 4028 2512 4093; x_wconf 86' lang='lat' dir='ltr'><strong>ipsius</strong></span> <span class='ocrx_word' id='word_1_409' title='bbox 2575 4030 2736 4079; x_wconf 89' lang='lat' dir='ltr'><strong>etiam</strong></span> 
     </span>
     <span class='ocr_line' id='line_1_75' title="bbox 1665 4104 2734 4168; baseline -0.001 -14"><span class='ocrx_word' id='word_1_410' title='bbox 1665 4104 1917 4154; x_wconf 86' lang='lat' dir='ltr'><strong>Varronis</strong></span> <span class='ocrx_word' id='word_1_411' title='bbox 1941 4105 1993 4153; x_wconf 92' lang='lat' dir='ltr'><strong>in</strong></span> <span class='ocrx_word' id='word_1_412' title='bbox 2017 4106 2204 4168; x_wconf 84' lang='lat' dir='ltr'><strong>Satyra</strong></span> <span class='ocrx_word' id='word_1_413' title='bbox 2224 4120 2341 4168; x_wconf 82' lang='lat' dir='ltr'><strong>quoe</strong></span> <span class='ocrx_word' id='word_1_414' title='bbox 2365 4111 2734 4154; x_wconf 85' lang='lat' dir='ltr'><strong>testamentum</strong></span> 
     </span>
     <span class='ocr_line' id='line_1_76' title="bbox 1666 4180 2736 4247; baseline -0.004 -14"><span class='ocrx_word' id='word_1_415' title='bbox 1666 4183 1972 4233; x_wconf 87' lang='lat' dir='ltr'><strong>inscribitur</strong></span> <span class='ocrx_word' id='word_1_416' title='bbox 1987 4183 2127 4247; x_wconf 88' lang='lat' dir='ltr'><strong>apud</strong></span> <span class='ocrx_word' id='word_1_417' title='bbox 2145 4180 2406 4246; x_wconf 82' lang='lat' dir='ltr'><strong>Agellium</strong></span> <span class='ocrx_word' id='word_1_418' title='bbox 2430 4182 2464 4229; x_wconf 91' lang='lat' dir='ltr'><strong>l.</strong></span> <span class='ocrx_word' id='word_1_419' title='bbox 2485 4192 2575 4229; x_wconf 86' lang='grc' dir='ltr'><strong>ιιι.</strong></span> <span class='ocrx_word' id='word_1_420' title='bbox 2594 4194 2641 4228; x_wconf 86' lang='lat' dir='ltr'><strong>c.</strong></span> <span class='ocrx_word' id='word_1_421' title='bbox 2657 4183 2736 4229; x_wconf 84' lang='grc'><strong>16.</strong></span> 
     </span>
     <span class='ocr_line' id='line_1_77' title="bbox 1666 4255 2735 4328; baseline -0.004 -17"><span class='ocrx_word' id='word_1_422' title='bbox 1666 4263 1684 4292; x_wconf 89' lang='lat'>‘</span> <span class='ocrx_word' id='word_1_423' title='bbox 1704 4260 1892 4328; x_wconf 85' lang='lat' dir='ltr'><strong>liberi,&#39;</strong></span> <span class='ocrx_word' id='word_1_424' title='bbox 1924 4261 2116 4326; x_wconf 86' lang='lat' dir='ltr'><strong>inquit,</strong></span> <span class='ocrx_word' id='word_1_425' title='bbox 2155 4261 2172 4293; x_wconf 71' lang='lat'><em>⁶</em></span> <span class='ocrx_word' id='word_1_426' title='bbox 2198 4260 2242 4311; x_wconf 87' lang='lat' dir='ltr'><strong>si</strong></span> <span class='ocrx_word' id='word_1_427' title='bbox 2274 4263 2428 4311; x_wconf 86' lang='lat' dir='ltr'><strong>erunt</strong></span> <span class='ocrx_word' id='word_1_428' title='bbox 2459 4255 2557 4309; x_wconf 82' lang='grc' dir='ltr'><strong>ὄνοι</strong></span> <span class='ocrx_word' id='word_1_429' title='bbox 2590 4256 2735 4323; x_wconf 72' lang='grc' dir='ltr'><strong>λύρας</strong></span> 
     </span>
    </p>
   </div>
  </div>
 </body>
</html>
