3049 4928
2388 409 2520 478 111

308 581 441 630 nos
463 563 699 645 etiam,
742 583 921 649 vquos
963 584 1382 652 propugnare
1424 568 1627 633 bonis
1678 568 2095 656 senatuique
2112 566 2141 610 θ
2183 569 2515 653 viderant,

309 666 653 749 perditum
680 669 823 733 ire‘
850 668 1169 736 voluisse.
1258 670 1397 736 Sed
1424 690 1586 736 num
1615 671 1794 737 idem
1823 673 1910 739 de
1938 673 2322 759 patribus“¹
2351 694 2519 760 quo·

309 786 441 849 que
467 769 941 840 merebamur'i
1032 769 1430 851 Meministi,
1461 778 1540 838 ut
1575 774 1852 859 opinor,¹
1889 778 2210 862 quoniam
2238 797 2348 842 me
2370 777 2521 844 dic·

312 875 532 934 turum
566 870 755 955 quid,
784 870 1201 939 facturumve
1231 893 1532 959 praesens
1579 875 1738 961 ipsa
1786 898 2054 965 semper
2070 888 2098 931 ⁷
2137 879 2519 965 dirigebas:

307 973 699 1053 meministi,
745 975 1043 1058 inquam,
1071 973 1364 1043 Veronae
1382 984 1408 1015 ⁶
1449 998 1600 1043 cum
1652 980 1871 1046 Rex·
1888 978 1912 1019 ¹
1948 982 2190 1048 avidus
2220 1001 2521 1048 commu—

305 1075 411 1139 nis
441 1076 669 1156 exitii,
697 1077 1071 1162 majestatis
1100 1080 1350 1146 crimen
1379 1081 1448 1146 in
1477 1080 1795 1149 Albinum
1814 1094 1841 1133 ⁸
1881 1085 2182 1151 delatum
2209 1085 2296 1150 ad
2319 1104 2523 1152 cunc·

305 1182 448 1243 tum
478 1180 778 1246 Senatus
796 1180 1090 1246 ordinem
1120 1184 1472 1248 transferre
1496 1184 1860 1266 moliretur,
1879 1187 2172 1253 universi
2200 1187 2523 1259 innoeen—

307 1272 472 1346 'tiam
502 1283 803 1348 Senatus
836 1288 1091 1368 quanta
1116 1286 1252 1350 mei
1275 1284 1558 1373 periculi
1583 1288 2013 1354 securitate¹⁸⁸
2028 1285 2054 1325 ¹⁸
2098 1275 2521 1355 defenderim.

306 1382 462 1450 Scis
514 1405 632 1451 me
671 1385 821 1453 haec
870 1392 943 1452 et
996 1407 1160 1453 vera
1214 1388 1535 1477 proferre,
1591 1393 1660 1455 et
1700 1391 1769 1455 in
1812 1391 2003 1456 nulla
2046 1410 2343 1476 unquam
2386 1392 2520 1456 mei

1005 419 1528 501 rm-nos‘ormgu
1575 422 1721 474 ma.
1765 425 1822 474 1.
1888 469 1893 472 ,

279 1580 283 1582 ’
367 1569 393 1606 ⁸
421 1573 747 1625 Sea-atomum
768 1573 904 1640 ipsis.
1027 1573 1050 1608 '¹
1084 1576 1132 1626 0
1168 1576 1495 1642 Philosophia.
1625 1585 1664 1611 ¹⁸
1701 1577 2033 1631 Theudoricus.
2159 1586 2189 1611 ⁸·
2224 1578 2492 1630 contemtu.

299 1743 334 1831 7
366 1782 572 1849 Semper
586 1784 691 1848 ipsa
711 1781 910 1849 Delpb.
948 1780 1219 1834 Placia—8
1255 1782 1449 1840 Quanta
1474 1784 1570 1836 mei
1602 1783 1859 1835 comitate
1868 1784 2077 1851 periculi
2098 1782 2223 1835 edd.
2238 1782 2524 1836 eaedem.-

1316 1916 1532 1969 Nom-2

374 2011 400 2048 Ι·
431 2014 760 2078 Propngnm
802 2013 934 2065 bonis
974 2012 1287 2079 Serumque]
1318 2013 1381 2066 ld
1463 2014 1562 2078 ria,
1592 2014 1925 2067 innocentem
1965 2013 2241 2066 Boethium
2281 2011 2401 2063 odio
2435 2011 2527 2062 ha-

310 2099 410 2154 est,
441 2106 551 2156 pro
595 2090 752 2141 bonis
776 2097 845 2141 et
888 2105 986 2155 pro
1016 2091 1235 2141 Senatu.
1290 2090 1381 2141 Sic
1461 2090 1575 2142 beri
1598 2091 1665 2141 ab
1699 2091 1970 2157 improbis,
2001 2091 2166 2156 major
2198 2088 2420 2141 eundem
2456 2088 2522 2140 ab

309 2166 624 2219 Terentius:
681 2168 710 2197 '⁴
735 2167 860 2217 mihi
918 2175 1124 2231 peccat,
1159 2166 1205 2217 si
1257 2166 1381 2233 quid
1460 2168 1542 2219 his
1581 2183 1769 2219 revera
1798 2168 2055 2234 opprimi3
2087 2166 2330 2228 maxima,
2352 2164 2420 2215 ab
2453 2164 2518 2213 iis

311 2242 561 2306 peceat!
603 2243 679 2294 sie
724 2244 996 2310 vuigoetum
1040 2244 1191 2309 iliud,
1238 2244 1258 2273 ‘
1280 2245 1378 2295 tibi
1461 2247 1551 2312 qui
1570 2252 1627 2296 et
1649 2252 1813 2297 aetate
1834 2253 1891 2297 et
1911 2244 2085 2296 officio
2100 2243 2425 2295 tenebantur
2444 2241 2527 2307 ip-

310 2320 511 2371 militat
533 2318 732 2373 aether.’
1458 2337 1575 2373 snm
1628 2321 1808 2374 tueri.
1792 2338 1808 2353 ·
1844 2321 1956 2372 sed
2004 2318 2429 2385 incomprehensa
2467 2323 2527 2368 et

369 2398 692 2448 Pet-ditum
726 2396 824 2462 ire]
863 2398 987 2449 Non
1022 2397 1239 2462 perditos
1273 2398 1379 2451 ire.-
1459 2398 1762 2462 ineffabilis,
1785 2398 1854 2449 ab
1875 2397 2084 2461 iisdem,
2120 2396 2187 2446 de
2206 2395 2391 2461 quibus
2411 2393 2526 2458 ipse

310 2478 580 2540 quoniam,
606 2482 667 2526 ut
695 2476 1033 2541 grammatice
1069 2477 1273 2541 loquar,
1297 2491 1380 2526 su·

310 2555 438 2617 pina
470 2560 595 2604 sunt
619 2553 826 2604 nomina
850 2551 1195 2615 substantiva,
1218 2567 1382 2619 quare

309 2645 414 2681 nec
433 2645 601 2696 genus
624 2636 831 2681 mutant
849 2643 943 2695 pro
960 2627 1169 2680 diverso
1186 2643 1382 2694 genere

312 2707 535 2757 alterius
569 2706 790 2756 nominis
824 2705 1175 2756 substantivi:
1212 2706 1289 2756 ait
1326 2720 1382 2756 e·

308 2784 420 2834 nim
434 2783 637 2834 'Pullius
653 2783 672 2812 ‘
684 2781 1025 2834 madefactum
1041 2782 1104 2833 iri
1118 2783 1383 2834 Graeciam

310 2861 563 2924 sanguine
578 2859 613 2908 ι’
633 2874 732 2911 nec
753 2860 912 2910 etiam
935 2874 1238 2921 numerurm
1263 2873 1381 2910 cum

309 2936 496 2987 Livius
536 2936 698 3000 dicat,
728 2935 755 2964 ⁴
782 2936 1055 2987 iatrocinia
1100 2936 1166 2986 iri
1210 2935 1383 2986 subla-

312 3020 426 3064 tum
444 3013 479 3063 :’
511 3013 607 3063 sed
626 3028 777 3063 nemo
802 3012 915 3062 haec
937 3011 1122 3064 nescit.

309 3106 318 3111 ’
378 3088 404 3122 ‘¹
436 3090 522 3139 De
538 3089 780 3154 patribus]
813 3089 1189 3141 Senatoribusr.
1223 3089 1383 3140 Sena·

311 3170 461 3215 tores
496 3167 635 3216 enim
666 3165 913 3216 dicuntur
937 3173 1113 3230 patres
1137 3175 1193 3216 et
1220 3173 1383 3218 aetate

317 3248 372 3292 et
392 3240 589 3304 officio,
606 3250 667 3292 ut
688 3242 842 3292 docet
858 3243 1073 3294 Sallust.
1090 3243 1240 3294 initio
1257 3245 1379 3294 Bel-

309 3317 353 3367 «li
379 3318 705 3369 Catilinam-2
728 3319 744 3346 ‘
767 3319 1056 3385 hi,’iuquit,
1076 3322 1094 3349 ‘
1118 3321 1200 3369 vel
1219 3326 1379 3372 aetate

240 3451 242 3453 ¹
309 3395 399 3443 ·vel
424 3410 567 3444 curae
604 3394 963 3459 similitudine,
987 3397 1181 3448 Patres
1206 3398 1387 3463 appel·

308 3470 596 3522 labantur?
665 3471 839 3522 AEtate
874 3473 1104 3539 quidem,
1126 3469 1267 3540 quod
1307 3475 1384 3524 in-

313 3555 427 3597 star
470 3555 678 3612 patrum
708 3549 818 3599 sint
850 3555 977 3599 natu
1006 3551 1271 3614 grandes:
1306 3551 1383 3602 sic

313 3625 517 3691 quippe
535 3626 603 3676 ab
630 3633 795 3677 aetate
810 3628 965 3677 senili
979 3628 1120 3679 dicti
1138 3635 1267 3679 sunt
1290 3626 1382 3680 Se·

319 3711 550 3766 nator-es,
576 3711 637 3755 nt
666 3704 779 3768 jam
809 3706 1126 3756 monuimus.
1185 3704 1383 3757 Officio

317 3795 463 3844 vero,
497 3779 638 3846 quod
672 3781 808 3831 sicut
851 3787 1032 3846 patres
1074 3781 1207 3832 filios
1243 3798 1384 3849 suos,

313 3858 390 3909 ita
422 3858 499 3908 illi
519 3856 919 3922 Rempublicam
952 3865 1173 3910 curentz
1206 3859 1299 3909 hos
1328 3874 1384 3910 e-

317 3936 442 4000 nim,
457 3935 627 4000 inquit
644 3936 853 3998 Festus,
874 3935 1060 3989 ‘initio
1083 3936 1243 3987 Urbis
1261 3950 1383 3987 con-

284 4077 286 4080 Α
313 4012 441 4062 {litte
467 4011 717 4061 Romulus
753 4019 962 4063 centum
999 4000 1215 4077 delegit,
1250 4020 1308 4064 ut
1329 4028 1383 4064 a·

319 4103 529 4153 grorum
553 4094 733 4154 partes
756 4090 1111 4141 attribuerent
1130 4090 1385 4141 tenuiori-

319 4166 435 4231 bus,
455 4165 679 4232 proinde
702 4181 762 4217 ac
796 4166 996 4229 liberis,
1034 4181 1097 4217 ac
1134 4167 1385 4232 pecunias

319 4241 654 4300 dividerent?
710 4242 867 4306 Vide,
886 4250 946 4294 ut
965 4250 1172 4294 crescat
1192 4244 1388 4309 injuria

323 4319 545 4373 Boethio
563 4320 741 4374 illatas
782 4333 902 4374 nam
929 4335 1118 4389 magna
1139 4329 1224 4375 est
1255 4322 1388 4388 inju-

1460 2477 1715 2528 Boethius
1739 2475 1899 2527 dictis
1929 2473 2156 2526 saetisve
2193 2472 2393 2539 optime
2414 2485 2522 2522 me·

1462 2555 1597 2606 ritus
1616 2553 1733 2606 fuit.

1454 2662 1460 2671 ·
1524 2638 1550 2666 ⁸
1589 2631 1810 2698 Veronae]
1843 2631 2053 2681 Verona
2085 2633 2168 2678 est
2202 2625 2387 2678 civitas
2419 2626 2529 2676 Ve-

1462 2708 1620 2758 netiae
1658 2723 1774 2774 quae
1817 2723 1849 2758 a
1896 2705 2066 2758 Gallis
2116 2703 2345 2765 condita,
2391 2701 2526 2752 duee

1463 2784 1698 2847 Brenno,
1723 2799 1755 2833 a
1775 2797 1877 2848 quo
1910 2784 2136 2832 Brenono
2172 2779 2417 2845 primum,
2439 2778 2530 2829 de·

1464 2860 1589 2911 inde
1619 2860 1821 2922 Verona,
1855 2864 2073 2909 auctore
2110 2856 2322 2908 Justino
2353 2856 2390 2906 1.
2423 2868 2528 2909 xx-

1461 2939 1604 2989 dicta
1637 2943 1734 2988 est.
1799 2938 1881 2987 Ex
1920 2930 2182 2985 hacnrbe
2216 2939 2532 2997 praestantes

1462 3014 1565 3065 viri
1602 3014 1708 3065 orti
1749 3019 1871 3064 snut
1887 3029 1915 3075 ς·
1965 3017 2025 3062 ut
2055 3010 2318 3072 Catullus,
2358 3008 2530 3060 Julius

1463 3092 1719 3158 Scaliger,
1762 3099 1837 3156 et,
1873 3096 1938 3141 ut
1979 3087 2285 3155 quibusdam
2329 3088 2529 3152 placet,

1464 3169 1689 3221 Plinius.

1523 3241 1546 3278 ἴ
1577 3246 1698 3294 Cum
1722 3243 1861 3308 Rex]
1888 3238 2264 3304 Theudoricus,
2298 3236 2388 3305 qui
2411 3243 2529 3289 erat

1461 3322 1585 3372 Rex
1618 3322 1813 3372 Italiae.

1531 3406 1558 3442 8
1583 3398 1863 3461 Maiestatis
1883 3395 2064 3446 crimen
2083 3394 2139 3445 in
2156 3391 2427 3457 Albinum]
2439 3392 2528 3443 De

1465 3474 1686 3527 crimine
1707 3473 1993 3540 majestatis
2014 3472 2213 3523 dictum
2246 3470 2406 3521 estin
2428 3469 2529 3519 hac

1465 3568 1622 3618 prosa
1641 3550 2000 3604 Annotatione
2017 3557 2058 3614 ⁸,
2096 3548 2164 3598 de
2191 3546 2381 3597 Albino
2404 3558 2529 3595 vero

1465 3630 1666 3680 Annot.
1685 3637 1728 3691 8,
1746 3629 1880 3678 siout
1906 3634 1962 3678 et
1985 3627 2053 3675 de
2075 3627 2274 3675 Senatu
2294 3622 2489 3675 Annot.
2505 3628 2532 3656 ἶ

1531 3705 1557 3742 ¹¹
1592 3709 1788 3766 Quanta
1807 3708 1899 3757 mei
1915 3706 2118 3770 periculi
2135 3701 2417 3765 maritate]
2432 3701 2529 3751 Se-

1465 3787 1681 3849 curitas,
1703 3787 1945 3852 inquiunt
1961 3781 2372 3846 Philosophi‚est
2386 3786 2533 3830 recta

1453 3863 1776 3930 placidaque
1817 3860 2028 3922 mentis,
2060 3859 2197 3913 maia
2232 3855 2534 3921 impenden-

1464 3939 1544 3990 tia
1602 3954 1708 3990 nen
1763 3936 2035 3998 curantis,·
2062 3932 2373 3985 constitutio
2398 3948 2441 3982 :-
2470 3937 2533 3982 ut

1466 4015 1604 4065 euim
1628 4031 1659 4065 a
1679 4016 1695 4043 ‘
1712 4012 1857 4065 eura’
1881 4012 2075 4070 dicitnr
2106 4010 2123 4039 ‘
2144 4009 2380 4059 curiosus
2397 4005 2416 4031 ’
2443 4004 2534 4072 qui

1465 4093 1483 4120 ‘
1508 4105 1636 4141 cura
1678 4097 1874 4156 preter
1905 4088 2116 4140 modum
2152 4082 2359 4148 utitur,’
2391 4091 2531 4133 teste

1464 4169 1706 4219 Varrone
1729 4181 1785 4217 v.
1823 4165 1894 4216 de
1928 4165 2062 4217 L.L.
2097 4162 2172 4212 sic
2211 4175 2245 4210 a
2279 4172 2427 4208 cura
2443 4164 2531 4211 est

1455 4252 1703 4308 securus,
1733 4244 1823 4310 qui
1854 4248 1949 4293 est
1965 4241 2077 4293 siue
2098 4252 2258 4288 eura.
2290 4234 2413 4283 hine
2451 4241 2533 4284 se·

1452 4321 1665 4372 «coritas
1687 4281 1780 4369 ’hic
1812 4322 1896 4368 est
1925 4313 2146 4383 periculi
2186 4309 2400 4363 incuria
2410 4311 2533 4361 siv-e
