3049 4928
1003 422 1530 474 thosopmAE
1580 423 1724 472 Lm.
1770 423 1870 471 IV.

2383 364 2574 475 331⁸

845 566 893 635 J
898 589 1006 635 am
1036 574 1256 634 tamen
1284 567 1464 633 mala
1490 562 1806 651 remiges‘

851 672 985 737 Ore
1015 671 1264 756 pocula
1292 676 1678 736 traxerant:

841 773 888 840 J
893 794 1000 838 am
1032 793 1190 839 sues
1221 771 1529 838 Cerealia

845 876 1110 942 Glande
1140 878 1398 960 pabula
1424 880 1793 957 vertet-anu

844 980 933 1044 Et
957 981 1123 1044 nihil
1150 987 1377 1045 manet
1403 979 1733 1062 integrum

849 1080 1063 1158 Voce,
1097 1101 1402 1166 corpore,
1432 1080 1754 1164 perditis:

847 1185 1018 1250 Sola
1045 1206 1228 1250 mens
1249 1195 1275 1233 ⁸
1317 1185 1585 1251 stabilis
1614 1202 1818 1267 super

852 1286 1155 1353 Monstra
1183 1307 1337 1372 quae
1369 1288 1626 1371 patitur
1656 1285 1882 1367 gemit.

338 1503 640 1553 nihilominus
673 1502 877 1564 remiges
910 1502 1112 1564 eiusdem
1147 1504 1280 1554 ducis
1303 1503 1410 1565 jam
1442 1518 1526 1553 ore
1558 1503 1810 1553 hauserunt
1841 1500 2052 1566 potiones
2068 1500 2246 1558 mala-53
2282 1498 2390 1560 jam
2398 1499 2528 1559 facti

326 1584 437 1618 sues
457 1573 758 1618 mutaverant
774 1569 948 1629 glande
965 1584 1153 1632 panem,
1179 1570 1368 1618 Cereris
1388 1584 1572 1629 munus,
1592 1569 1864 1631 amissisque
1885 1567 2065 1630 loquela
2085 1565 2302 1626 etsorma
2323 1565 2530 1628 corporis
2631 1569 2637 1573 “

1070 1633 1179 1683 Una
1198 1649 1330 1684 mens
1350 1639 1585 1698 superstes
1612 1635 1739 1684 dolet
1775 1632 1999 1697 prodigia
2021 1646 2123 1696 quoe
2144 1631 2248 1694 ipsa
2267 1629 2410 1680 subit.
2480 1630 2526 1678 Ο

328 1633 450 1684 nihil
468 1639 712 1698 supererat
733 1633 996 1696 integrum.

1315 1789 1538 1841 NOTAE

337 1928 555 1972 vocatur
574 1922 591 1950 ⁴
606 1918 847 1985 Numen,’
863 1920 987 1986 quia
997 1921 1146 1973 Jovis
1163 1926 1219 1971 et
1236 1920 1393 1970 Maiae

342 1998 500 2061 filius,
516 1998 679 2047 instar
699 1998 967 2062 cujusdam
989 1998 1247 2059 Numinis,
1259 2012 1396 2061 prte-

1479 1921 1698 1980 Remex‚
1722 1934 1754 1970 a
1788 1934 1930 1971 remo
1964 1918 2157 1980 dictus,
2192 1916 2277 1967 ille
2306 1923 2408 1979 est,
2441 1916 2533 1982 qni

1476 2011 1620 2047 remo
1658 2011 1754 2061 per
1797 2011 1957 2062 aquas
2000 2001 2276 2060 promovet
2317 1995 2527 2044 navim:

343 2076 517 2126 sidere
560 2075 872 2126 credebatur
908 2089 1012 2124 non
1050 2076 1213 2124 solnm
1246 2075 1391 2125 lucro
1474 2074 1763 2139 cuiusmodi
1800 2082 1955 2125 erant
1988 2074 2062 2124 illi
2097 2071 2299 2137 Ulyssis
2323 2072 2532 2131 milites,

344 2160 448 2202 tam
472 2153 690 2217 injusto,
723 2166 875 2216 quam
906 2152 1073 2216 justo,
1101 2151 1192 2202 sed
1231 2152 1384 2201 etiam
1475 2153 1669 2217 quippe
1693 2152 1780 2217 qui
1798 2151 2001 2215 eadem,
2022 2165 2128 2217 qua
2145 2151 2378 2213 Ulysses,
2399 2163 2532 2198 nave

339 2227 598 2280 facundia·
635 2245 649 2278 z
694 2228 831 2278 unde
848 2228 1076 2278 Deorum
1093 2229 1396 2278 nuntiusha-

337 2305 524 2356 betur:
548 2312 802 2370 quatenus
830 2310 1029 2354 mentes
1050 2303 1275 2355 facundo
1294 2319 1399 2354 ser·

336 2396 489 2432 mone
506 2381 852 2431 innotescunt.
873 2380 977 2431 Sed
993 2380 1183 2431 dicitur
1198 2382 1401 2431 Numen

345 2461 363 2487 ⁴
386 2458 527 2509 alitis
547 2457 580 2519 3'
612 2458 851 2524 quoniam
874 2458 979 2508 alas
1001 2458 1134 2508 utin
1159 2456 1401 2522 pedibus,

346 2538 421 2588 sic
461 2537 515 2585 in
557 2537 731 2599 capite
761 2550 942 2599 gerere
981 2550 1047 2585 ex
1079 2550 1142 2586 eo
1162 2534 1400 2600 fingitur,

348 2614 486 2679 qnod
519 2628 707 2677 sermo,
748 2613 832 2662 cui
867 2613 1132 2677 praesidet,
1153 2626 1247 2675 per
1280 2609 1403 2660 aera

350 2692 601 2742 velociter
617 2689 833 2741 feratur.
898 2690 1109 2739 Dicitur
1125 2687 1278 2737 etiam
1294 2686 1404 2735 Nu·

345 2784 465 2819 men
507 2770 648 2819 alitis
689 2770 704 2797 ‘
730 2767 949 2818 Arcadis
967 2766 1002 2817 ι’
1057 2766 1177 2831 quia
1208 2765 1273 2814 ab
1309 2763 1405 2812 Ar-

354 2847 485 2897 cade
522 2846 672 2898 Jovis
706 2854 760 2896 et
793 2846 1019 2895 Calistus
1038 2841 1148 2891 filio
1172 2839 1401 2890 Arcades

346 2924 602 2987 originem
623 2935 914 2987 nomenque
938 2919 1228 2969 duxerunt:
1263 2916 1406 2965 Mer-

351 2999 523 3049 curius
566 3006 739 3047 antem
779 3005 931 3045 natus
965 2996 1122 3045 estin
1145 2992 1402 3043 Arcadia:

348 3075 489 3125 unde
501 3074 754 3137 Virgilius
769 3072 1001 3123 Arcades
1021 3072 1273 3120 allocutus
1284 3082 1406 3117 vm.

353 3151 474 3202 AEn.
499 3167 575 3201 vs.
601 3155 713 3200 138.
776 3150 792 3178 ‘
814 3149 978 3199 Vobis
999 3146 1293 3198 Mercurius
1316 3160 1407 3210 pa·

346 3236 431 3279 ter
452 3236 556 3290 est,
589 3241 737 3291 quem
754 3226 980 3276 candida
1003 3224 1143 3273 Maia
1163 3223 1406 3287 Cyllenes

348 3305 523 3371 gelido
544 3313 852 3367 conceptum
872 3301 1070 3351 vertice
1092 3299 1261 3350 fudit!
1298 3300 1407 3347 De-

348 3384 508 3447 nique
527 3379 823 3430 Mercurius
841 3380 1015 3444 Ulyssi
1032 3378 1185 3427 variis
1205 3375 1411 3427 casibus

336 3461 549 3525 jactato
585 3457 799 3507 herbam
843 3456 1080 3517 dederat,
1123 3455 1270 3519 cujus
1313 3464 1410 3515 ope

345 3538 602 3588 liberatus
636 3540 720 3585 est
774 3534 840 3585 ab
893 3533 1152 3584 insidiosis
1208 3530 1406 3597 poculis

346 3614 552 3665 Circes.
622 3611 779 3663 Ovid.
807 3624 929 3661 xiv.
951 3611 1170 3661 Metam.
1192 3624 1267 3659 vs.
1292 3613 1408 3658 296.

344 3687 364 3719 '‘
384 3687 609 3739 Pacifer
630 3687 749 3738 huic
785 3686 1005 3737 dederat
1038 3685 1219 3736 florem
1242 3686 1411 3752 Cylle-

346 3767 466 3817 nius
491 3765 695 3815 album:
716 3765 862 3829 Moly
884 3772 1074 3815 vocant
1094 3765 1313 3828 Superit
1336 3764 1412 3813 ni·
1447 3767 1452 3768 ’

351 3858 448 3909 gra
464 3842 645 3892 radice
668 3849 894 3892 tenetur.
956 3842 1120 3891 Tutus
1143 3855 1228 3903 eo,
1246 3840 1410 3889 moni-

347 3923 525 3987 risque
542 3920 692 3970 simul
711 3917 1009 3969 coelestibus
1024 3918 1187 3968 intrat
1203 3918 1302 3967 Ille
1320 3917 1411 3967 do-

347 4013 494 4049 mum
517 3996 717 4059 Circes,
756 4003 810 4045 et
833 3994 899 4044 ad
922 3994 1169 4044 insidiosa
1205 4002 1417 4045 vocatus

351 4077 557 4128 Pocula
588 4083 864 4125 conantem
897 4076 1045 4138 virga
1077 4075 1306 4125 mulcere
1332 4090 1418 4126 ca-

350 4156 512 4221 pillos
533 4153 771 4218 Repulit,
787 4161 841 4202 et
859 4152 1042 4203 stricto
1065 4152 1308 4216 pavidam
1327 4154 1416 4203 de-

361 4232 556 4284 terruit
579 4229 741 4281 ense-⁹
907 4227 911 4232 '

452 4308 473 4343 f
513 4310 632 4361 Jam
688 4313 844 4359 tumn
880 4307 1007 4358 mala
1047 4305 1270 4370 remiges,
1310 4305 1416 4370 ξω]

1479 2229 1638 2291 vecti,
1649 2228 1783 2279 hanc
1796 2227 2101 2277 movebant:
2140 2240 2257 2275 nam
2274 2224 2411 2274 ‘haec
2427 2238 2532 2273 ser-

1481 2313 1601 2357 vata
1635 2307 1879 2356 manebat
1910 2305 2035 2356 Sola
2069 2304 2234 2368 ipsum
2267 2302 2534 2366 sociosque

1481 2381 1692 2432 ferens.’
1752 2383 1826 2432 Hi
1871 2387 2044 2432 autem
2089 2380 2290 2444 Ulyssis
2343 2378 2536 2427 milites

1480 2460 1590 2509 sive
1613 2459 1735 2509 socii
1766 2474 1797 2508 a
1829 2474 1920 2509 suo
1945 2459 2161 2508 ductore
2186 2454 2436 2521 praemissi
2455 2452 2535 2505 fu-

1481 2543 1636 2585 erant
1654 2535 1720 2585 ad
1751 2536 1939 2586 Circen
1964 2533 2272 2600 explorandi
2305 2547 2478 2594 causa,
2508 2547 2548 2579 a⁴

1484 2627 1607 2677 qua,
1625 2620 1901 2677 antequam
1927 2611 2037 2676 ipse
2073 2611 2289 2673 Ulysses
2309 2608 2542 2658 advenis-

1484 2696 1584 2748 set,
1605 2689 1720 2752 jam
1757 2689 1940 2738 hausto
1964 2687 2149 2752 poculo
2183 2687 2237 2734 in
2274 2699 2388 2733 sues
2421 2698 2542 2734 con·

1483 2767 1619 2815 versi
1658 2765 1886 2830 fueraut,
1920 2772 1978 2815 et
2015 2778 2200 2829 panem
2233 2762 2342 2812 sive
2380 2761 2542 2825 pabu-

1482 2843 1537 2892 la
1558 2842 1797 2891 Cerealia
1830 2840 2018 2906 glande
2059 2844 2341 2889 verterant.
2383 2838 2542 2887 ovid.

1484 2933 1609 2969 xxv.
1658 2920 1875 2970 Metam.
1916 2934 1990 2968 vs.
2033 2922 2146 2968 281.
2210 2914 2545 2979 ‘Accipimus

1486 3012 1637 3047 sacra
1676 2996 1799 3044 data
1822 2996 2008 3059 pocula
2041 2994 2260 3043 dextra:
2306 2994 2438 3044 Quae
2470 2991 2537 3040 si·

1486 3074 1595 3123 mul
1651 3073 1818 3122 arenti
1856 3072 2093 3121 sitientes
2130 3069 2391 3118 hausimus
2431 3082 2542 3129 ore,

1489 3149 1558 3199 Et
1605 3149 1782 3213 tetigit
1822 3162 2044 3197 summos
2091 3146 2232 3208 virga
2268 3146 2388 3194 Dea
2428 3143 2540 3192 dira

1489 3228 1723 3290 capillos,
1748 3226 1845 3291 (Et
1861 3224 2024 3289 pudet
2044 3231 2099 3273 et
2122 3218 2389 3285 referam,)
2415 3220 2541 3269 setis

1487 3305 1786 3353 horrescere
1800 3302 1955 3366 coepi,
1971 3300 2197 3363 Necjam
2216 3311 2366 3362 posse
2379 3296 2544 3362 loqni3

1492 3395 1588 3443 pro
1608 3379 1784 3429 verbis
1805 3377 1962 3429 edere
1987 3391 2196 3427 raucum
2218 3376 2473 3433 Murmur,
2490 3381 2546 3423 et

1492 3458 1544 3507 in
1581 3466 1775 3507 terram
1832 3462 1946 3505 toto
1980 3453 2322 3520 procumbere
2359 3452 2541 3501 vultu:

1488 3534 1671 3597 Osque
1686 3547 1854 3583 meum
1868 3531 2003 3581 sensi
2012 3530 2182 3595 pando
2198 3529 2547 3588 occallescere

1491 3618 1681 3674 rostro,
1694 3610 1840 3661 Colla
1861 3615 2061 3659 tumere
2080 3606 2295 3670 toris,et
2319 3620 2420 3670 qua
2440 3618 2546 3653 mo.-

1493 3688 1562 3737 do
1585 3688 1773 3753 pocula
1794 3692 1945 3750 parte
1977 3685 2160 3735 Sumta
2180 3681 2303 3740 mihi
2325 3680 2550 3741 fuerant,

1495 3765 1585 3815 illa
1606 3763 1826 3828 vestigia
1841 3760 1979 3812 feci?

1554 3850 1581 3885 Β
1602 3841 1715 3891 Sola
1734 3855 1884 3903 mens,
1913 3839 2020 3903 oisc]
2039 3837 2195 3888 Circe
2213 3836 2377 3885 instar
2401 3832 2556 3895 Solis,

1495 3918 1581 3982 cuj
1593 3933 1650 3966 ns
1672 3924 1786 3967 erat
1819 3915 1945 3979 filia,
1965 3915 2015 3965 vi
2038 3914 2332 3974 herbarum,
2368 3911 2550 3960 verbo·

1496 4009 1630 4057 rum,
1653 4000 1706 4043 et
1730 3994 1910 4056 virgae,
1942 3992 2126 4057 quibus
2152 3989 2417 4052 utebatur,
2438 4001 2550 4037 cor·

1497 4086 1629 4137 pora
1673 4070 1879 4136 quidem
1923 4073 2123 4118 mutare
2178 4060 2404 4130 poterat,
2447 4076 2551 4112 non

1497 4156 1721 4210 mentes,
1752 4147 1947 4212 quippe
1981 4158 2116 4210 quae,
2150 4148 2210 4191 ut
2239 4156 2272 4191 a
2306 4141 2417 4188 solo
2441 4138 2555 4187 Deo

1499 4234 1694 4278 creatae
1718 4230 2115 4280 conservantur,
2149 4218 2224 4267 sic
2248 4231 2279 4265 a
2299 4216 2409 4265 s'olo
2431 4215 2551 4263 Deo

1498 4302 1691 4354 mutari
1734 4305 1992 4366 possunt3
2044 4294 2145 4344 nisi
2197 4289 2336 4359 quod
2382 4288 2551 4340 eidem
