<?xml version="1.0" encoding="UTF-8"?>
<!DOCTYPE html PUBLIC "-//W3C//DTD XHTML 1.0 Transitional//EN"
    "http://www.w3.org/TR/xhtml1/DTD/xhtml1-transitional.dtd">
<html xmlns="http://www.w3.org/1999/xhtml" xml:lang="en" lang="en">
 <head>
  <title>
</title>
<meta http-equiv="Content-Type" content="text/html;charset=utf-8" />
  <meta name='ocr-system' content='tesseract 3.04.00' />
  <meta name='ocr-capabilities' content='ocr_page ocr_carea ocr_par ocr_line ocrx_word'/>
</head>
<body>
  <div class='ocr_page' id='page_1' title='image "./deconsolationep00boetgoog_0191.png"; bbox 0 0 3049 4928; ppageno 0'>
   <div class='ocr_carea' id='block_1_1' title="bbox 1023 433 1869 483">
    <p class='ocr_par' dir='ltr' id='par_1_1' title="bbox 1023 433 1869 483">
     <span class='ocr_line' id='line_1_1' title="bbox 1023 433 1869 483; baseline -0.005 0"><span class='ocrx_word' id='word_1_1' title='bbox 1023 435 1146 483; x_wconf 75' lang='lat' dir='ltr'><strong>Plu</strong></span> <span class='ocrx_word' id='word_1_2' title='bbox 1163 433 1545 483; x_wconf 74' lang='lat' dir='ltr'>LOSOPHIAE</span> <span class='ocrx_word' id='word_1_3' title='bbox 1595 433 1737 482; x_wconf 80' lang='lat' dir='ltr'><strong>LIB·</strong></span> <span class='ocrx_word' id='word_1_4' title='bbox 1787 434 1869 481; x_wconf 87' lang='lat'><strong>11.</strong></span> 
     </span>
    </p>
   </div>
   <div class='ocr_carea' id='block_1_2' title="bbox 2412 416 2532 481">
    <p class='ocr_par' dir='ltr' id='par_1_2' title="bbox 2412 416 2532 481">
     <span class='ocr_line' id='line_1_2' title="bbox 2412 416 2532 481; baseline -0.008 0"><span class='ocrx_word' id='word_1_5' title='bbox 2412 416 2532 481; x_wconf 78' lang='lat'><strong>181</strong></span> 
     </span>
    </p>
   </div>
   <div class='ocr_carea' id='block_1_3' title="bbox 316 577 2545 869">
    <p class='ocr_par' dir='ltr' id='par_1_3' title="bbox 316 577 2545 869">
     <span class='ocr_line' id='line_1_3' title="bbox 317 577 2545 668; baseline -0.003 -18"><span class='ocrx_word' id='word_1_6' title='bbox 317 582 760 668; x_wconf 58' lang='lat' dir='ltr'><strong>aequanimos»</strong></span> <span class='ocrx_word' id='word_1_7' title='bbox 775 586 1104 664; x_wconf 88' lang='lat' dir='ltr'><strong>perpetua</strong></span> <span class='ocrx_word' id='word_1_8' title='bbox 1156 577 1500 662; x_wconf 81' lang='lat' dir='ltr'><strong>perdurat,</strong></span> <span class='ocrx_word' id='word_1_9' title='bbox 1555 597 1678 644; x_wconf 89' lang='lat' dir='ltr'><strong>nec</strong></span> <span class='ocrx_word' id='word_1_10' title='bbox 1732 580 1976 644; x_wconf 87' lang='lat' dir='ltr'><strong>anxios</strong></span> <span class='ocrx_word' id='word_1_11' title='bbox 2023 585 2168 643; x_wconf 89' lang='lat' dir='ltr'><strong>tota</strong></span> <span class='ocrx_word' id='word_1_12' title='bbox 2222 578 2545 644; x_wconf 78' lang='lat' dir='ltr'><strong>delectat..</strong></span> 
     </span>
     <span class='ocr_line' id='line_1_4' title="bbox 319 680 2543 766; baseline -0.002 -16"><span class='ocrx_word' id='word_1_13' title='bbox 319 683 501 764; x_wconf 85' lang='lat' dir='ltr'><strong>Quid</strong></span> <span class='ocrx_word' id='word_1_14' title='bbox 533 680 789 766; x_wconf 79' lang='lat' dir='ltr'><strong>igitur,b</strong></span> <span class='ocrx_word' id='word_1_15' title='bbox 831 701 873 745; x_wconf 96' lang='lat' dir='ltr'><strong>o</strong></span> <span class='ocrx_word' id='word_1_16' title='bbox 900 681 1237 759; x_wconf 76' lang='lat' dir='ltr'><strong>mortaleS,</strong></span> <span class='ocrx_word' id='word_1_17' title='bbox 1287 685 1481 745; x_wconf 85' lang='lat' dir='ltr'><strong>extra</strong></span> <span class='ocrx_word' id='word_1_18' title='bbox 1530 681 1764 766; x_wconf 86' lang='lat' dir='ltr'><strong>petitis</strong></span> <span class='ocrx_word' id='word_1_19' title='bbox 1809 684 1993 746; x_wconf 87' lang='lat' dir='ltr'><strong>intra</strong></span> <span class='ocrx_word' id='word_1_20' title='bbox 2022 693 2199 747; x_wconf 63' lang='lat' dir='ltr'><strong>vos?</strong></span> <span class='ocrx_word' id='word_1_21' title='bbox 2241 683 2543 765; x_wconf 84' lang='lat' dir='ltr'><strong>positam</strong></span> 
     </span>
     <span class='ocr_line' id='line_1_5' title="bbox 316 784 2541 869; baseline -0.002 -17"><span class='ocrx_word' id='word_1_22' title='bbox 316 786 776 854; x_wconf 70' lang='lat' dir='ltr'><strong>felicitatem?</strong></span> <span class='ocrx_word' id='word_1_23' title='bbox 865 785 1067 850; x_wconf 87' lang='lat' dir='ltr'><strong>Error</strong></span> <span class='ocrx_word' id='word_1_24' title='bbox 1099 804 1248 863; x_wconf 79' lang='lat' dir='ltr'><strong>voS,</strong></span> <span class='ocrx_word' id='word_1_25' title='bbox 1272 784 1682 869; x_wconf 80' lang='lat' dir='ltr'><strong>inscitiaque</strong></span> <span class='ocrx_word' id='word_1_26' title='bbox 1705 785 2076 850; x_wconf 81' lang='lat' dir='ltr'><strong>confundit.</strong></span> <span class='ocrx_word' id='word_1_27' title='bbox 2128 787 2135 796; x_wconf 70' lang='grc'><em>’</em></span> <span class='ocrx_word' id='word_1_28' title='bbox 2168 785 2541 850; x_wconf 87' lang='lat' dir='ltr'><strong>Ostendam</strong></span> 
     </span>
    </p>
   </div>
   <div class='ocr_carea' id='block_1_4' title="bbox 315 887 1979 1078">
    <p class='ocr_par' dir='ltr' id='par_1_4' title="bbox 315 887 1979 1078">
     <span class='ocr_line' id='line_1_6' title="bbox 315 887 1926 955; baseline -0.001 0"><span class='ocrx_word' id='word_1_29' title='bbox 315 892 616 955; x_wconf 83' lang='lat' dir='ltr'><strong>breviter</strong></span> <span class='ocrx_word' id='word_1_30' title='bbox 647 888 812 953; x_wconf 62' lang='lat' dir='ltr'><strong>tibi«</strong></span> <span class='ocrx_word' id='word_1_31' title='bbox 850 889 1131 953; x_wconf 74' lang='lat' dir='ltr'><strong>summas</strong></span> <span class='ocrx_word' id='word_1_32' title='bbox 1164 887 1507 952; x_wconf 87' lang='lat' dir='ltr'><strong>cardinem</strong></span> <span class='ocrx_word' id='word_1_33' title='bbox 1553 887 1926 953; x_wconf 77' lang='lat' dir='ltr'><strong>felicitatis,</strong></span> 
     </span>
     <span class='ocr_line' id='line_1_7' title="bbox 1400 989 1979 1078; baseline 0.003 -23"><span class='ocrx_word' id='word_1_34' title='bbox 1400 989 1646 1070; x_wconf 83' lang='lat' dir='ltr'><strong>Nihil,‘¹</strong></span> <span class='ocrx_word' id='word_1_35' title='bbox 1691 992 1979 1078; x_wconf 79' lang='lat' dir='ltr'><strong>inquies·</strong></span> 
     </span>
    </p>
   </div>
   <div class='ocr_carea' id='block_1_5' title="bbox 315 991 1309 1078">
    <p class='ocr_par' dir='ltr' id='par_1_5' title="bbox 315 991 1309 1078">
     <span class='ocr_line' id='line_1_8' title="bbox 315 991 1309 1078; baseline -0.006 -18"><span class='ocrx_word' id='word_1_36' title='bbox 315 996 443 1060; x_wconf 89' lang='lat' dir='ltr'><strong>tibi</strong></span> <span class='ocrx_word' id='word_1_37' title='bbox 489 1002 563 1059; x_wconf 88' lang='lat' dir='ltr'><strong>te</strong></span> <span class='ocrx_word' id='word_1_38' title='bbox 609 994 800 1078; x_wconf 72' lang='lat' dir='ltr'><strong>ipso&#39;</strong></span> <span class='ocrx_word' id='word_1_39' title='bbox 842 991 1260 1076; x_wconf 67' lang='lat' dir='ltr'><strong>pretiosius?</strong></span> <span class='ocrx_word' id='word_1_40' title='bbox 1286 998 1309 1026; x_wconf 83' lang='lat'><strong>‘²</strong></span> 
     </span>
    </p>
   </div>
   <div class='ocr_carea' id='block_1_6' title="bbox 2017 886 2547 1075">
    <p class='ocr_par' dir='ltr' id='par_1_6' title="bbox 2017 886 2547 1075">
     <span class='ocr_line' id='line_1_9' title="bbox 2017 886 2545 971; baseline -0.006 -19"><span class='ocrx_word' id='word_1_41' title='bbox 2017 888 2229 953; x_wconf 86' lang='lat' dir='ltr'><strong>Estne</strong></span> <span class='ocrx_word' id='word_1_42' title='bbox 2279 886 2545 971; x_wconf 88' lang='lat' dir='ltr'><strong>aliquid</strong></span> 
     </span>
     <span class='ocr_line' id='line_1_10' title="bbox 2073 990 2547 1075; baseline -0.004 -18"><span class='ocrx_word' id='word_1_43' title='bbox 2073 992 2287 1075; x_wconf 85' lang='lat' dir='ltr'><strong>Igitur</strong></span> <span class='ocrx_word' id='word_1_44' title='bbox 2318 990 2379 1055; x_wconf 89' lang='lat' dir='ltr'><strong>si</strong></span> <span class='ocrx_word' id='word_1_45' title='bbox 2408 992 2547 1055; x_wconf 68' lang='lat' dir='ltr'><strong>tui*</strong></span> 
     </span>
    </p>
   </div>
   <div class='ocr_carea' id='block_1_7' title="bbox 317 1090 2542 1184">
    <p class='ocr_par' dir='ltr' id='par_1_7' title="bbox 317 1090 2542 1184">
     <span class='ocr_line' id='line_1_11' title="bbox 317 1090 2542 1184; baseline -0.004 -19"><span class='ocrx_word' id='word_1_46' title='bbox 317 1118 603 1184; x_wconf 86' lang='lat' dir='ltr'><strong>compos</strong></span> <span class='ocrx_word' id='word_1_47' title='bbox 632 1096 883 1175; x_wconf 67' lang='lat' dir='ltr'><strong>fueris;²</strong></span> <span class='ocrx_word' id='word_1_48' title='bbox 912 1094 1305 1180; x_wconf 87' lang='lat' dir='ltr'><strong>possidebis</strong></span> <span class='ocrx_word' id='word_1_49' title='bbox 1327 1090 1350 1130; x_wconf 77' lang='lat' dir='ltr'>f</span> <span class='ocrx_word' id='word_1_50' title='bbox 1370 1095 1553 1178; x_wconf 88' lang='lat' dir='ltr'><strong>quod</strong></span> <span class='ocrx_word' id='word_1_51' title='bbox 1583 1115 1714 1160; x_wconf 91' lang='lat' dir='ltr'><strong>nec</strong></span> <span class='ocrx_word' id='word_1_52' title='bbox 1746 1100 1819 1160; x_wconf 90' lang='lat' dir='ltr'><strong>tu</strong></span> <span class='ocrx_word' id='word_1_53' title='bbox 1845 1114 2147 1181; x_wconf 88' lang='lat' dir='ltr'><strong>unquam</strong></span> <span class='ocrx_word' id='word_1_54' title='bbox 2179 1095 2493 1160; x_wconf 86' lang='lat' dir='ltr'><strong>amittere</strong></span> <span class='ocrx_word' id='word_1_55' title='bbox 2522 1099 2542 1129; x_wconf 86' lang='lat'>¹</span> 
     </span>
    </p>
   </div>
   <div class='ocr_carea' id='block_1_8' title="bbox 311 1296 848 1347">
    <p class='ocr_par' dir='ltr' id='par_1_8' title="bbox 311 1296 848 1347">
     <span class='ocr_line' id='line_1_12' title="bbox 311 1296 848 1347; baseline -0.007 1"><span class='ocrx_word' id='word_1_56' title='bbox 311 1304 342 1339; x_wconf 76' lang='lat' dir='ltr'><em>P</em></span> <span class='ocrx_word' id='word_1_57' title='bbox 380 1296 607 1347; x_wconf 74' lang='lat' dir='ltr'><strong>Vestram</strong></span> <span class='ocrx_word' id='word_1_58' title='bbox 631 1298 848 1344; x_wconf 77' lang='lat' dir='ltr'><strong>mentem.</strong></span> 
     </span>
    </p>
   </div>
   <div class='ocr_carea' id='block_1_9' title="bbox 1062 1269 1410 1341">
    <p class='ocr_par' dir='ltr' id='par_1_9' title="bbox 1062 1269 1410 1341">
     <span class='ocr_line' id='line_1_13' title="bbox 1062 1269 1410 1341; baseline -0.003 0"><span class='ocrx_word' id='word_1_59' title='bbox 1062 1301 1085 1333; x_wconf 67' lang='grc' dir='ltr'><em>α</em></span> <span class='ocrx_word' id='word_1_60' title='bbox 1123 1292 1168 1340; x_wconf 95' lang='lat' dir='ltr'><strong>o</strong></span> <span class='ocrx_word' id='word_1_61' title='bbox 1190 1269 1410 1341; x_wconf 56' lang='lat' dir='ltr'><strong>Boane(</strong></span> 
     </span>
    </p>
   </div>
   <div class='ocr_carea' id='block_1_10' title="bbox 1601 1290 2544 1343">
    <p class='ocr_par' dir='ltr' id='par_1_10' title="bbox 1601 1290 2544 1343">
     <span class='ocr_line' id='line_1_14' title="bbox 1601 1290 2544 1343; baseline -0.002 -1"><span class='ocrx_word' id='word_1_62' title='bbox 1601 1300 1624 1325; x_wconf 64' lang='lat' dir='ltr'>f</span> <span class='ocrx_word' id='word_1_63' title='bbox 1661 1292 1761 1342; x_wconf 79' lang='lat' dir='ltr'><strong>Tua</strong></span> <span class='ocrx_word' id='word_1_64' title='bbox 1782 1296 1950 1343; x_wconf 80' lang='lat' dir='ltr'><strong>mente.</strong></span> <span class='ocrx_word' id='word_1_65' title='bbox 2166 1299 2186 1324; x_wconf 78' lang='lat'><em>⁸</em></span> <span class='ocrx_word' id='word_1_66' title='bbox 2222 1291 2334 1340; x_wconf 76' lang='lat' dir='ltr'><strong>Tuoe</strong></span> <span class='ocrx_word' id='word_1_67' title='bbox 2355 1290 2544 1341; x_wconf 74' lang='lat' dir='ltr'><strong>mentis.</strong></span> 
     </span>
    </p>
   </div>
   <div class='ocr_carea' id='block_1_11' title="bbox 1326 1436 1541 1488">
    <p class='ocr_par' dir='ltr' id='par_1_11' title="bbox 1326 1436 1541 1488">
     <span class='ocr_line' id='line_1_15' title="bbox 1326 1436 1541 1488; baseline -0.009 0"><span class='ocrx_word' id='word_1_68' title='bbox 1326 1436 1541 1488; x_wconf 71' lang='lat' dir='ltr'>NOTAE</span> 
     </span>
    </p>
   </div>
   <div class='ocr_carea' id='block_1_12' title="bbox 316 1553 1419 4398">
    <p class='ocr_par' dir='ltr' id='par_1_12' title="bbox 316 1553 1419 4398">
     <span class='ocr_line' id='line_1_16' title="bbox 320 1553 1392 1622; baseline -0.003 -15"><span class='ocrx_word' id='word_1_69' title='bbox 320 1555 593 1622; x_wconf 74' lang='lat' dir='ltr'><strong>praedictis</strong></span> <span class='ocrx_word' id='word_1_70' title='bbox 640 1553 891 1619; x_wconf 82' lang='lat' dir='ltr'><strong>exemplis</strong></span> <span class='ocrx_word' id='word_1_71' title='bbox 931 1554 1214 1619; x_wconf 87' lang='lat' dir='ltr'><strong>concludit,</strong></span> <span class='ocrx_word' id='word_1_72' title='bbox 1254 1554 1392 1621; x_wconf 89' lang='lat' dir='ltr'><strong>quod</strong></span> 
     </span>
     <span class='ocr_line' id='line_1_17' title="bbox 319 1630 1396 1698; baseline -0.002 -15"><span class='ocrx_word' id='word_1_73' title='bbox 319 1632 652 1698; x_wconf 86' lang='lat' dir='ltr'><strong>probandum</strong></span> <span class='ocrx_word' id='word_1_74' title='bbox 670 1638 978 1693; x_wconf 78' lang='lat' dir='ltr'><strong>susceperat</strong></span> <span class='ocrx_word' id='word_1_75' title='bbox 995 1645 1028 1679; x_wconf 94' lang='lat' dir='ltr'><strong>a</strong></span> <span class='ocrx_word' id='word_1_76' title='bbox 1043 1632 1190 1681; x_wconf 92' lang='lat' dir='ltr'><strong>Nota</strong></span> <span class='ocrx_word' id='word_1_77' title='bbox 1207 1641 1262 1689; x_wconf 68' lang='lat' dir='ltr'><strong>m,</strong></span> <span class='ocrx_word' id='word_1_78' title='bbox 1284 1630 1396 1681; x_wconf 84' lang='lat' dir='ltr'><strong>feli·</strong></span> 
     </span>
     <span class='ocr_line' id='line_1_18' title="bbox 321 1708 1397 1772; baseline -0.001 -11"><span class='ocrx_word' id='word_1_79' title='bbox 321 1712 545 1761; x_wconf 86' lang='lat' dir='ltr'><strong>citatem</strong></span> <span class='ocrx_word' id='word_1_80' title='bbox 599 1708 863 1757; x_wconf 89' lang='lat' dir='ltr'><strong>hominum</strong></span> <span class='ocrx_word' id='word_1_81' title='bbox 921 1715 1232 1772; x_wconf 71' lang='lat' dir='ltr'><strong>praesentem</strong></span> <span class='ocrx_word' id='word_1_82' title='bbox 1299 1725 1397 1760; x_wconf 91' lang='lat' dir='ltr'><strong>nec</strong></span> 
     </span>
     <span class='ocr_line' id='line_1_19' title="bbox 321 1784 1399 1848; baseline -0.003 -9"><span class='ocrx_word' id='word_1_83' title='bbox 321 1788 458 1839; x_wconf 86' lang='lat' dir='ltr'><strong>adeo</strong></span> <span class='ocrx_word' id='word_1_84' title='bbox 482 1784 771 1836; x_wconf 82' lang='lat' dir='ltr'><strong>absolutam</strong></span> <span class='ocrx_word' id='word_1_85' title='bbox 793 1799 927 1848; x_wconf 87' lang='lat' dir='ltr'><strong>esse,</strong></span> <span class='ocrx_word' id='word_1_86' title='bbox 960 1792 1018 1835; x_wconf 88' lang='lat' dir='ltr'><strong>ut</strong></span> <span class='ocrx_word' id='word_1_87' title='bbox 1054 1786 1069 1813; x_wconf 89' lang='lat'>‘</span> <span class='ocrx_word' id='word_1_88' title='bbox 1088 1799 1190 1836; x_wconf 89' lang='lat' dir='ltr'><strong>non</strong></span> <span class='ocrx_word' id='word_1_89' title='bbox 1220 1788 1399 1836; x_wconf 86' lang='lat' dir='ltr'><strong>anxios</strong></span> 
     </span>
     <span class='ocr_line' id='line_1_20' title="bbox 316 1859 1398 1926; baseline -0.001 -12"><span class='ocrx_word' id='word_1_90' title='bbox 316 1872 436 1914; x_wconf 84' lang='lat' dir='ltr'><strong>tota</strong></span> <span class='ocrx_word' id='word_1_91' title='bbox 477 1859 750 1924; x_wconf 87' lang='lat' dir='ltr'><strong>delectet,&#39;</strong></span> <span class='ocrx_word' id='word_1_92' title='bbox 784 1875 883 1910; x_wconf 89' lang='lat' dir='ltr'><strong>nec</strong></span> <span class='ocrx_word' id='word_1_93' title='bbox 922 1861 1054 1911; x_wconf 91' lang='lat' dir='ltr'><strong>adeo</strong></span> <span class='ocrx_word' id='word_1_94' title='bbox 1095 1877 1398 1926; x_wconf 82' lang='lat' dir='ltr'><strong>perennem,</strong></span> 
     </span>
     <span class='ocr_line' id='line_1_21' title="bbox 319 1938 1399 2005; baseline 0 -14"><span class='ocrx_word' id='word_1_95' title='bbox 319 1949 382 1991; x_wconf 90' lang='lat' dir='ltr'><strong>ut</strong></span> <span class='ocrx_word' id='word_1_96' title='bbox 420 1939 599 2003; x_wconf 89' lang='lat' dir='ltr'><strong>‘apud</strong></span> <span class='ocrx_word' id='word_1_97' title='bbox 637 1938 952 2003; x_wconf 71' lang='lat' dir='ltr'><strong>aequanimos</strong></span> <span class='ocrx_word' id='word_1_98' title='bbox 989 1947 1248 2004; x_wconf 88' lang='lat' dir='ltr'><strong>perpetua</strong></span> <span class='ocrx_word' id='word_1_99' title='bbox 1282 1956 1399 2005; x_wconf 90' lang='lat' dir='ltr'><strong>per-</strong></span> 
     </span>
     <span class='ocr_line' id='line_1_22' title="bbox 321 2015 1398 2083; baseline 0.001 -16"><span class='ocrx_word' id='word_1_100' title='bbox 321 2015 521 2068; x_wconf 86' lang='lat' dir='ltr'><strong>duret.&#39;</strong></span> <span class='ocrx_word' id='word_1_101' title='bbox 604 2016 725 2067; x_wconf 83' lang='lat' dir='ltr'><strong>Jam</strong></span> <span class='ocrx_word' id='word_1_102' title='bbox 779 2015 894 2079; x_wconf 88' lang='lat' dir='ltr'><strong>ipsa</strong></span> <span class='ocrx_word' id='word_1_103' title='bbox 942 2015 1278 2083; x_wconf 79' lang='lat' dir='ltr'><strong>Philosophia</strong></span> <span class='ocrx_word' id='word_1_104' title='bbox 1333 2018 1398 2068; x_wconf 85' lang='lat' dir='ltr'><strong>ad</strong></span> 
     </span>
     <span class='ocr_line' id='line_1_23' title="bbox 321 2091 1406 2160; baseline 0.003 -17"><span class='ocrx_word' id='word_1_105' title='bbox 321 2094 402 2157; x_wconf 84' lang='lat' dir='ltr'><strong>id,</strong></span> <span class='ocrx_word' id='word_1_106' title='bbox 457 2092 596 2142; x_wconf 87' lang='lat' dir='ltr'><strong>unde</strong></span> <span class='ocrx_word' id='word_1_107' title='bbox 649 2092 884 2156; x_wconf 83' lang='lat' dir='ltr'><strong>digressa</strong></span> <span class='ocrx_word' id='word_1_108' title='bbox 933 2091 1125 2157; x_wconf 83' lang='lat' dir='ltr'><strong>fuerat,</strong></span> <span class='ocrx_word' id='word_1_109' title='bbox 1178 2109 1406 2160; x_wconf 82' lang='lat' dir='ltr'><strong>reversa,</strong></span> 
     </span>
     <span class='ocr_line' id='line_1_24' title="bbox 325 2169 1370 2237; baseline 0.003 -17"><span class='ocrx_word' id='word_1_110' title='bbox 325 2172 497 2237; x_wconf 90' lang='lat' dir='ltr'><strong>ipsum</strong></span> <span class='ocrx_word' id='word_1_111' title='bbox 520 2169 731 2219; x_wconf 72' lang='lat' dir='ltr'><strong>Boethii</strong></span> <span class='ocrx_word' id='word_1_112' title='bbox 750 2174 975 2219; x_wconf 75' lang='lat' dir='ltr'><strong>animum</strong></span> <span class='ocrx_word' id='word_1_113' title='bbox 1002 2172 1370 2223; x_wconf 74' lang='lat' dir='ltr'><strong>considerabit.</strong></span> 
     </span>
     <span class='ocr_line' id='line_1_25' title="bbox 395 2245 1403 2312; baseline 0.005 -19"><span class='ocrx_word' id='word_1_114' title='bbox 395 2246 419 2280; x_wconf 71' lang='lat' dir='ltr'><strong>b</strong></span> <span class='ocrx_word' id='word_1_115' title='bbox 444 2246 576 2303; x_wconf 74' lang='lat' dir='ltr'><strong>Quid</strong></span> <span class='ocrx_word' id='word_1_116' title='bbox 610 2245 784 2308; x_wconf 68' lang='lat' dir='ltr'><strong>igitur,</strong></span> <span class='ocrx_word' id='word_1_117' title='bbox 817 2246 927 2310; x_wconf 56' lang='grc' dir='ltr'><strong>ξω]</strong></span> <span class='ocrx_word' id='word_1_118' title='bbox 961 2260 1045 2296; x_wconf 80' lang='grc' dir='ltr'><strong>ιν.</strong></span> <span class='ocrx_word' id='word_1_119' title='bbox 1066 2247 1403 2312; x_wconf 74' lang='lat' dir='ltr'><strong>Philosophia</strong></span> 
     </span>
     <span class='ocr_line' id='line_1_26' title="bbox 331 2322 1402 2391; baseline 0.002 -18"><span class='ocrx_word' id='word_1_120' title='bbox 331 2323 663 2373; x_wconf 83' lang='lat' dir='ltr'><strong>commendat</strong></span> <span class='ocrx_word' id='word_1_121' title='bbox 703 2323 926 2372; x_wconf 86' lang='lat' dir='ltr'><strong>animum</strong></span> <span class='ocrx_word' id='word_1_122' title='bbox 953 2322 1187 2388; x_wconf 66' lang='lat' dir='ltr'><strong>Boethii,</strong></span> <span class='ocrx_word' id='word_1_123' title='bbox 1227 2325 1402 2391; x_wconf 86' lang='lat' dir='ltr'><strong>aitque</strong></span> 
     </span>
     <span class='ocr_line' id='line_1_27' title="bbox 331 2398 1401 2466; baseline 0.003 -17"><span class='ocrx_word' id='word_1_124' title='bbox 331 2401 552 2466; x_wconf 87' lang='lat' dir='ltr'><strong>primum</strong></span> <span class='ocrx_word' id='word_1_125' title='bbox 570 2401 585 2427; x_wconf 89' lang='lat'>‘</span> <span class='ocrx_word' id='word_1_126' title='bbox 603 2399 861 2449; x_wconf 84' lang='lat' dir='ltr'><strong>Mortales</strong></span> <span class='ocrx_word' id='word_1_127' title='bbox 878 2398 895 2422; x_wconf 90' lang='lat'>’</span> <span class='ocrx_word' id='word_1_128' title='bbox 921 2398 1118 2450; x_wconf 84' lang='lat' dir='ltr'><strong>frustra</strong></span> <span class='ocrx_word' id='word_1_129' title='bbox 1138 2401 1154 2430; x_wconf 76' lang='lat'><em>⁶</em></span> <span class='ocrx_word' id='word_1_130' title='bbox 1170 2408 1324 2451; x_wconf 85' lang='lat' dir='ltr'><strong>extra</strong></span> <span class='ocrx_word' id='word_1_131' title='bbox 1343 2416 1401 2452; x_wconf 89' lang='lat' dir='ltr'><strong>se</strong></span> 
     </span>
     <span class='ocr_line' id='line_1_28' title="bbox 333 2478 1402 2545; baseline 0.002 -15"><span class='ocrx_word' id='word_1_132' title='bbox 333 2483 555 2545; x_wconf 81' lang='lat' dir='ltr'><strong>petere,’</strong></span> <span class='ocrx_word' id='word_1_133' title='bbox 596 2486 656 2530; x_wconf 90' lang='lat' dir='ltr'><strong>nt</strong></span> <span class='ocrx_word' id='word_1_134' title='bbox 693 2479 746 2529; x_wconf 90' lang='lat' dir='ltr'><strong>in</strong></span> <span class='ocrx_word' id='word_1_135' title='bbox 781 2478 980 2543; x_wconf 90' lang='lat' dir='ltr'><strong>amicis,</strong></span> <span class='ocrx_word' id='word_1_136' title='bbox 1000 2494 1185 2545; x_wconf 86' lang='lat' dir='ltr'><strong>uxore,</strong></span> <span class='ocrx_word' id='word_1_137' title='bbox 1204 2481 1402 2544; x_wconf 85' lang='lat' dir='ltr'><strong>liberis,</strong></span> 
     </span>
     <span class='ocr_line' id='line_1_29' title="bbox 333 2558 1403 2624; baseline 0.001 -15"><span class='ocrx_word' id='word_1_138' title='bbox 333 2575 430 2609; x_wconf 89' lang='lat' dir='ltr'><strong>uno</strong></span> <span class='ocrx_word' id='word_1_139' title='bbox 455 2559 613 2609; x_wconf 83' lang='lat' dir='ltr'><strong>verbo</strong></span> <span class='ocrx_word' id='word_1_140' title='bbox 652 2558 704 2608; x_wconf 90' lang='lat' dir='ltr'><strong>in</strong></span> <span class='ocrx_word' id='word_1_141' title='bbox 739 2572 984 2622; x_wconf 87' lang='lat' dir='ltr'><strong>corpore,</strong></span> <span class='ocrx_word' id='word_1_142' title='bbox 1024 2573 1182 2624; x_wconf 88' lang='lat' dir='ltr'><strong>qnam</strong></span> <span class='ocrx_word' id='word_1_143' title='bbox 1205 2560 1403 2611; x_wconf 88' lang='lat' dir='ltr'><strong>habent</strong></span> 
     </span>
     <span class='ocr_line' id='line_1_30' title="bbox 333 2635 1405 2702; baseline 0.001 -17"><span class='ocrx_word' id='word_1_144' title='bbox 333 2638 349 2665; x_wconf 88' lang='lat'>‘</span> <span class='ocrx_word' id='word_1_145' title='bbox 367 2638 506 2686; x_wconf 89' lang='lat' dir='ltr'><strong>intra</strong></span> <span class='ocrx_word' id='word_1_146' title='bbox 527 2635 619 2698; x_wconf 90' lang='lat' dir='ltr'><strong>se,’</strong></span> <span class='ocrx_word' id='word_1_147' title='bbox 644 2635 894 2685; x_wconf 81' lang='lat' dir='ltr'><strong>videlicet</strong></span> <span class='ocrx_word' id='word_1_148' title='bbox 929 2636 983 2685; x_wconf 87' lang='lat' dir='ltr'><strong>in</strong></span> <span class='ocrx_word' id='word_1_149' title='bbox 1005 2645 1201 2698; x_wconf 85' lang='lat' dir='ltr'><strong>mente,</strong></span> <span class='ocrx_word' id='word_1_150' title='bbox 1237 2637 1254 2665; x_wconf 86' lang='lat'>‘</span> <span class='ocrx_word' id='word_1_151' title='bbox 1273 2638 1405 2702; x_wconf 87' lang='lat' dir='ltr'><strong>posi-</strong></span> 
     </span>
     <span class='ocr_line' id='line_1_31' title="bbox 333 2712 1405 2765; baseline -0.001 -1"><span class='ocrx_word' id='word_1_152' title='bbox 333 2723 437 2765; x_wconf 87' lang='lat' dir='ltr'><strong>tam</strong></span> <span class='ocrx_word' id='word_1_153' title='bbox 476 2714 785 2764; x_wconf 84' lang='lat' dir='ltr'><strong>felicitatem</strong></span> <span class='ocrx_word' id='word_1_154' title='bbox 803 2712 837 2762; x_wconf 69' lang='grc' dir='ltr'><strong>ε’</strong></span> <span class='ocrx_word' id='word_1_155' title='bbox 879 2713 1068 2763; x_wconf 86' lang='lat' dir='ltr'><strong>deinde</strong></span> <span class='ocrx_word' id='word_1_156' title='bbox 1111 2713 1261 2763; x_wconf 85' lang='lat' dir='ltr'><strong>addit</strong></span> <span class='ocrx_word' id='word_1_157' title='bbox 1293 2726 1405 2764; x_wconf 80' lang='lat' dir='ltr'><strong>eos·</strong></span> 
     </span>
     <span class='ocr_line' id='line_1_32' title="bbox 333 2790 1406 2855; baseline -0.001 -13"><span class='ocrx_word' id='word_1_158' title='bbox 333 2791 448 2842; x_wconf 87' lang='lat' dir='ltr'><strong>dem</strong></span> <span class='ocrx_word' id='word_1_159' title='bbox 507 2791 754 2841; x_wconf 81' lang='lat' dir='ltr'><strong>mortales</strong></span> <span class='ocrx_word' id='word_1_160' title='bbox 810 2790 826 2819; x_wconf 77' lang='lat'><em>⁶</em></span> <span class='ocrx_word' id='word_1_161' title='bbox 848 2803 1025 2840; x_wconf 88' lang='lat' dir='ltr'><strong>errore</strong></span> <span class='ocrx_word' id='word_1_162' title='bbox 1092 2790 1406 2855; x_wconf 84' lang='lat' dir='ltr'><strong>inscitiaque</strong></span> 
     </span>
     <span class='ocr_line' id='line_1_33' title="bbox 331 2867 1406 2934; baseline -0.004 -14"><span class='ocrx_word' id='word_1_163' title='bbox 331 2869 578 2921; x_wconf 86' lang='lat' dir='ltr'><strong>confundi</strong></span> <span class='ocrx_word' id='word_1_164' title='bbox 609 2868 642 2919; x_wconf 86' lang='lat'><strong>:&#39;</strong></span> <span class='ocrx_word' id='word_1_165' title='bbox 685 2867 822 2934; x_wconf 87' lang='lat' dir='ltr'><strong>quod</strong></span> <span class='ocrx_word' id='word_1_166' title='bbox 871 2868 1111 2918; x_wconf 87' lang='lat' dir='ltr'><strong>nimirum</strong></span> <span class='ocrx_word' id='word_1_167' title='bbox 1169 2872 1320 2918; x_wconf 85' lang='lat' dir='ltr'><strong>extra</strong></span> <span class='ocrx_word' id='word_1_168' title='bbox 1351 2882 1406 2916; x_wconf 89' lang='lat' dir='ltr'><strong>se</strong></span> 
     </span>
     <span class='ocr_line' id='line_1_34' title="bbox 336 2946 1409 3017; baseline -0.006 -15"><span class='ocrx_word' id='word_1_169' title='bbox 336 2957 594 3017; x_wconf 65' lang='lat' dir='ltr'><strong>quaerant,</strong></span> <span class='ocrx_word' id='word_1_170' title='bbox 616 2964 770 3016; x_wconf 87' lang='lat' dir='ltr'><strong>quarn</strong></span> <span class='ocrx_word' id='word_1_171' title='bbox 796 2949 939 2998; x_wconf 89' lang='lat' dir='ltr'><strong>intra</strong></span> <span class='ocrx_word' id='word_1_172' title='bbox 970 2962 1027 2998; x_wconf 91' lang='lat' dir='ltr'><strong>se</strong></span> <span class='ocrx_word' id='word_1_173' title='bbox 1061 2948 1274 3012; x_wconf 88' lang='lat' dir='ltr'><strong>habent,</strong></span> <span class='ocrx_word' id='word_1_174' title='bbox 1293 2946 1409 2998; x_wconf 85' lang='lat' dir='ltr'><strong>feli-</strong></span> 
     </span>
     <span class='ocr_line' id='line_1_35' title="bbox 337 3025 1406 3079; baseline -0.004 -1"><span class='ocrx_word' id='word_1_175' title='bbox 337 3029 585 3079; x_wconf 78' lang='lat' dir='ltr'><strong>citatem:</strong></span> <span class='ocrx_word' id='word_1_176' title='bbox 622 3026 709 3077; x_wconf 90' lang='lat' dir='ltr'><strong>ubi</strong></span> <span class='ocrx_word' id='word_1_177' title='bbox 749 3025 1033 3076; x_wconf 87' lang='lat' dir='ltr'><strong>notandum</strong></span> <span class='ocrx_word' id='word_1_178' title='bbox 1074 3039 1305 3075; x_wconf 87' lang='lat' dir='ltr'><strong>errorem</strong></span> <span class='ocrx_word' id='word_1_179' title='bbox 1351 3030 1406 3074; x_wconf 90' lang='lat' dir='ltr'><strong>et</strong></span> 
     </span>
     <span class='ocr_line' id='line_1_36' title="bbox 335 3099 1407 3165; baseline -0.004 -10"><span class='ocrx_word' id='word_1_180' title='bbox 335 3105 597 3155; x_wconf 89' lang='lat' dir='ltr'><strong>inscitiam</strong></span> <span class='ocrx_word' id='word_1_181' title='bbox 622 3099 835 3151; x_wconf 83' lang='lat' dir='ltr'><strong>differre</strong></span> <span class='ocrx_word' id='word_1_182' title='bbox 874 3116 992 3150; x_wconf 89' lang='lat' dir='ltr'><strong>cum</strong></span> <span class='ocrx_word' id='word_1_183' title='bbox 1030 3100 1084 3150; x_wconf 90' lang='lat' dir='ltr'><strong>in</strong></span> <span class='ocrx_word' id='word_1_184' title='bbox 1125 3101 1258 3165; x_wconf 88' lang='lat' dir='ltr'><strong>aliis,</strong></span> <span class='ocrx_word' id='word_1_185' title='bbox 1297 3107 1407 3151; x_wconf 87' lang='lat' dir='ltr'><strong>tum</strong></span> 
     </span>
     <span class='ocr_line' id='line_1_37' title="bbox 335 3176 1410 3244; baseline -0.005 -13"><span class='ocrx_word' id='word_1_186' title='bbox 335 3182 386 3230; x_wconf 92' lang='lat' dir='ltr'><strong>in</strong></span> <span class='ocrx_word' id='word_1_187' title='bbox 410 3182 532 3242; x_wconf 88' lang='lat' dir='ltr'><strong>hoc,</strong></span> <span class='ocrx_word' id='word_1_188' title='bbox 556 3177 695 3244; x_wconf 85' lang='lat' dir='ltr'><strong>quod</strong></span> <span class='ocrx_word' id='word_1_189' title='bbox 719 3190 866 3227; x_wconf 84' lang='lat' dir='ltr'><strong>error</strong></span> <span class='ocrx_word' id='word_1_190' title='bbox 900 3176 1064 3225; x_wconf 87' lang='lat' dir='ltr'><strong>omnis</strong></span> <span class='ocrx_word' id='word_1_191' title='bbox 1102 3177 1167 3226; x_wconf 88' lang='lat' dir='ltr'><strong>ab</strong></span> <span class='ocrx_word' id='word_1_192' title='bbox 1201 3176 1410 3226; x_wconf 80' lang='lat' dir='ltr'><strong>inscitia</strong></span> 
     </span>
     <span class='ocr_line' id='line_1_38' title="bbox 336 3254 1409 3321; baseline -0.004 -13"><span class='ocrx_word' id='word_1_193' title='bbox 336 3260 550 3321; x_wconf 85' lang='lat' dir='ltr'><strong>oriatur,</strong></span> <span class='ocrx_word' id='word_1_194' title='bbox 572 3258 647 3306; x_wconf 85' lang='lat' dir='ltr'><strong>ita</strong></span> <span class='ocrx_word' id='word_1_195' title='bbox 669 3261 729 3305; x_wconf 92' lang='lat' dir='ltr'><strong>ut</strong></span> <span class='ocrx_word' id='word_1_196' title='bbox 752 3255 916 3319; x_wconf 87' lang='lat' dir='ltr'><strong>possit</strong></span> <span class='ocrx_word' id='word_1_197' title='bbox 937 3268 1052 3303; x_wconf 89' lang='lat' dir='ltr'><strong>esse</strong></span> <span class='ocrx_word' id='word_1_198' title='bbox 1077 3254 1287 3304; x_wconf 85' lang='lat' dir='ltr'><strong>inscitia</strong></span> <span class='ocrx_word' id='word_1_199' title='bbox 1298 3255 1409 3304; x_wconf 91' lang='lat' dir='ltr'><strong>sine</strong></span> 
     </span>
     <span class='ocr_line' id='line_1_39' title="bbox 335 3333 1407 3400; baseline -0.002 -14"><span class='ocrx_word' id='word_1_200' title='bbox 335 3352 529 3400; x_wconf 89' lang='lat' dir='ltr'><strong>errore,</strong></span> <span class='ocrx_word' id='word_1_201' title='bbox 568 3336 659 3386; x_wconf 87' lang='lat' dir='ltr'><strong>sed</strong></span> <span class='ocrx_word' id='word_1_202' title='bbox 697 3349 800 3385; x_wconf 89' lang='lat' dir='ltr'><strong>non</strong></span> <span class='ocrx_word' id='word_1_203' title='bbox 839 3348 985 3384; x_wconf 90' lang='lat' dir='ltr'><strong>error</strong></span> <span class='ocrx_word' id='word_1_204' title='bbox 1025 3333 1134 3383; x_wconf 87' lang='lat' dir='ltr'><strong>sine</strong></span> <span class='ocrx_word' id='word_1_205' title='bbox 1171 3333 1407 3384; x_wconf 83' lang='lat' dir='ltr'><strong>inscitia:</strong></span> 
     </span>
     <span class='ocr_line' id='line_1_40' title="bbox 336 3409 1408 3477; baseline -0.006 -13"><span class='ocrx_word' id='word_1_206' title='bbox 336 3421 518 3477; x_wconf 86' lang='lat' dir='ltr'><strong>postea</strong></span> <span class='ocrx_word' id='word_1_207' title='bbox 542 3410 805 3476; x_wconf 86' lang='lat' dir='ltr'><strong>promittit</strong></span> <span class='ocrx_word' id='word_1_208' title='bbox 844 3423 900 3459; x_wconf 86' lang='lat' dir='ltr'><strong>se</strong></span> <span class='ocrx_word' id='word_1_209' title='bbox 924 3414 1248 3459; x_wconf 85' lang='lat' dir='ltr'><strong>ostensuram</strong></span> <span class='ocrx_word' id='word_1_210' title='bbox 1272 3409 1408 3458; x_wconf 78' lang='lat' dir='ltr'><strong>Boe&#39;·</strong></span> 
     </span>
     <span class='ocr_line' id='line_1_41' title="bbox 336 3484 1409 3547; baseline -0.007 -6"><span class='ocrx_word' id='word_1_211' title='bbox 336 3492 439 3541; x_wconf 87' lang='lat' dir='ltr'><strong>thio</strong></span> <span class='ocrx_word' id='word_1_212' title='bbox 457 3504 671 3540; x_wconf 84' lang='lat' dir='ltr'><strong>summae</strong></span> <span class='ocrx_word' id='word_1_213' title='bbox 688 3487 958 3537; x_wconf 85' lang='lat' dir='ltr'><strong>cardinem</strong></span> <span class='ocrx_word' id='word_1_214' title='bbox 971 3484 1242 3535; x_wconf 79' lang='lat' dir='ltr'><strong>felicitatis</strong></span> <span class='ocrx_word' id='word_1_215' title='bbox 1263 3502 1278 3547; x_wconf 83' lang='lat'>3</span> <span class='ocrx_word' id='word_1_216' title='bbox 1299 3486 1409 3535; x_wconf 84' lang='lat' dir='ltr'><strong>sive</strong></span> 
     </span>
     <span class='ocr_line' id='line_1_42' title="bbox 334 3564 1409 3632; baseline -0.004 -15"><span class='ocrx_word' id='word_1_217' title='bbox 334 3568 386 3618; x_wconf 88' lang='lat' dir='ltr'><strong>id</strong></span> <span class='ocrx_word' id='word_1_218' title='bbox 409 3569 460 3617; x_wconf 89' lang='lat' dir='ltr'><strong>in</strong></span> <span class='ocrx_word' id='word_1_219' title='bbox 482 3581 586 3632; x_wconf 86' lang='lat' dir='ltr'><strong>quo</strong></span> <span class='ocrx_word' id='word_1_220' title='bbox 627 3564 898 3629; x_wconf 71' lang='lat' dir='ltr'><strong>praecipue</strong></span> <span class='ocrx_word' id='word_1_221' title='bbox 934 3569 1175 3613; x_wconf 81' lang='lat' dir='ltr'><strong>versetur</strong></span> <span class='ocrx_word' id='word_1_222' title='bbox 1208 3577 1409 3613; x_wconf 88' lang='lat' dir='ltr'><strong>summa</strong></span> 
     </span>
     <span class='ocr_line' id='line_1_43' title="bbox 335 3641 1408 3708; baseline -0.005 -11"><span class='ocrx_word' id='word_1_223' title='bbox 335 3646 593 3697; x_wconf 82' lang='lat' dir='ltr'><strong>felicitas:</strong></span> <span class='ocrx_word' id='word_1_224' title='bbox 620 3643 757 3708; x_wconf 88' lang='lat' dir='ltr'><strong>quod</strong></span> <span class='ocrx_word' id='word_1_225' title='bbox 781 3642 917 3692; x_wconf 90' lang='lat' dir='ltr'><strong>enim</strong></span> <span class='ocrx_word' id='word_1_226' title='bbox 937 3641 1096 3692; x_wconf 89' lang='lat' dir='ltr'><strong>cardo</strong></span> <span class='ocrx_word' id='word_1_227' title='bbox 1121 3642 1209 3704; x_wconf 89' lang='lat' dir='ltr'><strong>sit,</strong></span> <span class='ocrx_word' id='word_1_228' title='bbox 1231 3642 1286 3690; x_wconf 92' lang='lat' dir='ltr'><strong>in</strong></span> <span class='ocrx_word' id='word_1_229' title='bbox 1306 3657 1408 3707; x_wconf 91' lang='lat' dir='ltr'><strong>quo</strong></span> 
     </span>
     <span class='ocr_line' id='line_1_44' title="bbox 331 3719 1410 3789; baseline -0.005 -16"><span class='ocrx_word' id='word_1_230' title='bbox 331 3725 494 3789; x_wconf 88' lang='lat' dir='ltr'><strong>janua</strong></span> <span class='ocrx_word' id='word_1_231' title='bbox 534 3721 774 3777; x_wconf 81' lang='lat' dir='ltr'><strong>vertitur,</strong></span> <span class='ocrx_word' id='word_1_232' title='bbox 816 3719 870 3768; x_wconf 89' lang='lat' dir='ltr'><strong>in</strong></span> <span class='ocrx_word' id='word_1_233' title='bbox 910 3733 1009 3768; x_wconf 89' lang='lat' dir='ltr'><strong>usu</strong></span> <span class='ocrx_word' id='word_1_234' title='bbox 1043 3726 1143 3781; x_wconf 87' lang='lat' dir='ltr'><strong>est,</strong></span> <span class='ocrx_word' id='word_1_235' title='bbox 1181 3725 1242 3769; x_wconf 90' lang='lat' dir='ltr'><strong>ut</strong></span> <span class='ocrx_word' id='word_1_236' title='bbox 1278 3719 1331 3768; x_wconf 89' lang='lat' dir='ltr'><strong>id</strong></span> <span class='ocrx_word' id='word_1_237' title='bbox 1357 3719 1410 3768; x_wconf 88' lang='lat' dir='ltr'><strong>in</strong></span> 
     </span>
     <span class='ocr_line' id='line_1_45' title="bbox 338 3795 1412 3865; baseline -0.006 -16"><span class='ocrx_word' id='word_1_238' title='bbox 338 3815 439 3865; x_wconf 86' lang='lat' dir='ltr'><strong>quo</strong></span> <span class='ocrx_word' id='word_1_239' title='bbox 463 3796 731 3863; x_wconf 83' lang='lat' dir='ltr'><strong>negotium</strong></span> <span class='ocrx_word' id='word_1_240' title='bbox 755 3795 959 3861; x_wconf 87' lang='lat' dir='ltr'><strong>aliquod</strong></span> <span class='ocrx_word' id='word_1_241' title='bbox 989 3795 1235 3859; x_wconf 80' lang='lat' dir='ltr'><strong>vertitur,</strong></span> <span class='ocrx_word' id='word_1_242' title='bbox 1261 3809 1412 3845; x_wconf 84' lang='lat' dir='ltr'><strong>voce-</strong></span> 
     </span>
     <span class='ocr_line' id='line_1_46' title="bbox 339 3872 1414 3937; baseline -0.005 -12"><span class='ocrx_word' id='word_1_243' title='bbox 339 3885 423 3925; x_wconf 87' lang='lat' dir='ltr'><strong>tur</strong></span> <span class='ocrx_word' id='word_1_244' title='bbox 479 3873 663 3925; x_wconf 88' lang='lat' dir='ltr'><strong>cardo.</strong></span> <span class='ocrx_word' id='word_1_245' title='bbox 724 3872 877 3937; x_wconf 83' lang='lat' dir='ltr'><strong>Virg.</strong></span> <span class='ocrx_word' id='word_1_246' title='bbox 917 3886 956 3922; x_wconf 88' lang='lat'><strong>1.</strong></span> <span class='ocrx_word' id='word_1_247' title='bbox 1010 3873 1128 3923; x_wconf 83' lang='lat' dir='ltr'><strong>AEn.</strong></span> <span class='ocrx_word' id='word_1_248' title='bbox 1174 3888 1252 3923; x_wconf 86' lang='lat' dir='ltr'><strong>vs.</strong></span> <span class='ocrx_word' id='word_1_249' title='bbox 1298 3876 1414 3922; x_wconf 79' lang='lat'><strong>676.</strong></span> 
     </span>
     <span class='ocr_line' id='line_1_47' title="bbox 338 3948 1415 4002; baseline -0.003 0"><span class='ocrx_word' id='word_1_250' title='bbox 338 3953 353 3980; x_wconf 88' lang='lat'>‘</span> <span class='ocrx_word' id='word_1_251' title='bbox 375 3950 531 4002; x_wconf 85' lang='lat' dir='ltr'><strong>Haud</strong></span> <span class='ocrx_word' id='word_1_252' title='bbox 552 3957 704 3999; x_wconf 85' lang='lat' dir='ltr'><strong>tauto</strong></span> <span class='ocrx_word' id='word_1_253' title='bbox 725 3950 952 3999; x_wconf 83' lang='lat' dir='ltr'><strong>cessabit</strong></span> <span class='ocrx_word' id='word_1_254' title='bbox 969 3948 1184 4000; x_wconf 88' lang='lat' dir='ltr'><strong>cardine</strong></span> <span class='ocrx_word' id='word_1_255' title='bbox 1205 3949 1415 3999; x_wconf 65' lang='lat' dir='ltr'><strong>rernm!</strong></span> 
     </span>
     <span class='ocr_line' id='line_1_48' title="bbox 405 4026 1413 4091; baseline -0.002 -13"><span class='ocrx_word' id='word_1_256' title='bbox 405 4037 427 4062; x_wconf 72' lang='lat'><strong><em>⁶</em></strong></span> <span class='ocrx_word' id='word_1_257' title='bbox 449 4030 603 4078; x_wconf 78' lang='lat' dir='ltr'><strong>Estne</strong></span> <span class='ocrx_word' id='word_1_258' title='bbox 624 4026 804 4089; x_wconf 79' lang='lat' dir='ltr'><strong>aliquid</strong></span> <span class='ocrx_word' id='word_1_259' title='bbox 829 4026 919 4076; x_wconf 75' lang='lat' dir='ltr'><strong>tibi</strong></span> <span class='ocrx_word' id='word_1_260' title='bbox 955 4029 1104 4090; x_wconf 78' lang='lat' dir='ltr'><strong>teipso</strong></span> <span class='ocrx_word' id='word_1_261' title='bbox 1135 4026 1413 4091; x_wconf 76' lang='lat' dir='ltr'><strong>pretiosius]</strong></span> 
     </span>
     <span class='ocr_line' id='line_1_49' title="bbox 345 4102 1417 4171; baseline -0.003 -15"><span class='ocrx_word' id='word_1_262' title='bbox 345 4108 651 4171; x_wconf 81' lang='lat' dir='ltr'><strong>Quanquam</strong></span> <span class='ocrx_word' id='word_1_263' title='bbox 675 4102 946 4166; x_wconf 68' lang='lat' dir='ltr'><strong>Boethius,</strong></span> <span class='ocrx_word' id='word_1_264' title='bbox 968 4110 1027 4152; x_wconf 86' lang='lat' dir='ltr'><strong>ut</strong></span> <span class='ocrx_word' id='word_1_265' title='bbox 1042 4103 1265 4168; x_wconf 88' lang='lat' dir='ltr'><strong>quilibet</strong></span> <span class='ocrx_word' id='word_1_266' title='bbox 1287 4104 1417 4153; x_wconf 84' lang='lat' dir='ltr'><strong>alius</strong></span> 
     </span>
     <span class='ocr_line' id='line_1_50' title="bbox 341 4184 1416 4246; baseline -0.005 -12"><span class='ocrx_word' id='word_1_267' title='bbox 341 4185 509 4246; x_wconf 89' lang='lat' dir='ltr'><strong>homo,</strong></span> <span class='ocrx_word' id='word_1_268' title='bbox 532 4194 751 4243; x_wconf 88' lang='lat' dir='ltr'><strong>corpore</strong></span> <span class='ocrx_word' id='word_1_269' title='bbox 778 4186 987 4229; x_wconf 86' lang='lat' dir='ltr'><strong>constet</strong></span> <span class='ocrx_word' id='word_1_270' title='bbox 1010 4187 1064 4230; x_wconf 89' lang='lat' dir='ltr'><strong>et</strong></span> <span class='ocrx_word' id='word_1_271' title='bbox 1086 4184 1264 4230; x_wconf 89' lang='lat' dir='ltr'><strong>mente</strong></span> <span class='ocrx_word' id='word_1_272' title='bbox 1295 4195 1416 4230; x_wconf 88' lang='lat' dir='ltr'><strong>con·</strong></span> 
     </span>
     <span class='ocr_line' id='line_1_51' title="bbox 335 4256 1418 4324; baseline -0.004 -14"><span class='ocrx_word' id='word_1_273' title='bbox 335 4260 558 4324; x_wconf 87' lang='lat' dir='ltr'><strong>junctis,</strong></span> <span class='ocrx_word' id='word_1_274' title='bbox 599 4256 934 4305; x_wconf 88' lang='lat' dir='ltr'><strong>nihilominus</strong></span> <span class='ocrx_word' id='word_1_275' title='bbox 977 4257 1163 4306; x_wconf 89' lang='lat' dir='ltr'><strong>relicto</strong></span> <span class='ocrx_word' id='word_1_276' title='bbox 1198 4271 1418 4319; x_wconf 84' lang='lat' dir='ltr'><strong>corpore</strong></span> 
     </span>
     <span class='ocr_line' id='line_1_52' title="bbox 344 4332 1419 4398; baseline -0.004 -11"><span class='ocrx_word' id='word_1_277' title='bbox 344 4333 690 4398; x_wconf 80' lang='lat' dir='ltr'><strong>Philosophia</strong></span> <span class='ocrx_word' id='word_1_278' title='bbox 712 4332 991 4383; x_wconf 68' lang='lat' dir='ltr'><strong>Boethium</strong></span> <span class='ocrx_word' id='word_1_279' title='bbox 1015 4332 1079 4382; x_wconf 89' lang='lat' dir='ltr'><strong>ad</strong></span> <span class='ocrx_word' id='word_1_280' title='bbox 1101 4348 1252 4384; x_wconf 86' lang='lat' dir='ltr'><strong>unam</strong></span> <span class='ocrx_word' id='word_1_281' title='bbox 1279 4348 1419 4385; x_wconf 88' lang='lat' dir='ltr'><strong>men·</strong></span> 
     </span>
    </p>
   </div>
   <div class='ocr_carea' id='block_1_13' title="bbox 1478 1551 2551 1773">
    <p class='ocr_par' dir='ltr' id='par_1_13' title="bbox 1478 1551 2551 1773">
     <span class='ocr_line' id='line_1_53' title="bbox 1479 1551 2551 1616; baseline -0.005 -12"><span class='ocrx_word' id='word_1_282' title='bbox 1479 1555 1546 1604; x_wconf 90' lang='lat' dir='ltr'><strong>tis</strong></span> <span class='ocrx_word' id='word_1_283' title='bbox 1567 1569 1673 1604; x_wconf 83' lang='lat' dir='ltr'><strong>suae</strong></span> <span class='ocrx_word' id='word_1_284' title='bbox 1696 1551 2164 1604; x_wconf 87' lang='lat' dir='ltr'><strong>considerationem</strong></span> <span class='ocrx_word' id='word_1_285' title='bbox 2177 1557 2411 1610; x_wconf 84' lang='lat' dir='ltr'><strong>revocat,</strong></span> <span class='ocrx_word' id='word_1_286' title='bbox 2426 1565 2551 1616; x_wconf 90' lang='lat' dir='ltr'><strong>qua-</strong></span> 
     </span>
     <span class='ocr_line' id='line_1_54' title="bbox 1478 1629 2549 1696; baseline -0.005 -14"><span class='ocrx_word' id='word_1_287' title='bbox 1478 1633 1522 1682; x_wconf 88' lang='lat' dir='ltr'><strong>si</strong></span> <span class='ocrx_word' id='word_1_288' title='bbox 1580 1633 1643 1682; x_wconf 88' lang='lat' dir='ltr'><strong>ad</strong></span> <span class='ocrx_word' id='word_1_289' title='bbox 1700 1632 1926 1696; x_wconf 86' lang='lat' dir='ltr'><strong>primum</strong></span> <span class='ocrx_word' id='word_1_290' title='bbox 1982 1629 2345 1691; x_wconf 77' lang='lat' dir='ltr'><strong>heatitudiniS‚</strong></span> <span class='ocrx_word' id='word_1_291' title='bbox 2392 1645 2549 1694; x_wconf 87' lang='lat' dir='ltr'><strong>quam</strong></span> 
     </span>
     <span class='ocr_line' id='line_1_55' title="bbox 1478 1707 2550 1773; baseline -0.004 -15"><span class='ocrx_word' id='word_1_292' title='bbox 1478 1709 1683 1773; x_wconf 81' lang='lat' dir='ltr'><strong>quaerit,</strong></span> <span class='ocrx_word' id='word_1_293' title='bbox 1724 1707 1955 1758; x_wconf 85' lang='lat' dir='ltr'><strong>fontem:</strong></span> <span class='ocrx_word' id='word_1_294' title='bbox 1992 1707 2151 1772; x_wconf 91' lang='lat' dir='ltr'><strong>idque</strong></span> <span class='ocrx_word' id='word_1_295' title='bbox 2196 1711 2351 1756; x_wconf 85' lang='lat' dir='ltr'><strong>vocat</strong></span> <span class='ocrx_word' id='word_1_296' title='bbox 2384 1711 2550 1755; x_wconf 88' lang='lat' dir='ltr'><strong>totum</strong></span> 
     </span>
    </p>
   </div>
   <div class='ocr_carea' id='block_1_14' title="bbox 1478 1782 2635 1847">
    <p class='ocr_par' dir='ltr' id='par_1_14' title="bbox 1478 1782 2635 1847">
     <span class='ocr_line' id='line_1_56' title="bbox 1478 1782 2635 1847; baseline 0.001 -14"><span class='ocrx_word' id='word_1_297' title='bbox 1478 1784 1795 1834; x_wconf 68' lang='lat' dir='ltr'><strong>Boethium:</strong></span> <span class='ocrx_word' id='word_1_298' title='bbox 1833 1784 1850 1813; x_wconf 92' lang='lat'>‘</span> <span class='ocrx_word' id='word_1_299' title='bbox 1874 1784 1992 1845; x_wconf 89' lang='lat' dir='ltr'><strong>tibi,</strong></span> <span class='ocrx_word' id='word_1_300' title='bbox 2030 1789 2082 1833; x_wconf 86' lang='lat' dir='ltr'><strong>te</strong></span> <span class='ocrx_word' id='word_1_301' title='bbox 2104 1782 2271 1847; x_wconf 87' lang='lat' dir='ltr'><strong>ipso:&#39;</strong></span> <span class='ocrx_word' id='word_1_302' title='bbox 2302 1783 2439 1833; x_wconf 85' lang='lat' dir='ltr'><strong>sicut</strong></span> <span class='ocrx_word' id='word_1_303' title='bbox 2480 1783 2554 1831; x_wconf 91' lang='lat' dir='ltr'><strong>A·</strong></span> <span class='ocrx_word' id='word_1_304' title='bbox 2630 1827 2635 1834; x_wconf 92' lang='lat'><em>.</em></span> 
     </span>
    </p>
   </div>
   <div class='ocr_carea' id='block_1_15' title="bbox 1479 1858 2569 4397">
    <p class='ocr_par' dir='ltr' id='par_1_15' title="bbox 1479 1858 2553 2236">
     <span class='ocr_line' id='line_1_57' title="bbox 1479 1858 2553 1927; baseline -0.004 -14"><span class='ocrx_word' id='word_1_305' title='bbox 1479 1863 1714 1927; x_wconf 88' lang='lat' dir='ltr'><strong>postolus</strong></span> <span class='ocrx_word' id='word_1_306' title='bbox 1756 1863 1974 1912; x_wconf 86' lang='lat' dir='ltr'><strong>Roman.</strong></span> <span class='ocrx_word' id='word_1_307' title='bbox 2010 1866 2059 1913; x_wconf 82' lang='grc'><strong>7.</strong></span> <span class='ocrx_word' id='word_1_308' title='bbox 2094 1859 2316 1910; x_wconf 85' lang='lat' dir='ltr'><strong>‘infelix</strong></span> <span class='ocrx_word' id='word_1_309' title='bbox 2358 1858 2553 1923; x_wconf 88' lang='lat' dir='ltr'><strong>homo,&#39;</strong></span> 
     </span>
     <span class='ocr_line' id='line_1_58' title="bbox 1479 1938 2552 2006; baseline -0.004 -16"><span class='ocrx_word' id='word_1_310' title='bbox 1479 1942 1669 2006; x_wconf 90' lang='lat' dir='ltr'><strong>inquit,</strong></span> <span class='ocrx_word' id='word_1_311' title='bbox 1696 1946 1709 1969; x_wconf 93' lang='lat'>‘</span> <span class='ocrx_word' id='word_1_312' title='bbox 1731 1941 1843 2006; x_wconf 87' lang='lat' dir='ltr'><strong>quis</strong></span> <span class='ocrx_word' id='word_1_313' title='bbox 1870 1953 1950 1990; x_wconf 88' lang='lat' dir='ltr'><strong>me</strong></span> <span class='ocrx_word' id='word_1_314' title='bbox 1972 1939 2220 1989; x_wconf 84' lang='lat' dir='ltr'><strong>liberabit</strong></span> <span class='ocrx_word' id='word_1_315' title='bbox 2244 1938 2310 1989; x_wconf 91' lang='lat' dir='ltr'><strong>de</strong></span> <span class='ocrx_word' id='word_1_316' title='bbox 2331 1952 2552 2003; x_wconf 87' lang='lat' dir='ltr'><strong>corpore</strong></span> 
     </span>
     <span class='ocr_line' id='line_1_59' title="bbox 1481 2015 2553 2082; baseline -0.003 -15"><span class='ocrx_word' id='word_1_317' title='bbox 1481 2019 1660 2069; x_wconf 85' lang='lat' dir='ltr'><strong>mortis</strong></span> <span class='ocrx_word' id='word_1_318' title='bbox 1683 2018 1831 2082; x_wconf 85' lang='lat' dir='ltr'><strong>hujus</strong></span> <span class='ocrx_word' id='word_1_319' title='bbox 1850 2017 1886 2067; x_wconf 65' lang='grc' dir='ltr'><strong>θ’</strong></span> <span class='ocrx_word' id='word_1_320' title='bbox 1918 2020 1934 2047; x_wconf 88' lang='lat'>‘</span> <span class='ocrx_word' id='word_1_321' title='bbox 1958 2019 2122 2067; x_wconf 89' lang='lat' dir='ltr'><strong>Estne</strong></span> <span class='ocrx_word' id='word_1_322' title='bbox 2146 2015 2340 2081; x_wconf 84' lang='lat' dir='ltr'><strong>igitur,’</strong></span> <span class='ocrx_word' id='word_1_323' title='bbox 2381 2015 2553 2082; x_wconf 88' lang='lat' dir='ltr'><strong>inquit</strong></span> 
     </span>
     <span class='ocr_line' id='line_1_60' title="bbox 1483 2091 2553 2159; baseline -0.004 -15"><span class='ocrx_word' id='word_1_324' title='bbox 1483 2095 1823 2159; x_wconf 86' lang='lat' dir='ltr'><strong>Philosophia</strong></span> <span class='ocrx_word' id='word_1_325' title='bbox 1874 2093 2115 2156; x_wconf 69' lang='lat' dir='ltr'><strong>Boethio,</strong></span> <span class='ocrx_word' id='word_1_326' title='bbox 2166 2096 2182 2121; x_wconf 87' lang='lat'>‘</span> <span class='ocrx_word' id='word_1_327' title='bbox 2207 2093 2402 2157; x_wconf 90' lang='lat' dir='ltr'><strong>aliquid</strong></span> <span class='ocrx_word' id='word_1_328' title='bbox 2456 2091 2553 2142; x_wconf 90' lang='lat' dir='ltr'><strong>tibi</strong></span> 
     </span>
     <span class='ocr_line' id='line_1_61' title="bbox 1483 2171 2121 2236; baseline -0.005 -14"><span class='ocrx_word' id='word_1_329' title='bbox 1483 2177 1539 2222; x_wconf 89' lang='lat' dir='ltr'><strong>te</strong></span> <span class='ocrx_word' id='word_1_330' title='bbox 1564 2174 1678 2236; x_wconf 87' lang='lat' dir='ltr'><strong>ipso</strong></span> <span class='ocrx_word' id='word_1_331' title='bbox 1703 2171 1980 2236; x_wconf 87' lang='lat' dir='ltr'><strong>pretiosius</strong></span> <span class='ocrx_word' id='word_1_332' title='bbox 2005 2171 2037 2219; x_wconf 65' lang='grc' dir='ltr'><strong><em>Ρ</em></strong></span> <span class='ocrx_word' id='word_1_333' title='bbox 2118 2179 2121 2180; x_wconf 71' lang='grc'>’</span> 
     </span>
    </p>

    <p class='ocr_par' dir='ltr' id='par_1_16' title="bbox 1482 2245 2562 2998">
     <span class='ocr_line' id='line_1_62' title="bbox 1547 2245 2554 2314; baseline 0 -16"><span class='ocrx_word' id='word_1_334' title='bbox 1547 2249 1571 2283; x_wconf 80' lang='lat'><strong>‘¹</strong></span> <span class='ocrx_word' id='word_1_335' title='bbox 1593 2249 1756 2313; x_wconf 78' lang='lat' dir='ltr'><strong>Nihil]</strong></span> <span class='ocrx_word' id='word_1_336' title='bbox 1775 2249 1955 2314; x_wconf 88' lang='lat' dir='ltr'><strong>Inquit</strong></span> <span class='ocrx_word' id='word_1_337' title='bbox 1979 2248 2260 2298; x_wconf 67' lang='lat' dir='ltr'><strong>Boethius:</strong></span> <span class='ocrx_word' id='word_1_338' title='bbox 2286 2245 2554 2311; x_wconf 80' lang='lat' dir='ltr'><strong>Quicquid</strong></span> 
     </span>
     <span class='ocr_line' id='line_1_63' title="bbox 1485 2323 2556 2377; baseline -0.005 0"><span class='ocrx_word' id='word_1_339' title='bbox 1485 2328 1624 2377; x_wconf 89' lang='lat' dir='ltr'><strong>enim</strong></span> <span class='ocrx_word' id='word_1_340' title='bbox 1671 2326 1921 2376; x_wconf 83' lang='lat' dir='ltr'><strong>divinitus</strong></span> <span class='ocrx_word' id='word_1_341' title='bbox 1963 2325 2163 2376; x_wconf 82' lang='lat' dir='ltr'><strong>sactum</strong></span> <span class='ocrx_word' id='word_1_342' title='bbox 2206 2323 2434 2374; x_wconf 84' lang='lat' dir='ltr'><strong>naturali</strong></span> <span class='ocrx_word' id='word_1_343' title='bbox 2478 2325 2556 2372; x_wconf 90' lang='lat' dir='ltr'><strong>lu-</strong></span> 
     </span>
     <span class='ocr_line' id='line_1_64' title="bbox 1485 2402 2557 2464; baseline -0.004 -11"><span class='ocrx_word' id='word_1_344' title='bbox 1485 2406 1624 2454; x_wconf 87' lang='lat' dir='ltr'><strong>mine</strong></span> <span class='ocrx_word' id='word_1_345' title='bbox 1646 2404 1785 2462; x_wconf 74' lang='lat' dir='ltr'><strong>novi,</strong></span> <span class='ocrx_word' id='word_1_346' title='bbox 1807 2402 1861 2452; x_wconf 89' lang='lat' dir='ltr'><strong>id</strong></span> <span class='ocrx_word' id='word_1_347' title='bbox 1886 2410 1976 2453; x_wconf 80' lang='lat' dir='ltr'><strong>aut</strong></span> <span class='ocrx_word' id='word_1_348' title='bbox 2012 2417 2131 2452; x_wconf 88' lang='lat' dir='ltr'><strong>mea</strong></span> <span class='ocrx_word' id='word_1_349' title='bbox 2164 2416 2310 2452; x_wconf 86' lang='lat' dir='ltr'><strong>mens</strong></span> <span class='ocrx_word' id='word_1_350' title='bbox 2332 2407 2432 2464; x_wconf 87' lang='lat' dir='ltr'><strong>est,</strong></span> <span class='ocrx_word' id='word_1_351' title='bbox 2467 2405 2557 2450; x_wconf 88' lang='lat' dir='ltr'><strong>ant</strong></span> 
     </span>
     <span class='ocr_line' id='line_1_65' title="bbox 1482 2480 2556 2547; baseline -0.004 -14"><span class='ocrx_word' id='word_1_352' title='bbox 1482 2496 1672 2547; x_wconf 86' lang='lat' dir='ltr'><strong>corpus</strong></span> <span class='ocrx_word' id='word_1_353' title='bbox 1706 2482 1842 2547; x_wconf 89' lang='lat' dir='ltr'><strong>quod</strong></span> <span class='ocrx_word' id='word_1_354' title='bbox 1881 2482 2038 2545; x_wconf 84' lang='lat' dir='ltr'><strong>vulgo</strong></span> <span class='ocrx_word' id='word_1_355' title='bbox 2075 2480 2268 2531; x_wconf 89' lang='lat' dir='ltr'><strong>dicitur</strong></span> <span class='ocrx_word' id='word_1_356' title='bbox 2301 2480 2556 2530; x_wconf 85' lang='lat' dir='ltr'><strong>materia:</strong></span> 
     </span>
     <span class='ocr_line' id='line_1_66' title="bbox 1486 2559 2558 2629; baseline -0.005 -19"><span class='ocrx_word' id='word_1_357' title='bbox 1486 2560 1579 2610; x_wconf 88' lang='lat' dir='ltr'><strong>sed</strong></span> <span class='ocrx_word' id='word_1_358' title='bbox 1617 2575 1735 2615; x_wconf 83' lang='lat' dir='ltr'><strong>mea</strong></span> <span class='ocrx_word' id='word_1_359' title='bbox 1756 2574 1903 2609; x_wconf 78' lang='lat' dir='ltr'><strong>inens</strong></span> <span class='ocrx_word' id='word_1_360' title='bbox 1941 2560 2027 2609; x_wconf 77' lang='lat' dir='ltr'><strong>vel</strong></span> <span class='ocrx_word' id='word_1_361' title='bbox 2065 2574 2131 2608; x_wconf 90' lang='lat' dir='ltr'><strong>ex</strong></span> <span class='ocrx_word' id='word_1_362' title='bbox 2169 2559 2285 2623; x_wconf 85' lang='lat' dir='ltr'><strong>ipso</strong></span> <span class='ocrx_word' id='word_1_363' title='bbox 2326 2566 2558 2629; x_wconf 29' lang='lat' dir='ltr'><strong>est-cor-</strong></span> 
     </span>
     <span class='ocr_line' id='line_1_67' title="bbox 1486 2632 2558 2702; baseline -0.006 -15"><span class='ocrx_word' id='word_1_364' title='bbox 1486 2652 1615 2702; x_wconf 85' lang='lat' dir='ltr'><strong>pore</strong></span> <span class='ocrx_word' id='word_1_365' title='bbox 1660 2638 1769 2686; x_wconf 81' lang='lat' dir='ltr'><strong>slve</strong></span> <span class='ocrx_word' id='word_1_366' title='bbox 1814 2637 2034 2685; x_wconf 83' lang='lat' dir='ltr'><strong>materia</strong></span> <span class='ocrx_word' id='word_1_367' title='bbox 2091 2635 2389 2699; x_wconf 86' lang='lat' dir='ltr'><strong>pretiosior,</strong></span> <span class='ocrx_word' id='word_1_368' title='bbox 2420 2632 2558 2698; x_wconf 87' lang='lat' dir='ltr'><strong>quod</strong></span> 
     </span>
     <span class='ocr_line' id='line_1_68' title="bbox 1486 2710 2558 2778; baseline -0.007 -12"><span class='ocrx_word' id='word_1_369' title='bbox 1486 2714 1758 2767; x_wconf 86' lang='lat' dir='ltr'><strong>materiam</strong></span> <span class='ocrx_word' id='word_1_370' title='bbox 1797 2717 1947 2771; x_wconf 84' lang='lat' dir='ltr'><strong>hanc,</strong></span> <span class='ocrx_word' id='word_1_371' title='bbox 1976 2729 2008 2763; x_wconf 89' lang='lat' dir='ltr'><strong>a</strong></span> <span class='ocrx_word' id='word_1_372' title='bbox 2045 2728 2150 2778; x_wconf 86' lang='lat' dir='ltr'><strong>qna</strong></span> <span class='ocrx_word' id='word_1_373' title='bbox 2188 2714 2299 2776; x_wconf 85' lang='lat' dir='ltr'><strong>ipsa</strong></span> <span class='ocrx_word' id='word_1_374' title='bbox 2335 2710 2558 2775; x_wconf 83' lang='lat' dir='ltr'><strong>cogitari</strong></span> 
     </span>
     <span class='ocr_line' id='line_1_69' title="bbox 1486 2787 2560 2859; baseline -0.007 -16"><span class='ocrx_word' id='word_1_375' title='bbox 1486 2794 1686 2859; x_wconf 87' lang='lat' dir='ltr'><strong>nequit,</strong></span> <span class='ocrx_word' id='word_1_376' title='bbox 1725 2792 1944 2854; x_wconf 89' lang='lat' dir='ltr'><strong>cogitet,</strong></span> <span class='ocrx_word' id='word_1_377' title='bbox 1967 2791 2237 2854; x_wconf 87' lang='lat' dir='ltr'><strong>ipsamque</strong></span> <span class='ocrx_word' id='word_1_378' title='bbox 2261 2789 2326 2838; x_wconf 87' lang='lat' dir='ltr'><strong>ad</strong></span> <span class='ocrx_word' id='word_1_379' title='bbox 2354 2787 2560 2837; x_wconf 87' lang='lat' dir='ltr'><strong>arbitri·</strong></span> 
     </span>
     <span class='ocr_line' id='line_1_70' title="bbox 1483 2864 2562 2932; baseline -0.008 -10"><span class='ocrx_word' id='word_1_380' title='bbox 1483 2886 1576 2923; x_wconf 79' lang='lat' dir='ltr'><strong>‚um</strong></span> <span class='ocrx_word' id='word_1_381' title='bbox 1624 2871 1728 2920; x_wconf 89' lang='lat' dir='ltr'><strong>hnc</strong></span> <span class='ocrx_word' id='word_1_382' title='bbox 1770 2869 2017 2932; x_wconf 91' lang='lat' dir='ltr'><strong>illucque,</strong></span> <span class='ocrx_word' id='word_1_383' title='bbox 2048 2867 2236 2931; x_wconf 80' lang='lat' dir='ltr'><strong>saepius</strong></span> <span class='ocrx_word' id='word_1_384' title='bbox 2262 2864 2562 2930; x_wconf 86' lang='lat' dir='ltr'><strong>cogitando,</strong></span> 
     </span>
     <span class='ocr_line' id='line_1_71' title="bbox 1487 2954 1684 2998; baseline 0.005 -2"><span class='ocrx_word' id='word_1_385' title='bbox 1487 2954 1684 2998; x_wconf 79' lang='lat' dir='ltr'><strong>verset.</strong></span> 
     </span>
    </p>

    <p class='ocr_par' dir='ltr' id='par_1_17' title="bbox 1484 3018 2569 4322">
     <span class='ocr_line' id='line_1_72' title="bbox 1553 3018 2556 3088; baseline -0.007 -13"><span class='ocrx_word' id='word_1_386' title='bbox 1553 3032 1576 3058; x_wconf 76' lang='lat'>⁸</span> <span class='ocrx_word' id='word_1_387' title='bbox 1598 3025 1763 3088; x_wconf 76' lang='lat' dir='ltr'><strong>Igitur</strong></span> <span class='ocrx_word' id='word_1_388' title='bbox 1789 3023 1834 3072; x_wconf 82' lang='lat' dir='ltr'><strong>si</strong></span> <span class='ocrx_word' id='word_1_389' title='bbox 1857 3022 1931 3070; x_wconf 75' lang='lat' dir='ltr'><strong>tui</strong></span> <span class='ocrx_word' id='word_1_390' title='bbox 1952 3019 2329 3084; x_wconf 73' lang='lat' dir='ltr'><strong>compossueris]</strong></span> <span class='ocrx_word' id='word_1_391' title='bbox 2369 3018 2423 3068; x_wconf 85' lang='lat' dir='ltr'><strong>Si</strong></span> <span class='ocrx_word' id='word_1_392' title='bbox 2450 3025 2556 3068; x_wconf 73' lang='lat' dir='ltr'><strong>tuae</strong></span> 
     </span>
     <span class='ocr_line' id='line_1_73' title="bbox 1488 3097 2560 3153; baseline -0.007 0"><span class='ocrx_word' id='word_1_393' title='bbox 1488 3103 1678 3153; x_wconf 88' lang='lat' dir='ltr'><strong>mentis</strong></span> <span class='ocrx_word' id='word_1_394' title='bbox 1699 3110 1898 3151; x_wconf 88' lang='lat' dir='ltr'><strong>tantam</strong></span> <span class='ocrx_word' id='word_1_395' title='bbox 1922 3098 2166 3150; x_wconf 88' lang='lat' dir='ltr'><strong>habueris</strong></span> <span class='ocrx_word' id='word_1_396' title='bbox 2201 3104 2258 3147; x_wconf 91' lang='lat' dir='ltr'><strong>et</strong></span> <span class='ocrx_word' id='word_1_397' title='bbox 2291 3097 2560 3147; x_wconf 85' lang='lat' dir='ltr'><strong>notionem</strong></span> 
     </span>
     <span class='ocr_line' id='line_1_74' title="bbox 1490 3172 2560 3244; baseline -0.007 -14"><span class='ocrx_word' id='word_1_398' title='bbox 1490 3188 1546 3230; x_wconf 84' lang='lat' dir='ltr'><strong>et</strong></span> <span class='ocrx_word' id='word_1_399' title='bbox 1564 3185 1901 3244; x_wconf 88' lang='lat' dir='ltr'><strong>potestatem,</strong></span> <span class='ocrx_word' id='word_1_400' title='bbox 1923 3184 1983 3226; x_wconf 91' lang='lat' dir='ltr'><strong>ut</strong></span> <span class='ocrx_word' id='word_1_401' title='bbox 2015 3176 2104 3224; x_wconf 83' lang='lat' dir='ltr'><strong>illa</strong></span> <span class='ocrx_word' id='word_1_402' title='bbox 2134 3173 2349 3224; x_wconf 87' lang='lat' dir='ltr'><strong>notione</strong></span> <span class='ocrx_word' id='word_1_403' title='bbox 2370 3172 2560 3223; x_wconf 90' lang='lat' dir='ltr'><strong>ductus</strong></span> 
     </span>
     <span class='ocr_line' id='line_1_75' title="bbox 1490 3248 2562 3319; baseline -0.007 -14"><span class='ocrx_word' id='word_1_404' title='bbox 1490 3256 1591 3305; x_wconf 87' lang='lat' dir='ltr'><strong>hac</strong></span> <span class='ocrx_word' id='word_1_405' title='bbox 1643 3259 1904 3319; x_wconf 85' lang='lat' dir='ltr'><strong>potestate</strong></span> <span class='ocrx_word' id='word_1_406' title='bbox 1969 3264 2231 3315; x_wconf 88' lang='lat' dir='ltr'><strong>nunqnam</strong></span> <span class='ocrx_word' id='word_1_407' title='bbox 2299 3248 2562 3298; x_wconf 87' lang='lat' dir='ltr'><strong>abutaris:</strong></span> 
     </span>
     <span class='ocr_line' id='line_1_76' title="bbox 1491 3328 2564 3397; baseline -0.006 -13"><span class='ocrx_word' id='word_1_408' title='bbox 1491 3347 1704 3397; x_wconf 86' lang='lat' dir='ltr'><strong>compos</strong></span> <span class='ocrx_word' id='word_1_409' title='bbox 1750 3331 1889 3381; x_wconf 90' lang='lat' dir='ltr'><strong>enim</strong></span> <span class='ocrx_word' id='word_1_410' title='bbox 1936 3337 1990 3380; x_wconf 92' lang='lat' dir='ltr'><strong>et</strong></span> <span class='ocrx_word' id='word_1_411' title='bbox 2031 3332 2198 3395; x_wconf 91' lang='lat' dir='ltr'><strong>impos</strong></span> <span class='ocrx_word' id='word_1_412' title='bbox 2252 3328 2496 3379; x_wconf 88' lang='lat' dir='ltr'><strong>dicuntur</strong></span> <span class='ocrx_word' id='word_1_413' title='bbox 2530 3342 2564 3378; x_wconf 88' lang='lat' dir='ltr'><strong>a</strong></span> 
     </span>
     <span class='ocr_line' id='line_1_77' title="bbox 1491 3406 2565 3475; baseline -0.004 -15"><span class='ocrx_word' id='word_1_414' title='bbox 1491 3411 1666 3475; x_wconf 89' lang='lat' dir='ltr'><strong>potis:</strong></span> <span class='ocrx_word' id='word_1_415' title='bbox 1720 3406 1860 3459; x_wconf 86' lang='lat' dir='ltr'><strong>unde</strong></span> <span class='ocrx_word' id='word_1_416' title='bbox 1915 3408 2136 3458; x_wconf 87' lang='lat' dir='ltr'><strong>dicimus</strong></span> <span class='ocrx_word' id='word_1_417' title='bbox 2179 3414 2473 3470; x_wconf 87' lang='lat' dir='ltr'><strong>compotem</strong></span> <span class='ocrx_word' id='word_1_418' title='bbox 2509 3412 2565 3456; x_wconf 89' lang='lat' dir='ltr'><strong>et</strong></span> 
     </span>
     <span class='ocr_line' id='line_1_78' title="bbox 1499 3483 2562 3552; baseline -0.006 -14"><span class='ocrx_word' id='word_1_419' title='bbox 1499 3484 1785 3552; x_wconf 68' lang='lat' dir='ltr'><strong>impotem:</strong></span> <span class='ocrx_word' id='word_1_420' title='bbox 1821 3486 1959 3535; x_wconf 89' lang='lat' dir='ltr'><strong>sicut</strong></span> <span class='ocrx_word' id='word_1_421' title='bbox 1995 3483 2337 3534; x_wconf 87' lang='lat' dir='ltr'><strong>ratiocinatur</strong></span> <span class='ocrx_word' id='word_1_422' title='bbox 2357 3483 2562 3532; x_wconf 88' lang='lat' dir='ltr'><strong>Varro:</strong></span> 
     </span>
     <span class='ocr_line' id='line_1_79' title="bbox 1491 3559 2564 3628; baseline -0.005 -14"><span class='ocrx_word' id='word_1_423' title='bbox 1491 3564 1630 3628; x_wconf 90' lang='lat' dir='ltr'><strong>potis</strong></span> <span class='ocrx_word' id='word_1_424' title='bbox 1654 3571 1827 3613; x_wconf 86' lang='lat' dir='ltr'><strong>autem</strong></span> <span class='ocrx_word' id='word_1_425' title='bbox 1852 3562 2047 3612; x_wconf 88' lang='lat' dir='ltr'><strong>dicitur</strong></span> <span class='ocrx_word' id='word_1_426' title='bbox 2064 3561 2148 3610; x_wconf 86' lang='lat' dir='ltr'><strong>vel</strong></span> <span class='ocrx_word' id='word_1_427' title='bbox 2172 3576 2204 3611; x_wconf 90' lang='lat' dir='ltr'><strong>a</strong></span> <span class='ocrx_word' id='word_1_428' title='bbox 2228 3567 2406 3626; x_wconf 80' lang='lat' dir='ltr'><strong>pateo,</strong></span> <span class='ocrx_word' id='word_1_429' title='bbox 2428 3559 2564 3625; x_wconf 88' lang='lat' dir='ltr'><strong>quod</strong></span> 
     </span>
     <span class='ocr_line' id='line_1_80' title="bbox 1492 3638 2566 3707; baseline -0.006 -14"><span class='ocrx_word' id='word_1_430' title='bbox 1492 3649 1678 3707; x_wconf 86' lang='lat' dir='ltr'><strong>pateat</strong></span> <span class='ocrx_word' id='word_1_431' title='bbox 1703 3641 1778 3690; x_wconf 87' lang='lat' dir='ltr'><strong>illl</strong></span> <span class='ocrx_word' id='word_1_432' title='bbox 1805 3640 2053 3707; x_wconf 87' lang='lat' dir='ltr'><strong>quicquid</strong></span> <span class='ocrx_word' id='word_1_433' title='bbox 2079 3641 2221 3703; x_wconf 88' lang='lat' dir='ltr'><strong>velit,</strong></span> <span class='ocrx_word' id='word_1_434' title='bbox 2256 3640 2338 3688; x_wconf 83' lang='lat' dir='ltr'><strong>vel</strong></span> <span class='ocrx_word' id='word_1_435' title='bbox 2364 3652 2393 3687; x_wconf 90' lang='lat' dir='ltr'><strong>a</strong></span> <span class='ocrx_word' id='word_1_436' title='bbox 2415 3638 2566 3687; x_wconf 89' lang='lat' dir='ltr'><strong>Dori·</strong></span> 
     </span>
     <span class='ocr_line' id='line_1_81' title="bbox 1494 3714 2565 3784; baseline -0.006 -15"><span class='ocrx_word' id='word_1_437' title='bbox 1494 3736 1557 3771; x_wconf 91' lang='lat' dir='ltr'><strong>ca</strong></span> <span class='ocrx_word' id='word_1_438' title='bbox 1580 3719 1949 3784; x_wconf 59' lang='lat' dir='ltr'><strong>praepositione</strong></span> <span class='ocrx_word' id='word_1_439' title='bbox 1972 3716 2086 3766; x_wconf 77' lang='grc' dir='ltr'>ποτὶ</span> <span class='ocrx_word' id='word_1_440' title='bbox 2095 3719 2271 3783; x_wconf 83' lang='lat' dir='ltr'><strong>juxta,</strong></span> <span class='ocrx_word' id='word_1_441' title='bbox 2295 3714 2432 3780; x_wconf 90' lang='lat' dir='ltr'><strong>quod</strong></span> <span class='ocrx_word' id='word_1_442' title='bbox 2449 3730 2565 3780; x_wconf 77' lang='lat' dir='ltr'><strong>quse</strong></span> 
     </span>
     <span class='ocr_line' id='line_1_82' title="bbox 1484 3795 2568 3862; baseline -0.005 -16"><span class='ocrx_word' id='word_1_443' title='bbox 1484 3798 1645 3862; x_wconf 82' lang='lat' dir='ltr'><strong>juxta</strong></span> <span class='ocrx_word' id='word_1_444' title='bbox 1669 3811 1762 3845; x_wconf 90' lang='lat' dir='ltr'><strong>nos</strong></span> <span class='ocrx_word' id='word_1_445' title='bbox 1795 3802 1935 3858; x_wconf 90' lang='lat' dir='ltr'><strong>sunt,</strong></span> <span class='ocrx_word' id='word_1_446' title='bbox 1972 3795 2024 3843; x_wconf 91' lang='lat' dir='ltr'><strong>iu</strong></span> <span class='ocrx_word' id='word_1_447' title='bbox 2065 3801 2247 3844; x_wconf 90' lang='lat' dir='ltr'><strong>nostra</strong></span> <span class='ocrx_word' id='word_1_448' title='bbox 2287 3800 2568 3842; x_wconf 89' lang='lat' dir='ltr'><strong>censentur</strong></span> 
     </span>
     <span class='ocr_line' id='line_1_83' title="bbox 1497 3866 2567 3938; baseline -0.005 -15"><span class='ocrx_word' id='word_1_449' title='bbox 1497 3880 1783 3938; x_wconf 87' lang='lat' dir='ltr'><strong>potestate,</strong></span> <span class='ocrx_word' id='word_1_450' title='bbox 1806 3880 1865 3922; x_wconf 91' lang='lat' dir='ltr'><strong>ut</strong></span> <span class='ocrx_word' id='word_1_451' title='bbox 1898 3866 2071 3937; x_wconf 89' lang='lat' dir='ltr'><strong>placet</strong></span> <span class='ocrx_word' id='word_1_452' title='bbox 2087 3872 2306 3921; x_wconf 88' lang='lat' dir='ltr'><strong>Vossio:</strong></span> <span class='ocrx_word' id='word_1_453' title='bbox 2332 3885 2470 3933; x_wconf 88' lang='lat' dir='ltr'><strong>nam,</strong></span> <span class='ocrx_word' id='word_1_454' title='bbox 2494 3872 2567 3919; x_wconf 88' lang='lat' dir='ltr'><strong>in·</strong></span> 
     </span>
     <span class='ocr_line' id='line_1_84' title="bbox 1496 3949 2569 4015; baseline -0.001 -17"><span class='ocrx_word' id='word_1_455' title='bbox 1496 3951 1614 4015; x_wconf 88' lang='lat' dir='ltr'><strong>quit</strong></span> <span class='ocrx_word' id='word_1_456' title='bbox 1632 3950 1842 4000; x_wconf 87' lang='lat' dir='ltr'><strong>Servius</strong></span> <span class='ocrx_word' id='word_1_457' title='bbox 1883 3949 1948 3998; x_wconf 89' lang='lat' dir='ltr'><strong>ad</strong></span> <span class='ocrx_word' id='word_1_458' title='bbox 1985 3949 2098 3998; x_wconf 85' lang='lat' dir='ltr'><strong>Ecl.</strong></span> <span class='ocrx_word' id='word_1_459' title='bbox 2124 3962 2204 3996; x_wconf 81' lang='lat' dir='ltr'><strong>rx.</strong></span> <span class='ocrx_word' id='word_1_460' title='bbox 2225 3949 2372 4012; x_wconf 84' lang='lat' dir='ltr'><strong>Virg.</strong></span> <span class='ocrx_word' id='word_1_461' title='bbox 2405 3950 2421 3975; x_wconf 79' lang='lat'>⁸</span> <span class='ocrx_word' id='word_1_462' title='bbox 2442 3963 2569 4012; x_wconf 87' lang='lat' dir='ltr'><strong>qno-</strong></span> 
     </span>
     <span class='ocr_line' id='line_1_85' title="bbox 1496 4024 2567 4086; baseline -0.004 -11"><span class='ocrx_word' id='word_1_463' title='bbox 1496 4026 1652 4076; x_wconf 89' lang='lat' dir='ltr'><strong>modo</strong></span> <span class='ocrx_word' id='word_1_464' title='bbox 1695 4027 1924 4076; x_wconf 85' lang='lat' dir='ltr'><strong>victores</strong></span> <span class='ocrx_word' id='word_1_465' title='bbox 1961 4025 2177 4075; x_wconf 88' lang='lat' dir='ltr'><strong>dicimus</strong></span> <span class='ocrx_word' id='word_1_466' title='bbox 2214 4024 2322 4073; x_wconf 83' lang='lat' dir='ltr'><strong>voti</strong></span> <span class='ocrx_word' id='word_1_467' title='bbox 2360 4037 2567 4086; x_wconf 87' lang='lat' dir='ltr'><strong>compo-</strong></span> 
     </span>
     <span class='ocr_line' id='line_1_86' title="bbox 1497 4100 2567 4170; baseline -0.005 -16"><span class='ocrx_word' id='word_1_468' title='bbox 1497 4111 1598 4166; x_wconf 87' lang='lat' dir='ltr'><strong>tes,</strong></span> <span class='ocrx_word' id='word_1_469' title='bbox 1656 4105 1744 4170; x_wconf 90' lang='lat' dir='ltr'><strong>qui</strong></span> <span class='ocrx_word' id='word_1_470' title='bbox 1792 4103 1927 4168; x_wconf 90' lang='lat' dir='ltr'><strong>quod</strong></span> <span class='ocrx_word' id='word_1_471' title='bbox 1974 4102 2156 4152; x_wconf 81' lang='lat' dir='ltr'><strong>volunt</strong></span> <span class='ocrx_word' id='word_1_472' title='bbox 2201 4100 2438 4160; x_wconf 87' lang='lat' dir='ltr'><strong>faciunt;</strong></span> <span class='ocrx_word' id='word_1_473' title='bbox 2491 4101 2567 4149; x_wconf 90' lang='lat' dir='ltr'><strong>sic</strong></span> 
     </span>
     <span class='ocr_line' id='line_1_87' title="bbox 1497 4178 2569 4239; baseline -0.006 -10"><span class='ocrx_word' id='word_1_474' title='bbox 1497 4178 1668 4230; x_wconf 86' lang='lat' dir='ltr'><strong>victos</strong></span> <span class='ocrx_word' id='word_1_475' title='bbox 1693 4194 1722 4228; x_wconf 94' lang='lat' dir='ltr'><strong>e</strong></span> <span class='ocrx_word' id='word_1_476' title='bbox 1746 4179 2008 4229; x_wconf 89' lang='lat' dir='ltr'><strong>contrario</strong></span> <span class='ocrx_word' id='word_1_477' title='bbox 2044 4192 2288 4227; x_wconf 86' lang='lat' dir='ltr'><strong>vocamus</strong></span> <span class='ocrx_word' id='word_1_478' title='bbox 2329 4178 2569 4239; x_wconf 83' lang='lat' dir='ltr'><strong>impotes,</strong></span> 
     </span>
     <span class='ocr_line' id='line_1_88' title="bbox 1500 4250 2569 4322; baseline -0.002 -18"><span class='ocrx_word' id='word_1_479' title='bbox 1500 4257 1590 4322; x_wconf 86' lang='lat' dir='ltr'><strong>qui</strong></span> <span class='ocrx_word' id='word_1_480' title='bbox 1614 4269 1714 4304; x_wconf 90' lang='lat' dir='ltr'><strong>non</strong></span> <span class='ocrx_word' id='word_1_481' title='bbox 1738 4262 1955 4318; x_wconf 86' lang='lat' dir='ltr'><strong>possunt</strong></span> <span class='ocrx_word' id='word_1_482' title='bbox 1980 4253 2159 4304; x_wconf 82' lang='lat' dir='ltr'><strong>facere</strong></span> <span class='ocrx_word' id='word_1_483' title='bbox 2192 4251 2328 4317; x_wconf 86' lang='lat' dir='ltr'><strong>quod</strong></span> <span class='ocrx_word' id='word_1_484' title='bbox 2353 4250 2569 4302; x_wconf 69' lang='lat' dir='ltr'><strong>volunt.5</strong></span> 
     </span>
    </p>

    <p class='ocr_par' dir='ltr' id='par_1_18' title="bbox 1564 4327 2538 4397">
     <span class='ocr_line' id='line_1_89' title="bbox 1564 4327 2538 4397; baseline -0.002 -15"><span class='ocrx_word' id='word_1_485' title='bbox 1564 4329 1584 4367; x_wconf 77' lang='lat' dir='ltr'><strong>f</strong></span> <span class='ocrx_word' id='word_1_486' title='bbox 1606 4330 1900 4397; x_wconf 77' lang='lat' dir='ltr'><strong>Possidebis]</strong></span> <span class='ocrx_word' id='word_1_487' title='bbox 1923 4330 1991 4384; x_wconf 89' lang='lat' dir='ltr'><strong>In</strong></span> <span class='ocrx_word' id='word_1_488' title='bbox 2016 4336 2107 4385; x_wconf 87' lang='lat' dir='ltr'><strong>tua</strong></span> <span class='ocrx_word' id='word_1_489' title='bbox 2131 4334 2399 4394; x_wconf 86' lang='lat' dir='ltr'><strong>potestate</strong></span> <span class='ocrx_word' id='word_1_490' title='bbox 2422 4327 2538 4381; x_wconf 82' lang='lat' dir='ltr'><strong>erit.</strong></span> 
     </span>
    </p>
   </div>
  </div>
 </body>
</html>
