3049 4928
493 424 624 491 δ204
1198 435 1500 489 Bon'rnn
1555 438 1658 508 pas
1700 433 1835 489 con
1849 431 2005 489 soba

494 585 708 650 solum
741 603 1008 669 corpuS,
1041 584 1316 670 et-quod
1360 581 1535 652 infra
1584 604 1836 671 corpus
1886 593 2017 664 est,
2066 585 2397 651 fortunam
2425 585 2694 671 loquor,‘

495 687 716 770 possit
744 688 1106 753 exercere?
1195 685 1385 754 Num
1424 688 1794 773 quicquam
1843 706 2131 780 unquam
2175 688 2437 754 libero⁷
2478 688 2699 773 impe·

491 789 672 854 rabis
701 788 931 855 animo
949 790 980 853 't
1078 789 1254 855 Num
1284 797 1583 856 mentem
1630 790 1825 857 firma
1873 792 2005 855 sibi
2050 790 2311 856 ratione
2363 790 2702 855 cohaeren-

495 900 631 958 tem
676 890 760 957 de
809 895 992 957 statu
1038 893 1333 977 propriae
1387 893 1631 977 quietis
1691 893 2043 958 amovebis
2067 894 2099 957 ‘l
2188 890 2363 956 Cum
2412 892 2701 957 liberum

495 993 831 1078 quendam
863 996 1072 1058 virum
1091 1002 1153 1035 '¹‘
1196 995 1560 1079 suppliciis
1590 1015 1668 1061 se
1698 1001 2019 1081 tyrannus
2065 996 2457 1062 adacturum
2498 1002 2708 1079 puta-

497 1103 598 1161 ret
621 1103 696 1161 ut
724 1096 1078 1163 adversum
1107 1116 1181 1161 se
1229 1098 1435 1163 factae
1477 1097 1967 1183 conjurationis
1999 1098 2323 1163 conscios
2368 1096 2710 1181 proderet‚·

495 1197 793 1280 linguam
817 1198 930 1264 ille
959 1198 1316 1265 momordit
1345 1204 1548 1285 atque
1580 1199 1892 1279 abscidit,
1936 1206 2002 1265 et
2044 1201 2117 1263 in
2164 1219 2242 1267 os
2274 1200 2543 1283 tyranni
2572 1218 2708 1264 sae-

497 1299 744 1366 vientis
776 1301 1058 1385 abjecit:
1102 1303 1203 1367 ita
1233 1303 1578 1369 cruciatus
1609 1322 1777 1388 quos
1805 1305 2092 1388 putabat
2141 1310 2462 1387 tyrannus
2490 1307 2706 1367 mate-

497 1403 669 1469 riam
695 1404 1128 1484 crudelitatiS‚
1172 1406 1274 1470 vir
1305 1405 1581 1489 sapiens
1630 1405 1797 1472 fecit
1843 1407 2053 1471 etiam
2099 1402 2418 1471 virtutiS.⁸
2511 1400 2707 1483 Quid

498 1513 721 1572 autem
748 1514 874 1585 est,
919 1507 1101 1591 quod
1132 1507 1203 1572 in
1248 1508 1499 1573 alium⁸
1543 1508 1905 1593 quisquam
1942 1507 2162 1573 facere
2209 1508 2479 1592 possit,⁹
2522 1504 2710 1591 quod

496 1609 828 1675 sustinere
858 1611 945 1675 ab
978 1610 1114 1675 alio
1144 1610 1293 1693 ipse
1322 1630 1463 1676 non
1493 1612 1756 1695 possiti
1818 1609 2204 1677 Busiridem
2235 1611 2707 1695 accepimuS,¹⁰

493 1731 727 1777 necare
757 1712 1066 1796 hospites
1097 1712 1398 1790 solitum,
1431 1713 1518 1777 ab
1552 1712 1850 1777 Hercule
1879 1713 2146 1796 hospite
2183 1711 2400 1776 fuisse
2440 1716 2705 1776 macta-

495 1815 657 1879 tum.
744 1811 1047 1897 Regulus
1091 1813 1316 1898 plures
1365 1816 1781 1880 Poenorum⁰
1824 1814 2002 1881 bello
2033 1821 2273 1901 captos
2303 1814 2390 1878 'in
2425 1814 2708 1879 vincula

496 1917 918 1999 conjecerat:
975 1916 1093 1982 sed
1138 1937 1303 1982 mox
1347 1919 1501 2003 ipse
1554 1919 1887 1985 victorum
1936 1918 2194 1984 catenis
2240 1933 2477 1983 manus
2524 1936 2704 2001 prae·

497 2018 684 2083 buit!
771 2020 1091 2085 Ullamne
1132 2021 1333 2104 igitur
1375 2021 1520 2106 ejus
1566 2020 1860 2088 hominis
1906 2022 2286 2107 potentiam
2336 2024 2539 2105 putas
2589 2019 2708 2103 qui

554 2219 585 2266 'i-
617 2229 868 2296 Zemmem,
899 2241 953 2285 ut
985 2235 1175 2299 quidam
1200 2235 1338 2286 aiunt
1350 2254 1370 2296 ,-
1402 2236 1761 2299 Anaxarchum,
1797 2241 1853 2286 ut
1883 2231 1988 2286 alii.

498 2296 520 2329 ὓ
550 2298 634 2348 Λᾶ
648 2299 765 2363 ipsis
788 2301 927 2351 victis
948 2301 1000 2350 iu
1021 2302 1209 2351 vincula
1223 2302 1458 2364 confictus
1479 2305 1571 2352 est.

1422 2421 1775 2444 OOOOOOOOOOO

2174 2240 2199 2267 ⁰
2236 2227 2707 2297 Carthaginensium.

497 2501 644 2537 muse
682 2486 815 2538 Num
852 2487 963 2552 quid
997 2505 1214 2554 unquam.
1258 2491 1402 2542 Vict.
1440 2496 1689 2556 uterque:
1729 2491 1861 2541 Num
1896 2488 2148 2554 quidquam
2190 2490 2455 2540 liberm—8
2488 2487 2620 2538 Mss.
2656 2489 2715 2537 et

496 2550 619 2600 edd.
642 2553 783 2603 Flor.
807 2554 993 2618 Delph.
1019 2556 1190 2606 Hack.
1216 2555 1339 2617 fecit
1362 2570 1460 2606 esse
1479 2557 1795 2607 vinalia—9
1828 2557 1931 2606 Ms.
1957 2554 2152 2605 Erfurt.
2188 2563 2243 2604 et
2274 2554 2397 2603 edd.
2432 2552 2707 2617 praedictae

494 2612 650 2678 {acere
675 2623 981 2682 potera—10
1009 2622 1284 2686 Accipimus
1316 2618 1509 2686 Delph.
1548 2622 1849 2673 Hack.-ll
1890 2620 2286 2686 Improbissimum
2324 2630 2548 2684 quemque
2582 2617 2709 2668 edd.

1496 2738 1713 2790 NOTAE

500 2843 584 2878 um
609 2829 816 2892 animal,
849 2831 1070 2883 humano
1104 2834 1317 2899 corpori
1339 2841 1566 2886 mortem
1646 2851 1759 2887 esse
1788 2841 2009 2900 possunt
2041 2831 2261 2883 materia
2296 2830 2539 2882 virtutist
2576 2830 2715 2881 sicut

498 2901 685 2954 afferre
710 2913 906 2968 potest,
941 2909 1048 2957 sive
1083 2910 1392 2974 pungendo:
1428 2911 1566 2960 sicut
1646 2912 1870 2976 contigit
1904 2910 2214 2960 Anaxarcho
2251 2908 2578 2974 philosopho,
2606 2909 2717 2957 De⁴

499 2993 644 3044 apes,
659 2984 947 3047 praesertim
962 2999 1087 3035 vero
1105 2986 1386 3035 crabrones
1407 2988 1565 3050 vulgo

488 3057 698 3118 froilons
710 3077 728 3109 .-
746 3060 895 3125 Virg.
914 3076 989 3112 ιν.
1009 3062 1168 3112 Geor.
1182 3076 1259 3111 vs.
1277 3066 1394 3112 236.
1413 3064 1429 3089 ‘
1447 3062 1563 3112 Illis

498 3132 577 3184 ira
604 3137 814 3187 modum
836 3152 995 3202 supra
1015 3146 1119 3202 est,
1137 3139 1385 3205 laesaeque
1411 3142 1588 3190 vene⁴'

500 3222 623 3264 num
657 3213 923 3265 Morsihus
958 3215 1238 3280 inspirant,
1273 3222 1330 3266 et
1362 3215 1568 3280 spicula

501 3302 647 3339 caeca
686 3291 986 3359 relinquunt
1027 3293 1218 3345 Affixae
1263 3293 1426 3358 venis,
1457 3294 1567 3343 ani-

500 3379 716 3433 masque
768 3369 823 3419 in
875 3372 1094 3422 vulnere
1140 3379 1346 3438 ponunt
1368 3371 1402 3423 ι’
1451 3372 1567 3422 sive

500 3444 658 3494 etiam
683 3446 884 3498 viscera
907 3448 1195 3512 subeundo,
1224 3457 1287 3500 ut
1317 3449 1570 3500 canthari·

502 3519 616 3584 des,
635 3522 702 3571 de
724 3521 908 3587 quibus
933 3525 1116 3575 Cicero
1139 3526 1309 3590 Epist.
1334 3526 1370 3575 1.
1392 3531 1443 3578 9.
1467 3528 1569 3591 Ep.

501 3598 586 3646 21.
653 3599 881 3661 ‘Caius‚’
917 3600 1108 3665 inquit,
1146 3602 1464 3650 ‘accusante
1508 3605 1569 3653 Ι..

503 3673 691 3723 Crasso
712 3673 1042 3723 cantharidas
1071 3677 1313 3726 sumsisse
1340 3677 1575 3729 dicitur?

503 3748 691 3798 Notati
728 3756 953 3812 possunt
975 3750 1057 3800 hic
1081 3749 1185 3801 duo
1208 3752 1322 3803 haec
1345 3755 1572 3818 nomina,

499 3825 516 3853 ‘
536 3824 868 3888 expetibilis’
899 3832 957 3876 et
995 3825 1409 3891 ‘muscularum,'
1440 3845 1571 3896 quo·

503 3912 619 3952 rum
642 3908 832 3952 testem
866 3903 1108 3956 Latinum
1132 3920 1237 3956 non
1256 3907 1407 3957 novi:
1444 3908 1571 3958 mihi

504 3979 771 4032 diceretur
810 3979 1137 4032 desiderabilis
1190 3989 1248 4033 et
1288 3998 1572 4034 nausearum·

503 4056 582 4106 Tu
604 4054 819 4107 videris.

567 4138 589 4165 ¹·
613 4133 734 4183 Cum
756 4132 953 4184 liberum
989 4135 1217 4198 quendam
1251 4137 1423 4198 virum,
1455 4136 1570 4202 ssa]

504 4209 710 4260 Deinde
747 4210 1030 4272 cruciatus,
1077 4227 1204 4277 quos
1246 4213 1484 4277 superior
1516 4213 1571 4262 in

508 4297 700 4349 corpus
752 4284 1012 4338 inferioris
1051 4294 1291 4346 exercet,
1332 4287 1571 4355 quaedam

1645 2988 1850 3038 mocriti
1875 2987 2144 3050 sectatori,
2166 2987 2233 3035 de
2256 3000 2360 3050 quo
2383 2998 2517 3034 nunc
2535 2984 2719 3033 Philo·

1645 3064 1827 3128 sophia
1838 3064 2153 3113 mentionem
2168 3061 2315 3112 facit.
2368 3059 2715 3111 Anaxarchus

1646 3141 1785 3190 enim
1809 3141 1919 3205 ille,
1958 3147 2021 3190 ut
2055 3141 2131 3190 ait
2168 3141 2361 3190 Cicero
2399 3152 2464 3189 ιι.
2495 3138 2714 3188 Tuscul-

1647 3230 1763 3267 cum
1811 3216 1867 3265 in
1909 3231 2092 3266 manus
2137 3214 2321 3280 Cyprii
2364 3213 2721 3278 Nycareontis

1648 3293 1809 3357 Regis
1830 3291 2122 3353 incidisset,
2155 3291 2353 3341 nullum
2398 3300 2564 3354 genus
2595 3298 2722 3353 sup-

1649 3366 1795 3434 plicii
1828 3370 2141 3442 deprecatus
2178 3373 2279 3430 est,
2314 3380 2486 3432 neque
2506 3375 2721 3415 recusa-

1650 3446 1739 3497 vit·
1802 3447 1908 3500 Hic
1950 3447 2140 3496 'antem
2183 3445 2235 3494 in
2289 3446 2449 3509 pilam
2505 3455 2721 3492 saxeam

1647 3521 1937 3586 conjectus,
1958 3522 2132 3587 ibique
2154 3520 2339 3571 ferreis
2370 3519 2572 3570 malleis
2594 3533 2722 3569 cona

1648 3605 1815 3662 tusus,
1831 3598 2013 3661 tunde,
2033 3598 2221 3663 inquit,
2236 3597 2399 3647 tunde
2418 3595 2725 3647 Anaxarchi

1648 3672 1859 3724 follem:
1894 3673 2265 3725 Anaxarchum
2303 3673 2442 3723 enim
2472 3685 2577 3723 non
2599 3678 2723 3722 tun⁴

1650 3750 1770 3802 dis:
1816 3751 2067 3813 Tyranno
2111 3762 2266 3814 porro
2306 3747 2724 3812 amputationem

1649 3827 1842 3891 lingum
1863 3827 2161 3890 minitante,
2198 3827 2430 3890 linguam
2468 3824 2722 3875 dentibus

1651 3902 1929 3953 abscissam
1946 3902 2001 3950 in
2018 3908 2293 3966 tyrannum
2318 3901 2550 3964 exspuit.

1716 3985 1736 4011 ⁸
1772 3979 1901 4034 Quid
1920 3982 2081 4027 autem
2096 3982 2187 4041 est,
2208 3980 2331 4042 quod
2349 3978 2403 4027 in
2421 3976 2589 4040 alium,
2606 3974 2719 4039 &ct-J

1652 4055 1929 4106 Postremo
1979 4053 2116 4119 quod
2160 4053 2400 4117 superior
2449 4057 2627 4116 potest
2664 4050 2720 4099 in

1651 4144 1841 4195 corpus
1874 4129 2164 4193 inferioris,
2198 4129 2426 4193 idipsum
2458 4140 2562 4177 non
2596 4140 2719 4177 raro

1650 4207 1869 4257 inferior
1887 4207 1943 4256 in
1977 4219 2165 4270 corpus
2188 4205 2473 4269 superioris
2507 4209 2715 4269 potest=

1647 4284 1796 4349 cujas
1818 4283 1895 4335 rei
1917 4285 2086 4336 multa
2101 4289 2224 4337 sunt
2241 4283 2485 4348 exempla
2501 4298 2517 4335 z
2540 4280 2715 4333 memi-
