3049 4928
670 412 971 463 Boss'rfln
1021 413 1119 462 DE
1165 409 1472 462 consol.-
1526 409 1968 465 PHILOSOPH.
2013 412 2155 462 1⁴18.
2203 414 2275 463 V.

370 556 540 623 quinti
562 557 672 623 ejus
695 559 1004 624 argumenti.
1071 558 1232 608 Nulla
1254 563 1430 608 autem

369 634 604 684 Platonis
628 636 893 686 sententia
912 642 1015 697 est,
1049 649 1202 698 quam
1239 631 1429 683 foedius

365 712 710 774 corruperint,
748 719 804 761 et
840 709 1150 761 obstinatius
1184 709 1431 760 defende-

364 787 472 837 rint
491 796 696 837 veteres
716 787 952 837 Platonis
971 787 1314 851 interpretest
1338 800 1430 836 seu

366 864 491 928 quia
520 878 698 914 eorum
732 866 822 914 alii
862 866 936 915 ita
958 864 1233 926 sentirent,
1257 879 1349 914 seu
1372 871 1433 913 ut

368 940 710 991 Christianam
736 940 892 992 fidem
918 941 1295 1006 impugnarent.
1333 940 1431 990 Eo·

365 1032 480 1067 rum
524 1017 739 1082 signifer
783 1017 1086 1069 Ammonius
1128 1015 1249 1080 fuit,
1300 1016 1431 1065 fidus

366 1096 593 1160 alioquin
631 1111 693 1146 ac
731 1096 945 1145 illustris
975 1096 1230 1146 doctrinae
1253 1096 1432 1145 Plato-

365 1174 502 1224 nicae
526 1180 791 1235 assertor;
823 1189 975 1238 quem
1013 1174 1295 1226 Zacharias
1323 1174 1432 1224 dia·

365 1251 485 1315 logo
529 1251 612 1301 cui
668 1252 684 1279 ‘
708 1250 1051 1301 Ammonius'
1107 1252 1290 1301 titulus
1331 1257 1433 1313 est,

369 1326 672 1378 confutavit.
738 1329 866 1377 Mox
890 1329 1005 1391 ejus
1027 1328 1288 1392 discipuli,
1312 1329 1434 1377 Plo·

368 1406 510 1455 tinus
535 1405 725 1468 passim
757 1405 872 1456 libr.
895 1406 1035 1456 suis:
1071 1412 1129 1454 et
1166 1405 1304 1470 quod
1342 1404 1433 1454 mi·

371 1496 485 1532 rum
501 1489 598 1538 est,
617 1496 684 1531 ne
699 1496 731 1530 a
747 1483 996 1546 magistro
1009 1481 1328 1543 dissentiret,
1345 1478 1435 1531 fax

373 1560 465 1610 illa
483 1558 605 1608 fidei
629 1558 926 1623 Origenes3
959 1558 1110 1622 cujus
1132 1572 1357 1607 errorem
1380 1559 1435 1609 S.

374 1636 674 1686 Methodius
714 1636 803 1685 lib.
841 1633 949 1700 περὶ
983 1638 1078 1684 τῶν
1112 1639 1341 1699 γενητῶν,
1380 1641 1443 1685 ut

372 1721 456 1763 est
477 1713 613 1775 apud
638 1713 897 1777 Photinm,
913 1713 1198 1777 redarguit.
1231 1714 1437 1763 Deinde

369 1790 607 1843 Julianus
630 1805 834 1855 quoque
855 1790 947 1839 lib.
970 1790 1036 1840 de
1060 1791 1198 1841 Sole.
1247 1791 1437 1841 Hiero·

372 1866 478 1916 cles
501 1866 552 1914 in
576 1868 843 1930 excerptis
861 1865 927 1917 de
943 1866 1284 1916 Providentia
1300 1866 1438 1931 apud

374 1943 637 1994 Photium.
695 1944 915 1993 Procius
942 1944 994 1993 in
1013 1945 1292 2007 Theologia
1315 1945 1436 1993 Pla-

376 2022 551 2072 tonica
572 2030 629 2073 et
660 2024 799 2086 apud
832 2024 986 2075 Joan.
1029 2023 1438 2073 Grammaticum

376 2098 586 2163 Philop.
601 2099 670 2149 de
682 2100 868 2149 Mundi
885 2108 1065 2150 aetern.
1082 2105 1267 2149 eontra
1284 2115 1438 2165 quem

376 2174 513 2224 idem
533 2177 687 2228 Joan.
712 2178 893 2227 Gram.
918 2177 1146 2241 scripsit.
1198 2176 1373 2228 Vallia.

444 2253 576 2302 Illud
595 2267 692 2303 esse
712 2254 1022 2303 necessarium
1030 2253 1286 2317 judicatis]
1312 2256 1438 2304 Lac-

381 2336 514 2379 taut.
535 2331 625 2381 lib.
641 2345 704 2380 u.
728 2332 849 2381 Div.
870 2331 1046 2382 Instit.
1065 2346 1183 2396 cap.
1199 2338 1249 2382 5.
1283 2334 1298 2359 ‘
1319 2333 1440 2383 Non

380 2410 466 2455 est
498 2414 755 2457 astrorum
785 2414 954 2457 motus
976 2408 1315 2471 voluntarius,
1347 2407 1441 2458 sed

381 2487 733 2535 necessariusz
770 2485 890 2550 quia
911 2486 1219 2548 praestitutis
1235 2486 1439 2550 legibus

380 2560 666 2626 officiisque
688 2561 1025 2611 deserviunt!
1059 2561 1231 2612 Silam.

450 2638 557 2688 Nec
582 2637 762 2701 inique
793 2639 1063 2701 leges...nee
1083 2638 1442 2702 frustra...pre·

379 2716 483 2780 ces]
533 2716 779 2782 Sequitur
822 2732 889 2766 ex
934 2717 1182 2767 libertate
1223 2718 1444 2782 arbitrii,

377 2792 549 2856 justas
574 2793 715 2856 leges
739 2808 881 2843 esse:
914 2808 980 2843 ex
1008 2794 1333 2857 providentia
1355 2811 1441 2845 ve-

385 2883 462 2930 ro,
503 2876 671 2918 rectas
710 2884 913 2933 preces.
984 2870 1058 2919 Ut
1096 2871 1442 2932 copiosissime

383 2952 438 2993 et
460 2945 850 2996 accuratissime
883 2946 1061 2996 docuit
1094 2947 1302 3010 sapiens
1327 2962 1444 2996 uos-

385 3028 486 3074 ter.
549 3023 652 3072 Sed
675 3030 733 3073 et
764 3023 1052 3073 audiendus
1073 3023 1324 3087 Apuleius
1356 3025 1445 3076 lib.

389 3100 456 3149 de
500 3102 618 3149 Deo
656 3101 909 3161 Socratis,
942 3101 1057 3150 loco
1093 3102 1182 3150 illo
1223 3102 1440 3151 illustri:

383 3175 400 3204 ‘
428 3176 632 3239 Nullus,
675 3179 869 3242 inquis,
910 3180 1059 3227 Deus
1094 3177 1327 3226 humanis
1364 3192 1443 3226 re-

389 3253 487 3303 bus
538 3254 851 3304 intervenit:
901 3255 999 3304 Cui
1054 3254 1213 3319 igitur
1257 3268 1443 3318 preces

389 3329 645 3392 allegabo,
713 3330 800 3379 cui
871 3337 1049 3380 votum
1121 3330 1447 3394 nuncupabo,

397 3405 483 3453 cui
536 3405 798 3454 victimam
858 3407 1084 3468 caedam3
1136 3421 1290 3470 quem
1350 3407 1445 3456 mi-

391 3480 522 3531 seris
558 3481 936 3545 auxiliatorem,
969 3497 1123 3547 quem
1154 3482 1300 3531 bonis
1332 3481 1444 3531 fau·-

394 3564 585 3619 torem,
634 3573 789 3622 quem
846 3559 1232 3609 adversatorem
1299 3559 1446 3609 malis

391 3633 448 3682 in
478 3632 618 3682 omni
659 3634 764 3684 vita
802 3634 983 3685 ciebo?
1016 3650 1168 3700 quem
1200 3635 1446 3699 denique,

391 3710 534 3774 quod
587 3709 1061 3775 frequentissimum
1102 3718 1201 3771 est,
1244 3713 1447 3776 jureju-

390 3786 557 3837 rando
594 3787 847 3837 arbitrum
892 3787 1144 3838 adhibebo
1158 3787 1195 3836 2’
1263 3787 1450 3836 Hiero-

390 3864 498 3913 cles
522 3864 574 3912 in
599 3864 861 3927 excerptis
889 3863 955 3913 de
988 3863 1347 3925 Providentia,
1379 3863 1449 3911 οὔ

390 3938 545 4002 μάτην
564 3939 646 3991 οὖν
664 3940 793 4002 νόμοι
811 3939 1045 3990 κείσονται
1062 3942 1164 3990 τοῖς
1182 3939 1449 4004 ἀνθρώποις,

391 4016 498 4066 otest
513 4016 743 4079 λογισμὸς
762 4015 861 4076 ein-fi
880 4013 1075 4078 δέδοται,
1109 4016 1215 4067 οὐδὲ
1250 4015 1309 4065 τὸ
1339 4020 1450 4073 βου-

390 4092 611 4143 λεύεσθαι
630 4093 869 4159 παρέλκει,
887 4093 993 4143 οὐδὲ
1023 4093 1083 4142 τὸ
1113 4094 1335 4155 εὔχεσθαι
1363 4112 1448 4142 πε-

391 4168 567 4233 ριττὸν,
599 4168 641 4218 εἰ
675 4169 864 4234 πρόνοια
882 4173 977 4220 τῶν
995 4170 1281 4235 ἀνθρωπίνων
1299 4187 1447 4234 τραγ·

392 4245 554 4307 μάτων
565 4245 750 4310 ἡγοῖτο,
771 4250 786 4275 ‘
808 4248 928 4296 Non
946 4261 1070 4311 ergo
1086 4244 1282 4296 frustra
1304 4253 1448 4311 leges

392 4324 689 4374 constitutae
733 4330 887 4373 erunt
924 4322 1236 4387 homiuibus,
1280 4335 1449 4390 neque

2433 398 2566 464 557

1504 554 1853 607 ratiocinandi
1888 557 1966 607 vis
2001 564 2198 608 temere
2236 558 2419 608 iisdem
2440 573 2569 609 con·

1503 648 1655 684 cessa
1683 639 1786 697 est,
1815 649 1984 699 neque
2017 635 2331 686 consultatio
2360 641 2417 684 et
2437 634 2568 685 deli·

1507 710 1711 761 beratio
1733 718 1815 761 est
1836 726 2241 775 supervacanea,
2260 726 2429 775 neque
2447 721 2570 762 vota

1507 796 1565 838 et
1603 802 1786 852 preces
1825 787 2140 850 redundant,
2174 790 2218 839 si
2243 788 2570 853 providentia

1506 866 1740 915 humanis
1764 867 1983 931 negotiis
2006 866 2224 931 praesit.'
2281 868 2353 917 Et
2373 866 2571 916 Salvia-

1507 957 1606 992 nus
1631 943 1922 993 Christiane
1957 944 2045 994 lib.
2072 958 2112 994 1.
2143 946 2159 972 *
2185 944 2442 993 Removet
2478 943 2572 1007 igi·

1509 1025 1597 1069 tur
1637 1035 1669 1069 a
1710 1035 1789 1083 se,
1822 1020 2009 1085 inquis,
2053 1035 2232 1071 curam
2274 1019 2570 1070 mortalium

1509 1097 1672 1147 Deus.
1748 1100 1819 1148 Et
1862 1114 1978 1163 quae
2021 1112 2151 1163 ergo
2195 1098 2344 1148 nobis
2377 1098 2571 1148 divin·

1509 1175 1773 1240 religionis
1813 1184 1897 1226 est
1938 1177 2089 1239 ratio,
2125 1190 2241 1242 quae
2284 1178 2370 1226 vel
2414 1191 2574 1227 causa

1510 1253 1772 1303 Christum
1796 1255 2011 1304 colendi
2035 1256 2118 1304 vel
2140 1269 2260 1318 spes
2285 1254 2574 1318 propician-

1508 1328 1600 1378 di?
1664 1330 1722 1380 Si
1766 1330 1902 1379 enim
1932 1330 2163 1395 negligit
2204 1332 2350 1380 Deus
2386 1331 2440 1379 in
2477 1330 2574 1379 hoc

1508 1408 1699 1458 saeculo
1730 1424 1896 1473 genus
1928 1410 2207 1472 hominum,
2239 1424 2334 1459 cur
2370 1407 2435 1458 ad
2474 1424 2576 1457 οω-

1509 1484 1617 1533 lum
1660 1486 1895 1550 quotidie
1939 1501 2116 1536 manus
2157 1485 2432 1545 tendimus,
2482 1499 2576 1534 cur

1512 1561 1836 1612 orationibus
1906 1563 2104 1613 crebris
2170 1561 2573 1612 misericordiam

1510 1639 1619 1688 Dei
1642 1641 1944 1704 quaerimus,
1976 1655 2073 1690 cur
2097 1640 2163 1690 ad
2191 1640 2575 1690 ecclesiasticas

1511 1713 1692 1765 domos
1736 1716 2009 1777 currimus,
2058 1731 2152 1766 cnr
2215 1724 2338 1766 ante
2391 1716 2577 1765 altaria

1511 1791 1894 1852 supplicamus?
1958 1794 2120 1842 Nulla
2148 1800 2234 1842 est
2255 1791 2390 1841 euim
2429 1792 2576 1841 nobis

1511 1867 1647 1917 ratio
1670 1870 1934 1932 precandi,
1966 1870 2010 1919 si
2043 1884 2161 1933 spes
2197 1870 2398 1919 tollitur
2418 1870 2578 1933 impe-

1514 1943 1704 1994 trandi.
1771 1946 1933 1995 Vides
1952 1961 2080 2010 ergo
2114 1961 2267 2011 quam
2305 1944 2464 1995 stulta
2502 1952 2579 1994 at-

1511 2034 1613 2084 que
1647 2023 1813 2072 inanis
1851 2022 1920 2073 sit
1950 2025 2101 2088 liujus
2125 2022 2471 2087 persuasionis
2493 2037 2576 2072 as-

1512 2099 1707 2161 sertio,
1741 2115 1859 2164 quae
1881 2101 2062 2165 ntique
2084 2100 2129 2148 si
2153 2100 2420 2162 recipitur,
2450 2097 2578 2148 nihil

1514 2176 1723 2239 penitus
1755 2176 1822 2225 de
1845 2177 2092 2241 religione
2113 2176 2390 2226 servatur!
2451 2176 2579 2226 Sex-

1514 2258 1671 2302 centa
1694 2252 1881 2302 similia
1903 2254 2097 2303 habent
2112 2261 2366 2304 auctores.
2417 2252 2581 2315 Quip-

1515 2342 1604 2391 pe,
1627 2330 1700 2378 ait
1718 2329 2035 2392 Lactantius,
2068 2331 2085 2359 ‘
2106 2331 2345 2380 Summus
2368 2330 2580 2380 colendi

1514 2406 1648 2455 ritus
1693 2412 1794 2470 est,
1843 2420 1910 2455 ex
1952 2421 2040 2456 ore
2075 2407 2208 2470 justi
2248 2406 2465 2455 hominis
2511 2406 2577 2455 ad

1515 2483 1684 2533 Deum
1707 2485 1910 2534 directa
1935 2483 2205 2533 laudatio!
2250 2484 2428 2533 Vallia.

1584 2561 1757 2609 Manet
1797 2561 1924 2610 enim
1964 2564 2202 2624 spectator
2241 2558 2461 2622 desuper]
2502 2559 2581 2608 Si·

1516 2636 1657 2685 milia
1687 2635 1846 2685 habes
1879 2637 2019 2700 apud
2048 2635 2306 2685 Prudent.
2342 2636 2585 2685 Cathem.

1519 2713 1713 2778 Hymu.
1741 2719 1790 2765 2.
1824 2714 1996 2764 Sitzm.

1584 2789 2075 2853 Semper-‹eternitas]
2124 2790 2212 2839 Sic
2253 2787 2482 2839 fortasse
2521 2791 2577 2840 S.

1520 2867 1782 2930 cypriano
1808 2868 2044 2919 Charitas
2078 2873 2462 2931 semper-aterna
2505 2867 2582 2916 di·

1476 3001 1481 3006 ,
1518 2944 1657 2993 citur
1678 2943 1768 2994 lib.
1792 2944 1857 2992 de
1881 2944 2014 2993 bono
2036 2944 2315 2993 Patientiae
2331 2961 2347 3006 ς
2366 2945 2382 2972 ⁶
2403 2945 2583 2995 Chari-

1520 3025 1602 3068 tas
1645 3018 1993 3069 fraternitatis
2037 3021 2296 3069 vinculum
2335 3028 2437 3081 est,
2467 3019 2581 3068 fun-

1519 3095 1819 3146 damentum
1846 3098 2008 3160 pacis,
2043 3096 2298 3145 tenacitas
2331 3109 2392 3145 ac
2426 3094 2584 3145 firmi-

1519 3179 1603 3222 tas
1626 3174 1859 3236 unitatis,
1892 3188 2005 3238 quae
2029 3181 2085 3222 et
2106 3173 2210 3236 Spe
2234 3179 2290 3221 et
2321 3168 2449 3220 Fide
2475 3187 2582 3221 ma-

1511 3251 1603 3314 jor
1645 3257 1746 3314 est,
1778 3265 1891 3315 quae
1933 3258 1989 3300 et
2031 3265 2192 3313 opera
2233 3255 2289 3298 et
2330 3249 2581 3312 martyria

1519 3326 1794 3390 praecedit,
1843 3341 1960 3391 quae
2019 3326 2291 3375 nobiscum
2352 3338 2582 3387 semper·

1521 3409 1720 3453 aeterua
1741 3403 1880 3466 apud
1898 3405 2070 3452 Deum
2092 3404 2144 3451 in
2168 3401 2341 3465 regnis
2362 3401 2585 3451 coelesti·

1520 3479 1615 3530 bus
1647 3478 2007 3545 permanebit!
2046 3479 2222 3529 Vallia.

1583 3557 1712 3606 Ante
1732 3557 1885 3605 oculos
1906 3555 2057 3618 agitis
2069 3555 2253 3617 judicis
2286 3558 2459 3604 cuncta
2482 3567 2581 3603 cer-

1519 3635 1699 3699 nentis]
1726 3635 1988 3698 Diogenes
2020 3634 2196 3683 LaErt.
2230 3633 2285 3682 iu
2298 3633 2518 3681 Thalete
2539 3646 2579 3681 1.

1518 3711 1733 3776 ἠρώτησε
1752 3712 1826 3763 τὶς
1848 3710 2008 3774 αὐτὸν,
2037 3709 2078 3760 el
2096 3709 2228 3769 λήθει
2263 3707 2392 3758 θεοὺς
2413 3706 2582 3771 ἅνθρω-

1520 3805 1610 3838 πος
1625 3788 1806 3852 ἀδικῶν,
1828 3788 1968 3837 Ἀλλ’
1986 3786 2093 3838 οὐδὲ
2108 3784 2444 3847 διανοούμενος,
2473 3783 2582 3847 ἔφη.

1523 3863 1622 3912 Cui
1644 3865 1872 3913 concinit
1895 3865 2229 3927 Epigramma
2266 3867 2444 3910 vetusz
2480 3857 2584 3906 Ἀν-

1523 3939 1728 4003 opas-ovs
1745 3939 1833 4002 μὲν
1851 3940 1966 3990 ἴσως
1986 3938 2147 3999 λήσεις
2185 3934 2361 3986 ἄτοπόν
2380 3954 2431 3984 τι
2451 3933 2583 3993 ποιή-

1523 4030 1629 4066 σας·
1693 4016 1764 4066 Οὔ
1783 4015 1949 4075 λήσεις
1968 4014 2020 4064 δὲ
2041 4014 2171 4065 θεοὺς
2207 4012 2312 4063 οὐδὲ
2330 4010 2583 4075 misoue-

1522 4111 1618 4144 νος.
1683 4086 1832 4143 Idem
1854 4095 2008 4156 Diog.
2030 4092 2097 4141 de
2118 4093 2343 4142 Platone
2377 4091 2466 4139 lib.
2491 4102 2580 4141 111.

1522 4171 1666 4221 οἴεται
1683 4168 1735 4220 δὲ
1755 4169 1832 4219 καὶ
1871 4168 1999 4219 θεοὺς
2020 4168 2192 4233 ἑφορᾷν
2212 4168 2274 4217 τὰ
2306 4165 2580 4231 ἀνθρώπινα.

1524 4248 1784 4298 Pindarus
1829 4246 2040 4311 Olymp.
2082 4246 2186 4295 Od.
2227 4259 2265 4295 r.
2307 4244 2360 4294 Εἰ
2395 4242 2446 4293 δὲ
2477 4242 2583 4292 θεὸν

1523 4322 1639 4388 ἀνήρ
1653 4342 1724 4374 τις
1748 4321 1943 4372 ἔλπεταί
1961 4340 2007 4370 τι
2028 4318 2230 4381 λαθέμεν
2251 4319 2410 4385 ἔρδων,
2434 4318 2580 4383 ἆμαρ-
