3049 4928
2363 419 2496 485 205

285 574 470 657 quod
494 575 656 661 ,ipse
679 578 747 642 in
771 575 905 641 alio
929 582 1178 661 potest,
1207 596 1291 642 ne
1319 575 1386 641 id
1411 577 1479 642 in
1509 595 1583 644 se
1611 576 1782 642 alter
1813 576 2053 655 valeat,
2070 575 2329 644 efficere
2357 597 2521 675 non,

290 677 557 761 possit?
637 679 749 746 Ad
777 680 980 759 haec,⁶
998 681 1015 716 ⁸
1041 682 1100 745 si
1131 681 1306 765 ipsis
1335 680 1781 763 dignitatibus
1813 700 1896 745 ac
1927 682 2377 764 potestatibus
2394 684 2492 748 in-

283 784 464 850 esset
492 781 757 866 aliquid
786 783 1112 850 naturalis
1140 800 1221 846 ac
1253 782 1506 866 proprii
1535 782 1747 859 boui‚‘ll
1785 798 2126 865 nunquam
2168 784 2491 865 pessimis

286 883 743 962 provenirent.
826 884 1073 969 Neque
1105 883 1279 949 enim
1307 883 1441 950 sibi
1469 884 1693 950 solent
1720 884 2006 951 adversa
2034 884 2302 950 sociari.
2348 884 2416 949 N
2420 905 2494 951 a·

289 987 431 1050 tura
467 985 734 1068 respuit
774 990 849 1052 ut
874 985 1211 1055 contraria
1235 1002 1522 1072 quaeque
1539 987 1928 1070 jungantur.
2016 984 2131 1053 Ita
2159 1006 2312 1053 cum
2337 1006 2493 1071 pes-

290 1084 500 1150 simos
523 1086 926 1173 plerumque
973 1086 1408 1171 dignitatibus
1450 1088 1639 1170 fungi
1682 1088 1966 1155 dubium
1993 1107 2131 1154 non
2161 1090 2276 1169 sit,
2321 1090 2493 1156 illud

289 1187 491 1256 etiam
530 1179 779 1275 liquet,
802 1196 1044 1262 natura
1073 1191 1183 1255 sui
1211 1191 1609 1258 bona⁶=non
1651 1209 1805 1256 esse
1855 1210 2010 1275 quae
2061 1211 2135 1257 se
2178 1192 2494 1276 pessimis

285 1287 536 1362 haerere
563 1292 928 1376 patiantur.
1003 1290 1211 1371 Quod
1242 1292 1518 1376 quidem
1548 1291 1633 1357 de
1662 1294 1928 1359 cunctis
1952 1293 2232 1362 fortunae
2260 1313 2492 1360 mune·

287 1392 474 1458 ribus
533 1392 807 1479 dignius
852 1394 1229 1464 existimari
1274 1399 1527 1479 potest,
1579 1415 1738 1479 quae
1790 1396 1878 1462 ad
1923 1395 2496 1479 improbissimum
2523 1443 2526 1444 ν

292 1514 673 1581 quenquam
693 1505 741 1540 ¹¹
787 1498 1103 1564 uberiora
1141 1496 1616 1582 proveniunt.¹²
1710 1498 1820 1563 De
1867 1497 2118 1583 quibus
2163 1498 2373 1564 etiam
2410 1499 2494 1565 il-
2565 1577 2572 1582 ,

288 1597 401 1662 lud
428 1598 998 1667 considerandum
1038 1607 1230 1684 puto,
1278 1598 1464 1683 quod
1510 1619 1706 1666 nemo
1753 1598 2013 1668 dubitat
2058 1619 2212 1667 esse
2255 1600 2496 1666 fortem

292 1700 399 1766 cui
428 1702 895 1770 fortitudinem
924 1704 1150 1770 inesse
1180 1702 1643 1786 conspexeritz
1688 1707 1760 1769 et
1803 1705 2202 1787 cuicumque
2251 1702 2496 1769 veloci·

289 1806 388 1866 tas
417 1804 645 1881 adest,
679 1807 1105 1872 manifestum
1131 1812 1237 1871 est
1281 1826 1432 1871 esse
1462 1806 1782 1871 velocem.
1871 1807 1988 1872 Sic
2037 1805 2303 1872 musica
2353 1805 2499 1888 qui·

292 1903 438 1971 dem
466 1909 800 1987 musicos»,
843 1909 1173 1974 medicina
1202 1908 1535 1987 medicoS‚
1580 1907 1911 1972 rhetorica
1956 1906 2254 1972 rhetores
2305 1906 2497 1972 facit.

292 2005 450 2089 Agit
472 2010 660 2074 enim
691 2011 1022 2095 cujusque
1041 2012 1136 2076 rei
1166 2016 1403 2075 natura
1431 2008 1622 2093 quod
1647 2012 1996 2095 proprium
2023 2015 2167 2075 est:
2193 2028 2317 2074 nec
2336 2028 2498 2074 con-

293 2113 644 2178 trariarum
670 2133 891 2179 rerum
919 2114 1238 2180 miscetur
1268 2114 1646 2194 effectibus,
1679 2112 1799 2179 scd
1831 2116 2003 2180 ultro
2030 2122 2077 2169 ¹³
2125 2132 2282 2198 quae
2340 2116 2502 2177 sunt

858 478 883 501 ‚
988 430 1505 484 vnrnosormffl
1556 430 1696 486 nin.
1744 429 1827 483 11.

290 2280 313 2307 ‘
342 2277 609 2329 Proetereu.

737 2277 766 2312 ἆ
800 2278 912 2331 Hoe.
1040 2289 1061 2315 θ
1094 2281 1359 2332 Secundum
1374 2296 1508 2331 suum
1530 2284 1765 2332 naturam.

1218 2411 1578 2432 OOOWOOOOOO

297 2472 645 2528 eisdem—12
680 2475 824 2529 Vict.
847 2477 1134 2531 secundus:
1168 2480 1600 2545 perveniunt.—-18
1635 2481 1705 2531 Et
1739 2481 1865 2530 ultro
1889 2479 2026 2543 vulg.
2058 2477 2190 2528 Mss.
2223 2477 2306 2526 sed
2336 2474 2506 2567 ultro.-

1290 2595 1505 2673 Nora:

292 2691 370 2741 nit
389 2690 727 2755 Philosophia
760 2690 1017 2742 Busiridis
1051 2698 1108 2743 et
1141 2690 1352 2756 Reguli.
1434 2691 1719 2757 salentinis
1732 2685 2504 2754 triumphavit‚primusqueRo·

296 2766 509 2830 Busiris,
561 2768 797 2833 Neptuni
838 2783 905 2818 ex
946 2767 1114 2833 Libya
1151 2767 1357 2833 Epaphi
1436 2785 1706 2821 manorum
1725 2769 1985 2819 ducumin
2008 2764 2242 2815 Africam
2285 2764 2505 2813 classem

294 2841 397 2894 filia
416 2852 598 2906 natus,
631 2843 1010 2895 crudelissimus
1042 2843 1145 2895 fuit
1164 2845 1358 2909 AEgyp·

301 2918 482 2971 tiorum
525 2928 806 2985 tyrannus:
839 2923 924 2973 hic
960 2922 1096 2972 enirn
1130 2920 1358 2984 hospites

299 3009 408 3046 suos
437 2998 569 3051 Jovi
607 2998 927 3062 immolabat,
950 3013 1016 3049 ne
1052 2999 1128 3048 illi
1150 2997 1360 3065 quidem

299 3072 417 3139 vati,
436 3088 468 3123 a
492 3088 598 3139 qno
618 3074 672 3124 id
696 3076 898 3129 consilii
920 3082 1220 3141 acceperat,
1242 3090 1360 3139 par·

298 3161 447 3200 cens:
482 3150 579 3200 sed
608 3156 726 3202 cum
761 3152 969 3204 easdem
992 3146 1203 3205 insidias
1224 3154 1360 3204 Her-

299 3226 397 3275 culi
418 3233 657 3292 pararet,
678 3229 745 3279 ab
767 3229 952 3281 eodem
978 3232 1227 3296 Hercule,
1261 3247 1361 3283 una

299 3315 407 3352 cnm
453 3302 895 3368 Amphidamante
941 3307 1066 3371 filio,
1117 3322 1360 3373 praecone

301 3376 512 3442 Chalbe,
553 3385 611 3429 et
653 3380 918 3439 ministris,
955 3382 1021 3433 ad
1066 3383 1205 3447 ipsas
1241 3398 1358 3435 aras

298 3451 606 3506 interfectus
640 3463 737 3507 est.
764 3458 913 3522 Virg.
936 3473 1025 3509 111.
1064 3459 1260 3526 Georg.
1285 3476 1359 3513 vs.

300 3533 346 3577 4.
404 3534 420 3559 ‘
437 3531 573 3584 Quis
598 3537 689 3581 aut
713 3534 1009 3598 Eurysthea
1023 3534 1232 3601 durum,
1251 3536 1362 3588 Aut

300 3604 532 3657 illaudati
547 3607 717 3657 nescit
739 3608 994 3659 Busiridis
1015 3625 1129 3660 aras
1144 3612 1178 3661 ?'
1207 3612 1362 3663 Clau-

302 3680 437 3734 dian.
473 3684 649 3737 Carm.
677 3698 766 3736 ιιι.
802 3701 881 3736 vs.
916 3691 1031 3737 254.
1095 3690 1111 3716 ‘
1132 3687 1182 3739 Ο
1204 3690 1360 3740 mites

305 3756 576 3808 Diomedis
617 3762 767 3824 equit!
804 3763 1057 3812 Busiridis
1094 3778 1199 3814 arae
1243 3765 1360 3815 Cle·

300 3843 498 3886 mentes
513 3836 546 3884 !'
589 3836 738 3889 Idem
762 3838 937 3888 Carm.
963 3851 1128 3891 xvnr.
1151 3854 1225 3890 vs.
1245 3845 1360 3891 169.

299 3910 411 3963 ‘Sic
440 3913 630 3963 multos
665 3911 824 3964 fluvio
859 3921 1008 3966 vates
1047 3923 1230 3968 arente
1263 3932 1361 3983 per

306 4000 474 4050 annos,
497 3988 722 4052 Hospite
747 3991 836 4055 qui
864 4005 999 4042 caeso
1030 3992 1232 4042 monuit
1253 3994 1360 4058 pla-

305 4075 417 4112 care
434 4064 745 4129 Tonantem,
762 4066 1014 4118 Inventas
1035 4069 1232 4135 primus
1254 4070 1360 4122 Bu·

302 4138 470 4190 siridis
515 4141 704 4192 imbuit
726 4156 862 4207 aras,
896 4145 969 4193 Et
1000 4144 1191 4196 cecidit
1221 4147 1362 4208 saevi,

307 4217 434 4280 quod
458 4216 686 4283 dixerat,
709 4221 877 4271 hostia
892 4221 1064 4271 sacri!
1131 4221 1360 4286 Regulus

306 4306 422 4347 vero
445 4295 659 4361 Consul,
678 4296 788 4362 qui,
807 4303 868 4349 nt
890 4297 964 4348 ait
990 4297 1212 4362 Plinius,
1231 4296 1360 4351 fusis

1438 2848 1669 2912 trajecit,
1710 2846 1775 2895 ab
1820 2843 1947 2908 ipsis
1987 2837 2505 2905 Carthaginensibus,

1437 2927 1594 2993 (qnos
1622 2924 1707 2973 hic
1725 2921 2063 2985 Philosophia
2093 2924 2250 2968 vocat
2268 2914 2508 2980 Poenos‚)

1439 3017 1570 3066 quos
1589 3002 1813 3065 vicerat,
1826 2998 2045 3049 resectis
2058 2993 2328 3062 palpebris
2345 2993 2508 3042 inter-

1439 3078 1614 3129 fectus
1638 3084 1739 3128 est.
2294 3093 2299 3098 ’

1506 3156 1522 3188 ‘
1542 3155 1624 3205 Ad
1641 3155 1758 3216 haec,
1771 3152 1879 3216 isc]
1900 3165 1988 3201 ιιι.
2013 3146 2369 3212 Philosophia,
2386 3159 2507 3195 con-

1442 3231 1684 3282 sideratis
1737 3231 1754 3258 ‘
1777 3229 2014 3294 subjecto
2032 3227 2049 3251 '
2105 3232 2161 3276 et
2214 3225 2231 3254 ‘
2264 3220 2510 3288 objecto‚'

1441 3309 1634 3359 transit
1663 3308 1730 3358 ad
1762 3307 1779 3336 ‘
1801 3304 2047 3357 effectum
2079 3301 2348 3352 formalem
2367 3300 2383 3323 '
2402 3299 2507 3350 Po-

1443 3383 1666 3445 tentiae3
1734 3379 2168 3447 quemadmodum
2223 3378 2506 3442 loquuntur

1441 3460 1766 3524 Philosophi.
1832 3459 1920 3510 Sic
1945 3462 2119 3507 autem
2154 3452 2392 3505 contrahi
2416 3467 2507 3517 po·

1441 3545 1550 3588 test
1573 3538 1687 3589 haec
1719 3537 1881 3602 ipsius
1909 3534 2261 3599 Philosophiae
2301 3530 2510 3582 ratioci-

1439 3614 1603 3665 natio.
1670 3613 1933 3680 Quicquid
1970 3618 2158 3663 natura
2195 3625 2287 3659 sna
2316 3608 2507 3655 bonum

1439 3698 1542 3753 est,
1561 3690 1689 3741 illud
1713 3690 1989 3741 habentem
2023 3688 2154 3735 facit
2183 3683 2394 3745 bonurn,
2426 3690 2508 3732 at-

1441 3782 1545 3830 que
1566 3767 1697 3815 adeo
1733 3768 1800 3814 ab
1836 3762 2021 3813 eodem
2060 3760 2380 3811 contrarium
2400 3772 2509 3808 ma·

1440 3841 1547 3891 lum
1571 3841 1752 3906 fugat:
1789 3844 1805 3869 ‘
1825 3840 1937 3903 agit
1974 3838 2114 3889 enim
2150 3835 2407 3900 cujusque
2431 3834 2507 3884 rei

1438 3923 1628 3968 natura
1660 3916 1800 3980 quod
1822 3914 2087 3979 proprium
2118 3917 2220 3974 est,
2253 3924 2350 3959 nec
2383 3924 2508 3959 con-

1443 3994 1721 4044 trariarum
1744 4006 1915 4042 rerum
1938 3990 2189 4040 miscetur
2213 3983 2509 4048 effectibus,

1434 4062 1499 4120 ‘et
1518 4072 1678 4133 ultro,
1712 4084 1826 4134 quae
1843 4075 1966 4118 sunt
1982 4065 2217 4128 adversa,
2237 4062 2456 4124 depellit
2472 4061 2509 4113 ε’

1440 4146 1517 4196 sic
1571 4148 1586 4175 ‘
1606 4145 1863 4196 fortitudo
1919 4142 2106 4194 fortem
2128 4139 2162 4203 ς’
2215 4140 2230 4167 ‘
2256 4138 2508 4189 velocitas

1441 4222 1673 4272 velocem
1691 4221 1724 4281 ;’
1737 4223 1760 4255 ·‘
1773 4220 1970 4270 musica
1983 4218 2238 4267 musicum
2261 4213 2294 4276 ;'
2313 4218 2327 4242 ‘
2345 4213 2509 4262 medi·

1442 4300 1561 4351 cina
1582 4298 1840 4350 medicum
1862 4296 1895 4361 ;’
1931 4297 1946 4325 ‘
1970 4291 2227 4346 rhetorica
2249 4291 2506 4340 rhetorem
