3049 4928
568 362 700 426 514

567 537 643 571 vs.
664 525 779 571 626.
815 521 830 550 ⁴
852 521 1043 585 Stupet
1066 526 1248 570 atirato
1274 519 1507 571 Flumine
1530 520 1631 570 cla-

565 615 678 650 rum
700 598 903 648 radiare
923 598 1160 662 Tagum.’
1195 599 1346 648 Idem.

634 676 821 739 Tagus]
865 676 1099 725 AEthicus
1153 676 1203 724 in
1256 676 1629 739 Cosmograph.

566 756 582 783 ‘
605 755 817 804 Fluvius
873 756 1046 818 Tagus
1103 754 1334 804 nascitur
1387 755 1438 802 in
1495 769 1631 802 cam-

566 834 643 897 pis
695 833 1004 897 Hispaniae:
1039 833 1202 881 currit
1251 832 1393 882 milia
1444 845 1629 883 ccccx.

562 912 614 959 in
667 909 937 960 Oceanum
974 911 1369 960 Occidentalem
1414 910 1626 973 suscipi-

562 988 682 1037 tur.’
745 988 949 1036 Solinus
971 987 1022 1035 in
1041 987 1296 1051 Polyhist.
1314 1001 1428 1048 cap.
1453 990 1534 1034 26.
1559 986 1625 1034 de

561 1064 848 1127 Hispania:
887 1065 1120 1127 ‘Tagum
1159 1064 1224 1113 ob
1266 1078 1445 1113 arenas
1490 1064 1625 1111 auri-

559 1140 697 1190 feras
736 1140 924 1190 ceteris
972 1139 1205 1188 amnibus
1246 1138 1624 1200 praetulerunt!

558 1219 681 1267 Huc
706 1216 962 1266 referendi
1002 1218 1155 1266 etiam
1192 1231 1370 1265 versus
1411 1216 1519 1265 Silii
1555 1231 1623 1266 ex

554 1294 690 1343 libro
717 1309 754 1343 ι.
790 1293 806 1320 ‘
825 1293 938 1341 Ore
957 1294 1316 1352 excellentem,
1339 1301 1393 1341 et
1414 1300 1621 1356 specta·

553 1379 667 1420 tum
697 1370 918 1420 fortibus
955 1370 1088 1419 ausis
1115 1369 1343 1434 Antiqua
1368 1370 1432 1418 de
1454 1370 1619 1433 stirpe

553 1448 769 1511 Tagum,
783 1461 1128 1511 superumque
1143 1448 1502 1511 hominumque
1527 1446 1621 1494 lm-

553 1538 767 1585 memor,
790 1530 968 1572 erecto
991 1520 1228 1570 suffixum
1267 1522 1470 1579 robore,
1493 1537 1616 1570 mae·

551 1600 645 1649 stis
689 1599 1010 1650 ostentabat
1060 1613 1222 1648 ovans
1267 1599 1469 1662 populis
1503 1599 1616 1648 sine

550 1676 738 1727 funere
774 1678 989 1739 Regem.
1059 1673 1285 1724 Auriferi
1320 1675 1490 1738 Tagus
1527 1675 1614 1723 ad·

549 1754 681 1804 scito
704 1753 1008 1817 cognomine
1029 1752 1212 1813 fontis,
1233 1752 1440 1816 Perque
1464 1760 1617 1802 antra

549 1840 607 1880 et
662 1832 800 1895 ripas
855 1830 1110 1895 Nymphis
1154 1831 1380 1879 ululatus
1426 1830 1612 1879 Iberis.

547 1908 829 1957 Maeonium
853 1923 956 1957 non
979 1907 1066 1957 ille
1090 1907 1296 1968 vadum,
1326 1921 1427 1956 non
1446 1908 1613 1970 Lydia

544 1985 725 2033 mallet
769 1983 966 2047 Stagna
1012 1984 1130 2046 sibi,
1169 1998 1267 2032 nec
1311 2000 1424 2046 quae
1462 1985 1609 2047 riguo

544 2058 876 2124 perfunditur
932 2075 1056 2108 auro
1114 2061 1384 2124 Campum,
1449 2069 1609 2124 atque

543 2137 703 2186 illatis
731 2136 1160 2187 Hermiflavescit
1184 2136 1391 2186 arenis)
1425 2138 1575 2186 Idem.

610 2214 846 2276 Hermus]
866 2214 1050 2263 Vibius
1081 2214 1362 2279 Sequester
1395 2213 1462 2262 de
1488 2214 1606 2263 Flu-

543 2289 722 2339 minib.
760 2294 774 2317 ‘
794 2290 1014 2338 Hermus
1040 2290 1239 2355 Lydiae,
1261 2290 1484 2341 Pactolo
1512 2288 1607 2340 flu·

542 2368 628 2415 vio
670 2366 1040 2418 confunditur.’
1108 2368 1248 2430 Virg.
1293 2381 1356 2416 11.
1410 2367 1605 2432 Georg.

541 2446 558 2474 ⁸
574 2444 727 2514 Auro.
742 2444 980 2495 turbidus
1007 2444 1270 2495 Hermus.’
1306 2446 1451 2494 Idem.

607 2525 777 2588 Indus]
810 2525 1045 2573 Fluvium
1092 2524 1356 2588 intelligit,
1398 2525 1463 2575 de
1503 2541 1602 2591 qno

539 2605 729 2667 passim
785 2604 1019 2652 AEtnicus
1074 2603 1125 2651 in
1180 2603 1601 2666 Cosmograpliia.

537 2681 620 2728 De
662 2679 839 2729 eodem
878 2681 1011 2728 Min.
1048 2680 1190 2728 Felix
1231 2680 1282 2727 iu
1324 2679 1449 2729 Oct.
1484 2679 1600 2728 ‘AE-

536 2758 683 2820 gypti
708 2758 1001 2806 siccitatem
1025 2763 1285 2818 temperat
1306 2757 1455 2805 Nilus
1478 2773 1493 2816 3
1516 2772 1601 2806 co-

533 2834 596 2881 lit
639 2832 883 2882 Eufrates
929 2833 1391 2897 Mesopotamiam3
1444 2833 1599 2889 ludus

535 2917 592 2959 et
615 2924 786 2959 serere
812 2910 1082 2959 Orientem
1108 2909 1300 2957 dicitur
1322 2917 1378 2958 et
1401 2909 1605 2970 rigare!

532 2987 604 3035 Et
640 2987 760 3036 vib.
799 2987 1114 3050 sequester:
1152 2984 1347 3032 ‘Indus
1395 2978 1600 3032 Indiam

533 3061 717 3112 definit
741 3056 807 3112 ab
831 3077 1036 3125 occasu,
1058 3076 1088 3109 a
1113 3076 1214 3124 qnos
1247 3059 1396 3108 India
1422 3059 1560 3108 dicta
1582 3077 1596 3109 ε

528 3140 613 3190 hic
637 3140 1044 3190 descendentem
1069 3137 1350 3201 Hydaspen
1377 3137 1602 3200 recipit.'

533 3217 828 3341 Id‘gzndidis
843 3294 1039 3342 miscens
1060 3291 1235 3341 virides
1265 3280 1471 3359 lapillos]
1491 3292 1591 3340 Lu-

529 3376 662 3419 cret.
696 3369 783 3419 lib.
808 3383 868 3419 tt.
904 3371 919 3398 ‘
938 3370 1082 3417 Inter
1106 3369 1380 3418 caeruleum
1402 3369 1593 3417 virides

527 3446 747 3494 miscere
771 3438 1107 3506 smaragdos!
1140 3445 1291 3493 Idem.

593 3521 784 3570 PRosA
802 3525 824 3568 1
837 3525 880 3569 1.
902 3521 1052 3569 Omne
1065 3535 1262 3582 namque
1274 3519 1453 3568 animal
1465 3521 1592 3570 tueri

525 3600 725 3647 salutem
739 3597 920 3645 laborat
932 3614 947 3647 .·
964 3603 1158 3646 mortem
1176 3612 1303 3658 vero,
1314 3599 1588 3659 perniciem·

524 3690 613 3738 que
626 3674 831 3736 deritat]
847 3674 906 3722 Id
921 3681 1112 3736 praeter
1127 3684 1355 3722 nostrum
1374 3689 1473 3723 non
1491 3677 1589 3725 sal·

525 3758 631 3803 tem
646 3753 851 3814 asserit,
868 3752 959 3800 sed
978 3751 1131 3800 etiam
1150 3751 1287 3800 clare
1301 3751 1395 3800 snb
1406 3754 1586 3802 oculos

527 3829 676 3893 ponit
724 3827 881 3878 Ovid.
932 3828 1138 3888 Fragm.
1177 3827 1406 3878 Halieut.
1450 3830 1584 3879 ‘Ac-

521 3906 667 3969 cepit
691 3904 906 3954 mundus
928 3905 1112 3967 legem,
1148 3904 1292 3953 dedit
1326 3920 1467 3954 arma
1490 3920 1586 3968 per

522 3997 722 4044 omnes,
747 3982 1125 4046 Admonuitque
1149 3982 1225 4030 sui
1247 3999 1259 4031 z
1300 3983 1484 4031 vitulus
1507 3984 1582 4032 sic

518 4072 740 4122 namque
763 4057 949 4106 minaci
974 4058 1074 4109 Qui
1100 4059 1322 4106 nondum
1360 4060 1496 4122 gerit
1532 4060 1581 4107 in

520 4135 823 4197 tenet-ajam
848 4149 1039 4182 cornua
1068 4133 1259 4196 fronte,
1295 4134 1382 4183 Sic
1415 4135 1580 4184 damae

516 4210 742 4274 fugiunt,
786 4219 1017 4275 pugnant
1056 4212 1251 4260 virtute.
1287 4211 1476 4270 leones,
1512 4214 1583 4261 Et

520 4303 688 4338 morsu
723 4289 883 4352 canis,
924 4297 979 4340 et
1016 4289 1193 4340 caudae
1233 4290 1305 4338 sic
1345 4291 1578 4354 scorpius

1261 363 1475 425 &0⁰1⁸AE
1522 375 1928 425 vammum
1982 377 2060 425 m

1708 519 1847 570 ictu:
1892 519 2271 586 Concussisque
2310 521 2441 571 levis
2481 521 2763 586 pennis-sic

1708 597 1883 646 evolat
1906 598 2045 647 alesz
2083 599 2337 648 Omnibus
2374 599 2572 662 iguotae
2596 601 2764 649 mortis

1709 672 1880 735 timor,
1918 673 2152 723 omnibus
2184 674 2405 735 bostem,
2436 674 2769 724 Praesidium·

1707 763 1807 810 qne
1852 750 2031 799 datum
2079 750 2295 810 sentire,
2332 758 2389 800 et
2428 765 2652 800 noscere
2685 753 2767 800 teli

1704 824 1925 888 Vimque
1947 826 2212 891 minasque
2236 827 2354 876 sui!
2389 827 2528 876 Vide
2550 836 2609 877 et
2632 827 2769 877 Cice·

1705 917 1814 952 ron.
1839 917 1875 952 1.
1902 905 1985 954 De
2008 893 2209 954 officiis.
2246 905 2396 955 Idem.

1771 980 1890 1029 Cum
1913 980 2095 1043 herbas,
2123 987 2264 1044 atque
2299 982 2493 1030 whom
2523 982 2770 1043 intuearis,

1695 1055 1900 1118 primum
1922 1057 2016 1106 eibi
2029 1058 2404 1107 convenientibus
2425 1059 2618 1107 innasci
2641 1059 2767 1122 locis]

1701 1133 1987 1195 Eleganter
2024 1134 2283 1184 Ovidius:
2315 1136 2463 1184 ‘Nec
2490 1134 2768 1190 tellusea·

1700 1209 1817 1257 dem
1853 1210 1992 1272 parit
2033 1212 2235 1261 omnia:
2275 1213 2468 1262 vitibus
2509 1213 2608 1261 illa
2641 1215 2766 1262 Con·

1676 1287 1859 1348 Venit,
1892 1288 2004 1336 haec
2041 1287 2191 1353 oleis,
2228 1288 2314 1338 hic
2349 1289 2484 1338 bene
2520 1287 2667 1338 farra
2701 1289 2765 1338 vi·

1694 1361 1847 1411 rent!
1882 1364 2114 1413 Bernart.

1759 1439 1961 1489 Stet-iles
1997 1440 2179 1504 arenoe]
2218 1441 2304 1489 Ita
2337 1441 2495 1490 etiam
2539 1440 2764 1505 appellat

1693 1517 1931 1566 Lucanus
1986 1518 2074 1568 lib.
2110 1531 2167 1568 x.
2223 1518 2290 1571 Q.
2340 1518 2490 1567 Curt.
2550 1518 2642 1567 lib.
2686 1533 2760 1567 lv.

1698 1596 1881 1658 Pomp.
1906 1596 2050 1645 Mela
2084 1597 2119 1645 l.
2157 1610 2196 1646 1.
2236 1596 2533 1647 cassiodor.
2559 1611 2642 1648 tv·
2664 1598 2759 1646 Va·

1695 1673 1816 1722 riar.
1840 1676 1921 1723 50.
1957 1673 2128 1724 Sitzm.

1763 1753 1978 1803 Trahunt
1999 1753 2225 1803 alimenta
2259 1751 2522 1815 radicibus]
2558 1752 2759 1802 Cassio,

1691 1827 1803 1878 dor.
1828 1842 1908 1878 tx.
1928 1832 2056 1879 Var.
2078 1834 2125 1878 2.
2160 1831 2174 1856 ‘
2197 1828 2382 1893 Arbor,
2400 1845 2558 1894 quam
2577 1827 2757 1879 florere

1691 1905 1854 1968 videS,
1901 1922 2049 1970 quam
2075 1921 2273 1956 summa
2295 1906 2558 1969 conspicis
2588 1905 2758 1955 viridi·

1688 1987 1796 2032 tate
1819 1984 2008 2045 laetari,
2024 1984 2364 2033 subterraneo
2383 1998 2543 2034 succo
2563 1981 2756 2033 foecun-

1686 2060 1866 2108 ditatis
1910 2060 2189 2122 animatur,
2224 2060 2447 2109 reddens
2488 2061 2544 2108 in
2581 2076 2756 2123 super·

1683 2134 1978 2200 ficie,quod
2010 2139 2246 2186 continet
2281 2137 2331 2185 in
2371 2137 2574 2188 radice.
2649 2138 2752 2188 Ho-

1684 2214 1873 2263 minum
1899 2230 2108 2279 quoque
2145 2217 2314 2265 vultus
2357 2232 2547 2281 magna
2590 2218 2757 2267 hilari·

1684 2298 1793 2341 tate
1835 2292 2129 2355 decoratur,
2177 2294 2222 2343 si
2269 2294 2561 2343 visceribus
2620 2295 2751 2343 sanis

1681 2384 1955 2429 gravamen
2011 2370 2198 2419 nullius
2247 2370 2442 2420 sentiat
2508 2371 2750 2420 laesionis.

1680 2446 1768 2496 Sic
1817 2460 2032 2510 regnum
2069 2446 2191 2511 jure
2235 2446 2429 2496 dicitur
2475 2447 2748 2512 integerri-

1679 2539 1838 2586 mum,
1863 2524 1905 2572 si
1932 2539 2179 2589 nusquam
2199 2523 2360 2574 fuerit
2381 2524 2747 2578 imminutum-³

1676 2603 1828 2652 Idem.

1741 2680 1857 2727 dam
1873 2694 1982 2728 vero
1999 2685 2176 2743 quanta
2196 2685 2265 2729 est
2289 2679 2498 2743 παίωνα]
2521 2682 2751 2746 Respex-

1679 2756 1719 2804 it
1740 2757 1801 2804 ad
1828 2770 2004 2805 versus
2029 2757 2276 2819 Lucretii,
2304 2757 2393 2822 qui
2433 2763 2559 2806 sunt
2592 2758 2644 2806 in
2669 2773 2743 2821 pr.

1680 2833 1769 2882 lib.
1795 2848 1836 2883 1.
1861 2834 1924 2882 ad
1949 2835 2206 2883 Venerem
2227 2851 2240 2884 ε
2279 2836 2293 2861 ‘
2317 2835 2580 2884 Omnibus
2605 2836 2744 2886 incu-

1682 2911 1810 2959 tiens
1846 2911 2088 2959 blandum
2126 2927 2220 2974 per
2252 2919 2469 2976 pectora
2496 2927 2744 2975 amorem,

1679 2985 1878 3048 Efficis‚
1922 2994 1980 3037 ut
2023 2989 2212 3051 cupide
2256 2991 2544 3051 generatim
2593 2991 2748 3039 saecla

1679 3071 1986 3126 propagent.
2081 3066 2211 3115 Quoe
2269 3067 2514 3129 quoniam
2578 3082 2743 3116 rernm

1678 3141 1933 3189 Naturam
1959 3143 2066 3190 sola
2087 3142 2377 3202 gubernas3
2414 3143 2530 3192 Nec
2554 3144 2669 3192 sine
2694 3151 2744 3194 te

1676 3219 1949 3281 quicquam
1975 3219 2085 3267 dias
2110 3219 2158 3267 iu
2185 3220 2390 3267 luminis
2414 3234 2535 3268 oras
2559 3222 2744 3270 Exori-

1675 3293 1789 3359 ἴοι-,Ἰ
1820 3297 1884 3342 lit
1910 3296 2080 3358 paullo
2105 3303 2240 3358 post,
2278 3298 2292 3323 ‘
2314 3295 2505 3344 Omnia
2539 3299 2743 3360 quando

1673 3372 1953 3422 Paullatim
1990 3362 2255 3435 creseunt,
2292 3381 2348 3422 ut
2386 3389 2485 3436 par
2524 3383 2632 3436 est,
2666 3392 2742 3424 se·

1672 3447 1809 3495 mine
1872 3455 2039 3509 certo,
2103 3448 2504 3512 Crescendoqne
2577 3466 2741 3514 genus

1671 3533 1903 3585 servant,
1943 3531 2002 3574 ut
2039 3539 2253 3573 noscere
2294 3526 2459 3588 possis
2497 3526 2740 3591 Quaeque

1668 3615 1759 3648 sua
1792 3601 1859 3649 de
1895 3601 2113 3650 materia
2149 3602 2497 3664 grandescere
2532 3602 2742 3668 alique.’

1667 3677 1816 3725 Idem.

1735 3754 1835 3801 Cur
1875 3753 1999 3801 enim
2023 3753 2253 3817 flammas
2293 3754 2484 3817 quidem
2527 3755 2735 3818 sursum]

1665 3831 1848 3880 Manil.
1874 3832 1962 3880 lib.
1987 3846 2026 3880 1.
2051 3834 2065 3858 ‘
2085 3832 2225 3893 Ignis
2243 3832 2295 3880 in
2315 3834 2574 3883 aethereas
2599 3836 2734 3882 volu-

1663 3923 1751 3957 cer
1764 3922 1819 3956 se
1838 3908 2044 3957 sustulit
2070 3923 2238 3970 auras,
2258 3912 2570 3974 Summaque
2596 3926 2730 3959 com-

1663 3983 1847 4045 plexus
1867 3984 2126 4033 stellantis
2167 3985 2388 4043 culmina
2423 3988 2539 4035 caeli
2565 3989 2729 4036 Flam·

1663 4073 1858 4108 marum
1907 4060 2042 4108 vallo
2088 4066 2288 4109 naturae
2334 4063 2528 4110 moenia
2564 4061 2763 4115 fecit!v

1662 4135 1816 4184 Idem.

1727 4214 1896 4262 Tem-as
1929 4216 2142 4263 deorsum
2178 4217 2360 4277 pondus
2389 4215 2636 4278 deprimit]
2657 4217 2720 4267 Q.

1661 4288 1940 4338 Ritemnius
1971 4291 2234 4340 Palaemon
2248 4355 2254 4359 4
2269 4290 2336 4341 de
2360 4291 2710 4342 Ponderibus:
