3049 4928
963 385 1490 439 PHlLoSoPHIAE
1542 386 1683 434 Lm.
1731 387 1842 434 111.
2371 373 2499 438 24],

310 550 421 613 unt
448 547 850 632 indigentes,
940 548 1116 628 Quis
1145 556 1367 615 autem
1396 545 1668 614 modusi
1712 553 1815 613 est
1844 566 1980 632 quo
2010 549 2296 632 pellatur
2327 549 2497 615 divi-

303 650 409 714 tiis
435 651 843 735 indigentia'l
937 652 1125 716 Num
1145 651 1320 716 enim
1352 652 1595 716 divites
1626 651 1877 716 esurire
1903 659 2241 733 nequeunt
2260 651 2290 713 ‘l
2341 671 2498 716 num

307 754 484 818 sitire
528 775 665 820 non
711 755 1052 840 possunt?
1099 776 1251 819 num
1312 754 1518 838 frigus
1567 754 1930 837 hybernum
1979 755 2498 837 pecuniosorum

301 859 587 923 membra
613 879 750 922 non
781 858 1113 923 sentiunt‘l
1204 857 1339 922 Sed
1385 857 1607 936 adest,
1658 857 1943 941 inquies,
1995 859 2329 940 opulentis
2360 877 2496 940 quo

297 957 534 1023 famem
587 962 859 1039 satient,
910 978 1043 1044 quo
1095 959 1278 1023 sitim
1325 958 1671 1042 frigusque
1721 957 2086 1041 depellant.
2178 958 2313 1023 Sed
2368 959 2497 1024 hoc

296 1061 489 1125 ,modo
519 1065 855 1127 consolari
879 1060 905 1098 ¹³
949 1062 1223 1147 quidem
1255 1061 1514 1126 divitiis
1562 1060 1929 1144 indigentia
1958 1066 2203 1144 potest,
2250 1061 2497 1126 auferri

297 1164 552 1245 penitus
584 1186 713 1230 non
747 1173 984 1250 potest.
1075 1165 1259 1230 Nam
1307 1166 1365 1230 si
1409 1165 1607 1230 haec*
1650 1165 1921 1228 hians¹4
1964 1184 2246 1247 semper,
2297 1174 2498 1248 atque

299 1264 540 1348 aliquid
569 1287 882 1351 poscenS‚
911 1268 1155 1351 opibus
1185 1267 1570 1349 expletur,¹⁵
1602 1271 1864 1330 maneat
1894 1286 2171 1331 necesse
2203 1274 2312 1330 est
2341 1287 2493 1349 quae

296 1370 506 1449 possit
535 1370 823 1453 expleri.
911 1369 1165 1448 Tace0,
1197 1368 1374 1452 quod
1403 1375 1659 1433 naturae
1695 1367 2066 1445 minimum,
2118 1368 2298 1449 quod
2335 1388 2492 1439 ava·
2582 1357 2587 1366 ’

296 1468 458 1535 ritiae
493 1471 671 1535 nihil
699 1469 898 1537 satis¹
940 1480 1064 1539 est.
1156 1469 1389 1550 Quare
1422 1471 1482 1535 si
1513 1490 1681 1556 opes
1712 1491 1834 1535 nec
1868 1490 2292 1535 summovere
2323 1469 2494 1533 indi—

303 1572 591 1651 gentiam
621 1580 935 1657 possunt,
964 1580 1029 1638 et
1056 1575 1228 1658 ipsae
1261 1592 1454 1636 suam
1484 1573 1761 1651 faciunt,
1792 1571 1952 1657 quid
1988 1577 2092 1636 est
2121 1572 2301 1655 quod
2323 1579 2496 1636 eastn

300 1672 758 1741 sufficientiam
782 1682 1100 1761 praestare
1132 1675 1420 1742 credatis
1442 1676 1472 1740 ‘l

353 1847 379 1871 ’⁸
409 1840 712 1919 Idigentia:

1214 1955 1574 1977 ooooooooo

296 2052 504 2104 amittere
528 2056 818 2118 Vulg.—l4
852 2057 954 2107 Ms.
993 2057 1244 2107 Rittersh.
1287 2059 1418 2107 Nam
1458 2059 1502 2107 si
1542 2059 1643 2107 liceo
1675 2056 2013 2107 inhians—1⁵
2046 2053 2283 2106 'vallinus
2324 2056 2398 2106 ait
2442 2072 2497 2107 se

297 2118 548 2168 edendum
575 2128 804 2185 putasse,
834 2131 927 2170 non
946 2124 1179 2186 expletur,
1212 2131 1269 2174 ut
1293 2139 1358 2172 ex
1382 2123 1516 2173 serie
1541 2122 1786 2172 orationis
1818 2128 1923 2171 stet
1959 2122 2167 2171 Boethii
2203 2123 2495 2172 sententia:

295 2181 413 2234 licet
433 2184 560 2234 libri
584 2193 905 2248 repugnentx
942 2202 1251 2251 quanquam,
1271 2189 1364 2248 ait,
1399 2191 1454 2238 e't
1474 2202 1657 2237 sensus
1680 2188 1865 2252 aliquis
1887 2202 1997 2237 esse
2018 2193 2196 2253 potest
2217 2187 2499 2252 dispuncta

296 2250 538 2313 negativa
559 2250 805 2302 dictione.
873 2252 987 2301 Non
1007 2255 1220 2316 expletur
1240 2254 1492 2303 exhibent
1511 2253 1700 2317 Delph.
1725 2252 1897 2301 Hack.

1284 2387 1335 2437 N
1341 2386 1499 2438 OTAE

297 2493 446 2543 quare
470 2484 677 2529 tantum
700 2480 869 2545 abest,
886 2487 947 2531 ut
979 2481 1176 2533 divitiae
1208 2484 1357 2534 satis-

295 2553 461 2606 facere
484 2556 711 2620 possint,
732 2564 793 2606 ut
808 2558 825 2585 ‘
849 2559 1016 2608 alieno
1032 2560 1205 2623 potius
1224 2575 1355 2624 prae-

302 2632 429 2683 sidio
450 2632 654 2683 faciant
675 2634 1011 2698 indigentes.'

356 2709 370 2743 ¹
402 2712 530 2768 Quis
552 2716 712 2760 autem
730 2713 911 2774 modus,
925 2713 1030 2775 ξω]
1068 2716 1157 2762 ιη.
1181 2712 1351 2761 Philo·

297 2787 477 2852 sophia
498 2794 892 2850 argumentatur
924 2804 955 2837 a
988 2788 1221 2852 pluribus
1242 2789 1358 2837 aliis

301 2861 590 2927 affectibus,
607 2862 733 2928 quo‘s
751 2879 877 2928 opes
899 2865 1153 2928 impedire
1166 2878 1356 2929 neque-

299 2949 405 3005 unt,
441 2942 602 2990 immo
641 2941 832 3004 saepius
869 2941 1105 2990 excitant
1141 2947 1358 3005 augent-

299 3032 422 3080 que:
458 3017 599 3081 quod
621 3023 797 3080 potest
830 3018 905 3066 sic
937 3019 1185 3069 contrabi.
1250 3017 1356 3068 Ubi

301 3100 378 3142 est
419 3092 608 3154 fama,
655 3092 788 3154 sitis,
827 3092 1011 3156 friguS,
1058 3101 1358 3160 ceteraeque

298 3170 549 3234 ejusmodi
572 3167 872 3219 affectiones
900 3171 1063 3220 menti
1084 3173 1358 3221 incommo-

299 3245 396 3310 dae,
423 3246 502 3295 ibi
539 3259 643 3295 non
681 3254 763 3295 est
798 3245 1055 3296 felicitas:
1087 3246 1224 3312 quod
1265 3249 1355 3298 bo·

300 3337 416 3374 num
438 3324 519 3374 his
550 3323 701 3372 malis
733 3324 1050 3374 contrarium
1076 3327 1230 3375 absit.
1263 3324 1357 3377 At-

301 3402 382 3465 qui
406 3402 459 3450 in
481 3400 747 3462 divitibus,
768 3400 881 3450 noxi*
894 3416 1041 3450 secus
1074 3417 1137 3451 ac
1158 3403 1209 3451 in
1232 3417 1356 3466 pau-

303 3476 524 3541 peribus,
561 3484 644 3527 est
679 3477 861 3539 fames,
899 3478 1033 3539 sitis,
1058 3478 1261 3542 frigus,
1301 3485 1358 3529 et

302 3563 473 3604 cetera
505 3554 812 3618 hujusmodi,
835 3569 949 3618 quae
984 3555 1213 3619 quamvis
1247 3555 1356 3617 opi-

303 3628 393 3678 bus
437 3631 644 3695 possint
687 3628 906 3693 differri,
951 3631 1135 3693 opibus
1185 3637 1355 3681 tamen

304 3707 505 3756 omuino
530 3704 723 3755 auferri
742 3720 845 3754 non
867 3714 1098 3768 possunt.

366 3781 387 3816 ¹¹
429 3783 700 3846 Consului-2⁸]
752 3783 981 3832 Verbum
1027 3783 1123 3832 boc
1171 3783 1360 3846 saepius

307 3863 559 3913 actionem
597 3861 889 3926 significat:
924 3862 1015 3911 sed
1057 3863 1110 3911 in
1152 3870 1358 3911 contra-

308 3938 427 3989 riam
461 3939 615 3989 etiam
655 3946 858 4002 partem
901 3938 1097 3989 dictum
1129 3937 1361 4009 invenies

436 4341 607 4405 Delph.
629 4345 679 4390 et
706 4326 822 4393 Var.
846 4342 977 4391 Clas.

1439 2483 1579 2547 apud
1620 2482 1844 2544 optimos
1882 2487 2150 2530 auctores-t
2188 2478 2401 2530 Asinius
2444 2482 2497 2529 in
2583 2484 2591 2494 ·

1436 2559 1602 2619 Epist.
1639 2557 1749 2607 Cic·
1785 2559 1800 2586 ‘
1833 2556 2143 2607 consolabar
2164 2557 2233 2606 ob
2273 2570 2335 2604 ea
2378 2571 2495 2620 quae

1435 2631 1622 2681 timui.’

1501 2707 1517 2740 ¹
1547 2710 1753 2757 Natura»
1794 2707 2059 2768 minimum,
2099 2741 2112 2756 .
2139 2742 2153 2757 .
2181 2741 2194 2755 .
2220 2742 2234 2755 .
2274 2708 2497 2756 avaritie

1433 2786 1559 2837 nihil
1599 2785 1743 2840 satis]
1782 2786 1986 2834 Natura
2035 2785 2119 2832 bic
2159 2798 2351 2846 corpus
2397 2791 2497 2847 est,

1435 2862 1655 2912 avaritia
1677 2868 1759 2910 est
1791 2875 1933 2909 mens
1969 2867 2257 2924 appetens:
2294 2862 2499 2925 corpori

1437 2946 1613 2989 autem
1638 2938 1904 2987 minimum
1928 2936 2168 2987 sufficere
2189 2944 2395 3000 potest:
2431 2939 2497 2988 si-

1437 3024 1532 3068 cut
1565 3018 1802 3067 minimus
1832 3016 1980 3067 cibus
2010 3017 2219 3076 famem,
2258 3017 2497 3068 minimus

1437 3104 1593 3161 potus
1646 3097 1803 3159 sitim,
1850 3095 2104 3161 minimus]
2141 3095 2285 3144 calor
2336 3094 2499 3160 frigus

1436 3173 1703 3237 expellere
1726 3179 1929 3236 potest:
1966 3178 2022 3221 at
2043 3170 2204 3220 menti
2229 3173 2500 3235 appetenti

1436 3249 1564 3298 nibil
1586 3250 1712 3298 satis
1731 3255 1847 3298 estz
1882 3264 2022 3310 uam,
2045 3254 2105 3297 ut
2126 3249 2199 3297 ait
2211 3248 2500 3310 Juvenum,

1436 3334 1450 3356 ‘
1476 3326 1683 3376 Crescit
1706 3330 1849 3374 auior
1874 3326 2086 3390 nummi,
2107 3330 2355 3390 quantum
2388 3327 2501 3389 ipsa

1436 3402 1659 3467 pecunia
1687 3401 1916 3451 crescit!
2257 3443 2282 3455 V,

1501 3487 1537 3512 ¹¹²
1576 3478 1705 3534 Quid
1739 3482 1809 3527 est
1844 3480 1965 3541 quod
1995 3492 2091 3540 eas,
2111 3479 2214 3542 gra]
2248 3480 2442 3542 Quare,
2466 3496 2498 3530 ο

1434 3553 1688 3616 homines,
1726 3553 2052 3602 arbitramini
2089 3552 2295 3602 divitias
2337 3555 2503 3603 instar

1437 3630 1621 3679 summi
1665 3627 1787 3677 boni
1829 3629 1971 3679 vobis
2028 3643 2178 3692 posse
2211 3629 2499 3687 ³sufficere?

1433 3707 1576 3755 Vere
1610 3705 1819 3769 quidem
1864 3705 2182 3769 proponitiS,
2215 3705 2341 3755 illud
2385 3722 2499 3758 esse

1437 3800 1689 3834 summum
1722 3785 1910 3833 bonum
1952 3786 2089 3849 quod
2134 3783 2369 3835 sufficere
2415 3798 2501 3849 po-

1440 3869 1581 3915 test:
1638 3860 1728 3909 sed
1773 3859 1905 3910 falso
1967 3862 2245 3926 assumitis,
2290 3861 2502 3912 divitias

1443 3952 1597 4002 posse
1620 3935 1890 3988 sufficere:
1923 3951 2109 3995 nam-

1317 4335 1492 4391 Boeth.
2453 4340 2501 4393 Q
