3049 4928
2418 423 2502 490 91

287 582 547 649 nendus
578 584 814 646 tamen
843 585 984 661 est3
1029 581 1347 664 quoniam
1374 582 1559 646 nullo
1592 583 1762 647 duce
1790 584 2071 668 regitur,
2114 582 2235 648 sed
2287 604 2504 651 errore

292 693 552 753 tantum
586 692 862 761 temere,
912 702 994 748 ac
1037 685 1294 767 passim
1344 684 1775 769 lymphante*¹¹
1831 694 2156 769 raptatur.
2246 684 2387 767 Qui
2418 690 2505 754 si-

297 787 577 874 quando
639 793 876 851 contra
921 805 1045 851 nos
1092 786 1313 853 aciem
1362 794 1666 853 struens⁶
1730 790 2056 854 valentior
2112 789 2506 866 incubuerit,

299 896 534 955 nostra
583 887 849 973 quidem
903 890 1045 954 dux
1096 890 1334 973 copias
1364 908 1527 954 suas
1580 890 1650 953 in
1702 909 1921 955 arcem
1952 891 2284 957 contrahit
2305 889 2368 957 :s
2405 892 2507 956 illi

300 1011 460 1059 vero
533 991 723 1055 circa
778 989 1196 1074 diripiendas
1250 991 1527 1056 inutiles
1580 993 1999 1057 sarcinulast
2066 1000 2506 1076 occupantur.

305 1095 401 1160 At
427 1114 554 1159 nos
589 1095 875 1178 desuper
923 1094 1299 1173 irridemuS,
1344 1095 1680 1160 vilissima
1715 1116 1937 1161 rerum
1988 1116 2277 1182 quaeque
2327 1098 2504 1182 rapi-

304 1204 521 1276 ente8‚
550 1199 766 1262 securi
810 1196 1020 1262 totius
1058 1195 1299 1264 furiosi
1344 1198 1693 1277 tumultus,
1746 1218 1963 1285 eoque
2011 1199 2194 1265 vallo
2240 1199 2507 1278 muniti,

301 1319 434 1384 quo
463 1301 793 1384 grassanti
821 1300 1127 1367 stultitiae
1161 1301 1463 1387 aspirare
1492 1301 1598 1368 fas
1626 1321 1762 1367 non
1794 1302 1906 1367 sit.

998 437 1119 485 PH!
1136 437 1523 486 LOSOPHIAE
1575 438 1719 485 [AB.
1769 441 1817 489 1⁴.

362 1458 391 1494 ⁴¹
422 1460 718 1512 Bacchoue.
1350 1459 1384 1506 s
1411 1461 1579 1512 Ratio.

1306 1560 1520 1613 NOTAE

300 1653 402 1704 Sed
449 1655 735 1707 multitudo
783 1672 887 1708 non
931 1658 1152 1710 absolvit
1194 1659 1366 1709 stulti·
1447 1667 1547 1724 est,
1566 1674 1740 1710 errore
1760 1660 1811 1709 in
1833 1658 2065 1710 furorem
2087 1663 2307 1724 agente:
2344 1657 2360 1686 ⁴
2387 1658 2511 1722 lym·

299 1732 449 1795 tiam,
483 1746 583 1783 nec
619 1735 785 1785 minus
818 1744 940 1786 sunt
978 1735 1366 1801 vituperabiles,
1451 1738 1663 1803 phatus’
1716 1740 1853 1788 enim
1902 1738 2114 1800 dicitur,
2169 1736 2275 1800 qui,
2327 1751 2422 1786 eeu
2480 1751 2512 1784 a

299 1810 437 1876 qnod
486 1810 662 1874 plures
701 1811 806 1861 sint
850 1813 1017 1863 stulti.
1091 1812 1231 1863 Hinc
1279 1813 1370 1863 illa
1451 1816 1712 1881 Nymphis
1747 1817 2066 1882 lympharum
2092 1814 2403 1880 praesidibus
2428 1829 2513 1864 ac·

299 1888 582 1937 stultorum
639 1887 796 1938 turba
853 1893 870 1917 ‘
908 1891 1204 1954 spernenda
1257 1897 1364 1952 est;

902 1469 924 1495 ⁸
955 1459 1196 1512 Militum.
1706 1469 1735 1505 e
1770 1462 1944 1511 Onera.

1453 1903 1559 1958 tus,
1606 1895 1662 1944 in
1705 1893 1936 1945 furorem
1977 1893 2226 1956 abreptus
2266 1899 2379 1943 est=
2436 1892 2512 1943 ita

298 1962 442 2012 nullo
466 1962 602 2013 duce
625 1964 845 2028 regitur,
861 1965 954 2016 sed
977 1979 1155 2017 errore
1175 1973 1371 2016 temere

298 2038 640 2105 lymphante,’
664 2040 899 2106 adeoque
919 2041 935 2068 ‘
958 2042 1100 2092 circa
1121 2042 1370 2106 diripien-

299 2117 393 2167 das
412 2116 634 2167 inutiles
658 2117 939 2168 sarcinulas
961 2118 1283 2182 occupatur)
1322 2123 1369 2168 1.

293 2194 309 2221 ⁴
335 2193 650 2258 spernenda
684 2194 832 2245 estz’
873 2210 991 2244 nam
1031 2195 1195 2246 virtus
1230 2211 1369 2246 verae

298 2269 581 2335 sapientiae
604 2285 776 2321 comes
798 2270 1068 2323 individua
1089 2281 1147 2324 et
1168 2288 1373 2339 semper

298 2356 354 2399 et
373 2349 489 2398 sola
518 2348 683 2400 libera
716 2355 817 2413 est,
851 2366 991 2416 quae,
1022 2351 1223 2402 etiamsi
1258 2367 1373 2402 cor-

298 2441 432 2492 pora
454 2434 614 2492 capta
637 2434 759 2478 sunt
775 2428 928 2479 armis
945 2434 1002 2480 et
1019 2429 1235 2480 vinculis
1250 2443 1371 2481 con·

298 2509 507 2572 stricta,
541 2508 633 2573 jus
674 2515 848 2560 tamen
887 2524 1033 2559 suum
1071 2515 1229 2574 atque
1264 2524 1371 2560 om·

298 2587 444 2637 nium
491 2600 666 2637 rerum
721 2586 1027 2652 impunitam
1079 2586 1371 2637 libertatem

300 2669 472 2714 tenet.
538 2666 590 2712 2.
623 2662 639 2689 ‘
662 2661 823 2712 Nullo
858 2661 991 2712 duce
1030 2661 1285 2727 regiturz’
1317 2662 1374 2713 in

298 2737 400 2788 hoc
423 2738 565 2787 enim
588 2737 706 2788 vitii
727 2743 784 2787 et
807 2736 1013 2788 virtutis
1036 2739 1247 2789 asseclae
1272 2734 1372 2788 dif-

297 2813 499 2878 ferunt,
531 2812 670 2880 quod
701 2814 755 2864 hi
788 2815 966 2873 certis,
999 2815 1072 2865 illi
1109 2816 1262 2865 nullis
1296 2823 1372 2866 te-

301 2898 532 2942 neantur
581 2890 809 2955 legibus3
864 2891 1000 2956 quod
1053 2891 1218 2942 virtus
1269 2906 1372 2941 uno

302 2966 476 3037 modo,
510 2967 696 3016 vitium
731 2966 943 3017 infinitis
976 2968 1154 3019 haberi
1180 2969 1372 3034 possita

304 3057 491 3093 norma
533 3045 670 3093 enim
711 3045 868 3094 unica
906 3044 995 3109 sit,
1027 3060 1237 3097 necesse
1271 3055 1374 3097 est.

305 3124 354 3170 3.
376 3121 392 3149 ‘
415 3121 611 3171 Errore
629 3120 931 3186 lymphante
949 3129 1188 3188 raptatur
1202 3124 1241 3186 ς’
1275 3126 1374 3176 hoc

1450 1972 1635 2035 virgil.
1674 1984 1782 2022 vu.
1804 1971 1923 2021 AEn.
1948 1985 2024 2021 vs.
2058 1973 2174 2020 377.
2235 1969 2252 1997 ‘
2285 1968 2511 2022 Immen-

1451 2061 1563 2097 sam
1604 2048 1716 2097 sine
1757 2061 1900 2097 more
1938 2045 2069 2098 furit
2107 2045 2373 2110 lymphata
2416 2059 2513 2109 per

1450 2123 1667 2177 urbem!
1718 2128 1769 2175 4.
1791 2126 1807 2153 ‘
1831 2124 1985 2176 Circa
2006 2122 2212 2173 inutiles
2233 2121 2514 2174 sarcinuias

1452 2207 1744 2264 occupatur
1758 2198 1790 2250 ε’
1812 2199 1917 2249 suis
1928 2199 2121 2272 quippe
2137 2190 2384 2248 obsecuta
2399 2210 2516 2261 per-

1453 2276 1859 2341 turbationibus,
1875 2291 2052 2326 omnes
2068 2289 2185 2330 suas
2207 2289 2355 2326 curas
2371 2275 2512 2338 cogi-

1455 2355 1784 2420 tationesque
1823 2353 1970 2419 ponit
2006 2352 2059 2401 in
2099 2350 2310 2402 caducis
2341 2350 2516 2424 rebus,

1454 2446 1573 2497 quse
1597 2430 1739 2481 velut
1762 2428 1963 2495 pondus
1981 2427 2166 2479 inutile
2189 2432 2415 2479 mentem
2440 2427 2516 2478 ita

1452 2508 1773 2572 opprimunt,
1792 2509 1927 2557 hanc
1952 2513 2011 2557 ut
2040 2521 2146 2556 non
2177 2505 2353 2555 sinant
2384 2504 2517 2555 veri·

1453 2592 1618 2635 tatem
1663 2586 2016 2649 virtutemque
2059 2582 2249 2632 colere.
2315 2581 2515 2632 Contra

1454 2677 1580 2712 vero
1597 2661 1872 2727 sapientia,
1893 2675 2007 2725 quae
2032 2657 2234 2708 ratione
2268 2665 2515 2721 tanquam

1453 2738 1588 2787 duce
1621 2737 1841 2800 regitur,
1885 2735 2077 2800 spretis
2110 2733 2319 2785 caducis
2339 2734 2516 2795 rebus,

1456 2814 1667 2864 veritati
1692 2812 1974 2877 virtutique
2005 2811 2079 2860 sic
2111 2816 2282 2872 vacat,
2318 2816 2377 2858 ut
2411 2823 2513 2858 non

1453 2890 1607 2940 modo
1630 2890 1793 2939 instar
1814 2887 2000 2937 sideris
2013 2886 2221 2948 emicet,
2243 2886 2336 2935 sed
2356 2886 2515 2934 turris

1451 2971 1619 3020 instar
1636 2965 2050 3031 inexpugnabilis
2064 2965 2129 3016 ab
2145 2963 2378 3016 omnibus
2393 2964 2516 3013 stul·

1453 3047 1586 3097 titiae
1615 3045 1734 3096 telis
1757 3045 1830 3094 sit
1854 3049 1984 3094 tuta.

1115 3543 1190 3607 M
1198 3542 1540 3608 ETRUM
1588 3541 1716 3609 IV.

578 3695 959 3774 Qulsouns
992 3696 1373 3780 composito
1404 3703 1728 3760 serenus⁰
1771 3714 1946 3774 aev0,

377 3858 685 3923 Quicumque,
702 3857 960 3922 composita
981 3872 1067 3906 sua
1088 3856 1207 3920 vita,
1228 3856 1513 3919 tranquillus
1534 3856 1779 3906 contemsit
1799 3861 1996 3907 mortem
2024 3857 2340 3924 imperiosam,
2362 3865 2428 3923 et,
2445 3861 2518 3909 in-

1310 3973 1359 4022 N
1366 3972 1523 4023 OTAE

374 4077 398 4102 0
418 4068 646 4131 semus]
710 4070 727 4097 ‘
766 4068 1012 4118 Serenns’
1083 4068 1274 4119 dicitur
1345 4085 1376 4118 a

319 4145 505 4196 Graeco
526 4144 683 4208 ξηρὸς,
705 4145 844 4210 quod
868 4156 949 4195 est
982 4147 1166 4195 siccus.
1236 4145 1377 4195 Hinc

321 4236 351 4270 a
369 4236 562 4285 serum,
581 4229 665 4271 est
686 4236 868 4283 sereo;
897 4236 930 4269 a
965 4236 1067 4284 quo
1090 4234 1376 4284 serescere,

320 4297 454 4362 quod
475 4298 797 4351 estsiccari:
832 4299 970 4350 unde
989 4298 1260 4350 Lucretius
1278 4298 1313 4351 l.
1337 4313 1376 4350 1.

1456 4069 1743 4135 ‘Denique
1764 4066 2064 4134 fluctifrago
2081 4085 2341 4135 suspensae
2367 4071 2416 4120 in
2440 4072 2523 4121 lit·

1458 4152 1572 4195 t'ore
1618 4153 1790 4195 vestes
1832 4147 2122 4206 Uveseunt‚
2171 4146 2365 4196 eaedem
2417 4148 2520 4197 dis-

1457 4238 1633 4288 pansae
1657 4224 1709 4272 in
1732 4224 1839 4273 sole
1855 4222 2162 4273 serescunt!
2225 4224 2520 4285 Propterea

1456 4314 1575 4364 quae
1597 4299 1761 4349 nubes
1786 4299 1840 4349 in
1873 4313 2024 4349 auras
2045 4305 2382 4348 vanescentes
2421 4307 2521 4350 ter-
