3049 4928
526 398 832 447 Bon'rm}
880 400 978 450 DE
1027 400 1337 450 coNSOh.
1391 401 1837 454 PHILOSOPH.
1888 407 2034 457 mu.
2085 409 2196 456 111.

298 540 530 591 ‘Pondus
565 543 716 594 rebus
755 550 939 594 natura
976 546 1172 595 locavit
1207 546 1335 597 Cor-

297 623 472 686 poreis,
513 625 768 674 elementa
806 641 948 675 situm
992 627 1125 690 regit
1164 629 1335 676 omnia

299 701 513 763 pondus:
552 704 790 752 Pondere
829 709 966 754 terra
1004 711 1200 767 manet,
1248 720 1334 754 va·-

297 792 411 827 cuus
459 794 621 844 neque
668 781 907 844 ponderis
973 783 1138 831 aetlier
1180 781 1335 832 Inde-

293 853 419 904 fessa
441 858 574 922 rapit
615 859 868 908 volventis
907 859 1077 908 sidera
1121 857 1334 909 mundi.'

297 931 438 981 Idem.
1105 973 1113 984 .

353 1008 482 1064 Quod
529 1010 581 1059 iu
621 1025 798 1062 summo
837 1012 1062 1076 spiritum
1102 1012 1334 1075 ducimus]

291 1082 428 1132 Falsa
463 1086 635 1136 lectio.
701 1089 868 1138 Recte
912 1089 1044 1138 Mas.
1087 1096 1144 1139 et
1188 1089 1334 1139 Edit.

290 1159 415 1212 Flor.
447 1166 563 1225 quod
592 1164 646 1213 in
675 1180 835 1215 somno
861 1166 1086 1229 spiritum
1104 1166 1333 1216 duocim-

288 1233 481 1290 Lucret.
538 1241 625 1290 lib.
685 1256 762 1291 lv.
828 1244 845 1272 ‘
872 1244 1082 1307 Quippe
1138 1242 1335 1292 videbis

290 1323 437 1374 equos
460 1313 621 1366 fortes
652 1332 768 1367 cum
807 1318 1034 1367 membra
1061 1318 1335 1382 jacebunt,

284 1387 343 1435 In
366 1393 542 1442 somnis
561 1394 748 1445 sudare
773 1401 962 1459 tamen,
996 1393 1335 1462 spirareque-⁹

288 1465 429 1518 Idem.

345 1546 520 1596 Mara.
556 1553 637 1599 11.
681 1548 928 1609 Profunda
961 1549 1138 1613 mente]
1163 1549 1229 1599 Id
1252 1554 1335 1601 est

285 1619 399 1682 alta,
410 1624 524 1671 etin
536 1625 756 1674 sublime
774 1626 1090 1689 penetranti.
1103 1626 1191 1675 Sic
1206 1625 1331 1676 ‘ce-

282 1693 375 1744 lum
414 1698 744 1761 profundum'
768 1702 905 1765 apud
937 1702 1123 1766 virgil.
1153 1702 1331 1766 Eclog.

284 1785 356 1822 ιν.
372 1774 560 1841 Georg.
578 1778 671 1827 lib.
690 1791 769 1829 lv,
793 1778 993 1828 AEueid.
1012 1794 1051 1830 1.
1065 1779 1334 1828 Salvianus

281 1849 312 1898 l.
330 1864 365 1900 1.
397 1852 474 1901 De
522 1855 659 1906 Gub.
696 1857 831 1906 Dei:
880 1857 1039 1908 ‘Quis
1078 1863 1184 1906 tam
1216 1870 1333 1920 pro·

279 1926 415 1980 fundi
447 1935 617 1984 cordis
660 1934 823 1983 virum
856 1949 961 1984 non
996 1933 1330 1985 admiretur?'

279 2006 294 2032 ‘
312 2006 628 2061 Profundum
652 2011 939 2062 consilium'
963 2011 1101 2076 apud
1125 2011 1330 2064 Quinti·

282 2084 392 2137 lian.
415 2090 715 2141 Declamat.
738 2095 789 2143 2.
821 2091 976 2141 Idem.

263 2179 268 2186 ·
345 2163 578 2232 Vestigat]
644 2168 932 2233 Antiquom
977 2174 1032 2218 et
1077 2168 1328 2231 optimum

279 2243 492 2307 verbum,
536 2247 750 2296 tametsi
783 2247 1126 2309 compositum
1168 2247 1328 2297 usita-

275 2316 388 2367 tius.
453 2322 653 2371 Ennius
689 2323 723 2372 l.
766 2335 805 2372 1.
837 2322 972 2372 Anu.
1005 2323 1229 2373 ‘Errare
1253 2323 1327 2372 vi-

273 2394 427 2446 debar
439 2399 711 2464 Tardaque
726 2400 1001 2462 vestigare,
1018 2408 1074 2449 et
1088 2414 1327 2466 quaerere

276 2473 357 2524 te.’
378 2475 572 2527 Seneca
589 2477 802 2540 proprie
819 2477 883 2525 de
905 2476 1125 2526 canibus
1143 2478 1323 2527 utitur.

273 2548 330 2597 Iu
349 2551 557 2616 Thyest.
597 2569 673 2602 vs.
707 2558 822 2602 495.
857 2556 872 2582 ‘
894 2554 1024 2603 Cum
1047 2552 1185 2602 feras
1214 2568 1326 2602 ves-

273 2625 413 2690 tigat,
448 2638 502 2680 et
539 2633 699 2694 longo
736 2645 896 2680 senex
938 2633 1070 2679 Loro
1114 2638 1326 2679 tenetur

269 2703 489 2758 Umber.'
509 2711 580 2758 Et
600 2709 653 2757 in
677 2708 887 2771 Hippol.
904 2710 954 2756 4.
976 2711 1118 2757 1105.
1139 2711 1155 2735 ⁶
1174 2706 1325 2756 Μωα-

272 2787 431 2846 taeque
497 2785 711 2834 Domini
777 2785 1007 2834 membra
1064 2784 1324 2847 vestigant

269 2861 453 2909 canes!
485 2863 642 2912 Idem.

336 2934 552 3000 Vestigat
572 2938 759 3001 verum]
796 2937 923 2987 Min.
946 2936 1094 2986 Felix
1116 2936 1169 2985 in
1195 2938 1321 2987 Oct.

267 3005 283 3033 ‘
314 3009 427 3061 Quo
465 3014 634 3061 minus
673 3013 861 3062 mirum
906 3022 1005 3075 est,
1051 3013 1321 3061 nonnullos

267 3087 415 3137 taedio
438 3089 819 3153 investigandae
854 3089 1062 3152 penitus
1087 3089 1321 3139 veritatis

266 3165 469 3216 cuilibet
509 3167 744 3231 opinioni
781 3174 980 3216 temere
1009 3167 1180 3231 potius
1205 3182 1321 3217 suc·

265 3241 521 3301 cumbere,
543 3258 698 3308 quam
723 3243 776 3292 in
806 3242 1123 3306 explorando
1158 3244 1320 3306 perti·

265 3318 372 3366 nac·
395 3318 666 3383 diligentia
691 3317 1063 3381 perseverare.'
1101 3319 1253 3369 Idem.

328 3393 568 3459 Quicquid
603 3399 743 3444 extra
769 3395 963 3444 molitur
984 3394 1102 3444 Suis
1122 3394 1320 3459 rarum]

263 3468 346 3518 Sic
391 3486 549 3536 supra
595 3472 746 3520 Pros.
786 3474 835 3518 4.
888 3471 980 3519 lib.
1018 3484 1082 3520 ιι.
1131 3471 1147 3497 ‘
1178 3470 1320 3522 Quid

262 3544 416 3609 igitur
437 3564 469 3598 o
489 3548 736 3598 mortales
759 3556 909 3596 extra
933 3561 1022 3595 vos
1045 3546 1224 3609 petitis
1246 3547 1319 3595 in-

263 3629 341 3671 tra
382 3639 474 3673 vos
518 3625 741 3689 positam
781 3622 1089 3673 felicitatem
1107 3622 1144 3670 Ρ
1186 3623 1320 3672 Vide

261 3712 373 3760 quae
392 3701 455 3748 ad
482 3701 582 3750 ista
601 3701 762 3750 verba
782 3700 1092 3750 notavimus.
1136 3700 1296 3751 Idem..

326 3777 463 3831 Quod
483 3783 594 3827 atra
615 3778 742 3827 texit
762 3777 939 3826 erroris
958 3775 1124 3838 nubes]
1159 3775 1319 3826 Juve-

260 3851 386 3900 nalis
408 3855 517 3904 Sat.
546 3859 624 3903 lo.
659 3856 675 3881 ‘
697 3853 863 3903 Pauci
905 3852 1176 3902 dinoscere
1203 3866 1318 3915 pos·

261 3936 381 3977 sunt
411 3931 555 3979 Vera
587 3931 742 3991 bona,
781 3937 936 3993 atque
970 3929 1071 3978 illis
1103 3930 1320 3977 multum

259 4001 481 4068 diversa,
501 4014 705 4057 remota
721 4006 920 4056 Erroris
944 4004 1165 4056 nebula.’
1179 4007 1195 4034 ‘
1212 4006 1319 4055 Nu-

259 4078 348 4129 bes
370 4083 651 4146 curamm,’
693 4082 915 4134 Ovidius
942 4096 1006 4132 11.
1037 4082 1106 4131 de
1130 4083 1318 4140 Ponto,

258 4156 406 4220 Eleg.
431 4173 470 4208 1.
508 4159 768 4210 ‘Tandem
813 4158 1010 4223 aliquot
1045 4159 1194 4222 pulsa
1232 4174 1318 4209 cu·

259 4245 429 4283 rarum
471 4237 609 4286 nube
644 4249 879 4285 serenum
906 4235 1064 4283 vidie
1092 4238 1107 4262 ⁴
1133 4235 1318 4285 Nubes

259 4311 452 4374 animi‚’
474 4312 612 4362 idem
633 4327 673 4362 1.
696 4312 852 4369 Trist.
878 4312 1027 4376 Eleg.
1045 4326 1132 4363 111.¹
1155 4314 1169 4339 ‘
1191 4311 1319 4363 Ani-

2338 393 2471 458 515

1406 548 1474 596 mi
1495 549 1681 598 nubem
1701 550 1854 600 dolor
1876 550 1987 615 ipse
2015 553 2268 603 removit!
2323 555 2347 582 ‘
2360 554 2470 603 Nu-

1408 626 1499 675 bes
1542 626 1923 691 fallaciarum3'
1960 631 2217 681 Ammian.
2248 633 2471 683 Marcel·

1406 703 1497 753 lin.
1518 704 1609 754 lib.
1630 718 1725 756 xv·
1756 705 1772 732 ‘
1793 706 1976 756 Nubes
2005 708 2303 771 mendacii,'
2343 711 2470 760 Cas·

1406 780 1598 831 siodor.
1635 797 1720 832 111.
1760 783 1968 834 variar.
2013 789 2097 836 45.
2145 787 2323 850 Longa
2367 789 2470 838 alia

1409 858 1611 908 ratione
1646 859 1835 910 nubem
1870 862 2077 911 testium
2111 862 2275 929 (νέφος
2293 864 2468 929 μαρτύ-

1406 932 1522 998 ρων)
1555 934 1689 984 dixit
1727 936 1923 988 Paulus
1965 939 2180 991 Hebrae.
2209 945 2290 991 12.
2325 958 2400 993 vs.
2429 956 2468 993 t.

1408 1017 1465 1062 et
1480 1012 1549 1062 D.
1571 1013 1753 1077 Chrys.
1798 1016 1950 1065 Idem.

1475 1087 1766 1140 Obliuiosam
1804 1106 1971 1156 corpus
2015 1094 2236 1144 invehens
2275 1094 2464 1158 molem]

1406 1164 1669 1216 Platonici
1690 1168 1851 1216 soltun
1874 1170 2097 1220 animum
2118 1171 2363 1222 dicebant
2390 1187 2468 1221 es-

1406 1256 1463 1291 se
1482 1242 1743 1293 bominem
1764 1261 1777 1293 ε
1819 1261 2007 1310 corpus
2030 1248 2200 1298 animo
2222 1255 2469 1315 tanquam

1407 1317 1764 1371 indumentum
1798 1322 2192 1382 circumdatum,
2238 1327 2319 1375 vel
2358 1341 2467 1377 car·

1407 1410 1582 1446 cerem
1606 1398 1776 1459 potius
1802 1414 1861 1449 ac
1878 1402 2171 1464 sepulcrum
2186 1402 2462 1467 quoddam.

1406 1472 1524 1523 Quo
1575 1475 1906 1538 Epigramma
1952 1478 2183 1541 pertinet
2230 1479 2463 1528 Palladae

1405 1549 1539 1598 libro
1572 1563 1610 1600 1.
1644 1549 1990 1616 Antliologiae,
2027 1554 2112 1602 tit.
2152 1552 2216 1604 εἰς
2248 1552 2465 1604 θάνατον.

1403 1629 1546 1687 Σῶμα
1577 1626 1721 1678 πόθος
1752 1632 1925 1693 ψυχῆς,
1961 1629 2092 1695 ᾅδης,
2124 1632 2261 1694 μοῖρ’,
2297 1629 2463 1693 ἄχθος,

1403 1702 1607 1766 ἀνάγκη,
1646 1704 1738 1754 Καὶ
1759 1706 1929 1767 δεσμὸς
1948 1706 2186 1771 κρατερὸς,
2223 1706 2301 1756 καὶ
2322 1706 2465 1756 κόλα-

1403 1797 1479 1830 σις
1492 1781 1732 1839 βασάνων.
1798 1784 1932 1832 Ἀλλ’
1949 1783 2064 1832 ὅταν
2085 1781 2247 1848 ἐξέλθῃ
2268 1783 2355 1832 τοῦ
2373 1782 2465 1831 oeb-

1401 1876 1567 1922 ματος,
1601 1861 1660 1909 ὥς
1691 1859 1783 1910 ἀπὸ
1804 1863 1982 1922 δεσμῶν
2000 1861 2094 1910 Τοῦ
2114 1857 2333 1922 θανάτου,
2352 1858 2465 1922 φεύ·

1402 1952 1478 1999 γει
1492 1936 1606 2001 πρὸς
1622 1936 1726 1987 θεὸν
1743 1935 1986 1988 ἀθάνατον.
2017 1939 2172 1988 Idem.

1467 2016 1642 2064 Haeret
1674 2014 1884 2079 profecto
1916 2032 2070 2066 semen
2093 2016 2355 2065 introrsum
2385 2028 2463 2064 oe·

1397 2092 1468 2155 ri]
1534 2091 1638 2143 Adi
1690 2091 1971 2142 Pindarum
2012 2093 2223 2157 Olymp.
2265 2090 2371 2141 Od.
2410 2096 2461 2140 7.

1399 2169 1491 2218 ubi
1511 2170 1715 2232 scribit,
1752 2171 1768 2198 ‘
1789 2170 2103 2218 Promethea
2136 2169 2384 2218 virtutem
2405 2174 2464 2217 et

1387 2246 1592 2309 gaudia
1613 2246 1903 2296 hominibus
1934 2247 2209 2311 injecisse:
2252 2244 2346 2294 sed
2377 2258 2464 2293 su-

1406 2324 1703 2385 pervenisse
1742 2323 1996 2387 quandam
2040 2322 2315 2373 oblivionis
2367 2336 2462 2372 nu·

1401 2398 1538 2461 bem,
1564 2407 1618 2448 et
1638 2402 1892 2450 avertisse
1913 2406 2108 2448 rectam
2132 2411 2300 2447 rerum
2327 2398 2461 2447 viam

1398 2483 1551 2526 extra
1574 2477 1841 2539 mentem.’
1906 2477 2099 2526 Mirum
2124 2474 2390 2539 profecto!
2418 2476 2461 2525 si

1399 2566 1502 2601 non
1536 2553 1722 2602 author
1754 2560 1935 2603 noster
1956 2569 2048 2603 sua
2070 2553 2190 2622 inde
2221 2552 2460 2616 desump-

1399 2628 1483 2678 sit.
1520 2629 1676 2678 Idem.

1467 2707 1729 2755 Excitatur
1774 2707 2031 2756 ventilante
2083 2703 2325 2767 doctrina]
2380 2706 2460 2753 Ex

1398 2781 1635 2832 doctrina
1656 2784 1890 2833 Platonis
1909 2785 1961 2832 in
1979 2782 2266 2832 Pbaedone.
2303 2784 2461 2830 Sene·

1398 2873 1459 2908 ca
1480 2874 1685 2923 quoque
1703 2860 1872 2922 Epist.
1892 2864 1974 2908 94.
2010 2861 2025 2888 ‘
2043 2859 2286 2909 Omnium
2322 2858 2457 2907 enim

1396 2935 1724 2985 honestarum
1763 2950 1931 2985 rerum
1973 2937 2168 2985 semina
2191 2936 2347 2984 animi
2372 2951 2458 2997 ge-

1396 3018 1535 3074 runt,
1584 3028 1700 3076 quoe
1740 3013 2091 3062 admonitione
2129 3014 2457 3072 excitantur;

1394 3101 1496 3136 non
1543 3088 1696 3137 aliter
1736 3103 1888 3153 quam
1927 3088 2152 3138 scintilla
2189 3085 2314 3136 flatu
2356 3089 2458 3136 levi

1396 3164 1595 3228 adjuta,
1615 3165 1782 3228 ignem
1800 3179 1946 3213 suum
1970 3163 2235 3227 explicat!
2279 3163 2457 3213 Vallia.

1464 3241 1604 3295 Quod
1636 3242 1678 3288 si
1712 3240 1953 3304 Platonis]
2009 3241 2170 3303 Cujus
2204 3237 2459 3301 ἀνάμνησιν

1397 3331 1463 3366 ex
1501 3316 1771 3366 Pbaedone
1800 3317 1886 3366 bic
1923 3318 2169 3380 attingit:
2209 3316 2295 3364 ibi.
2320 3317 2460 3366 enim

1398 3392 1623 3443 refertur
1638 3394 1880 3443 Socrates
1903 3393 2089 3456 dogma
2106 3394 2202 3441 hoc
2216 3391 2456 3456 frequen·

1397 3474 1478 3518 ter
1502 3470 1556 3518 in
1579 3483 1668 3518 ore
1691 3469 1950 3531 babuisse,
1967 3467 2080 3517 ‘'O-n
2096 3468 2247 3529 ἥμῖνῆ
2264 3466 2458 3529 μάθησις

1398 3546 1484 3595 οὐκ
1508 3545 1630 3595 ἄλλο
1662 3564 1711 3595 τι
1729 3545 1761 3605 ἡ
1797 3545 2051 3609 ἀνάμνησις
2069 3545 2300 3609 τυγχάνει
2322 3545 2460 3606 οὖσα,

1394 3624 1597 3687 ‘uobis‚
1633 3625 1860 3684 discere,
1902 3639 2005 3674 non
2044 3640 2158 3675 esse
2194 3626 2337 3675 aliud
2359 3626 2458 3673 nisi

1393 3700 1690 3749 reminisci?
1755 3701 1819 3749 In
1841 3701 2070 3750 Menone
2099 3716 2303 3766 quoque
2330 3715 2458 3764 puer

1395 3774 1461 3823 ad
1483 3774 1803 3837 geometrica
1841 3777 2076 3839 quaedam
2118 3776 2183 3826 de
2218 3775 2459 3825 dimensi-

1394 3866 1492 3900 one
1509 3851 1746 3915 quadrati
1766 3852 2104 3916 interroganti
2121 3853 2457 3903 Socratirec·

1395 3932 1449 3977 te
1483 3928 1784 3990 respondet,
1811 3928 1877 3977 ob
1901 3930 2247 3993 consignatas,
2271 3930 2458 3995 iuquit,

1394 4003 1447 4052 iu
1466 4003 1650 4054 animis
1669 4003 1843 4053 ἑννοίας
1865 4005 1881 4032 ‘
1898 4005 2170 4055 notiones?
2207 4006 2357 4056 Idem.

1463 4082 1604 4137 Quod
1632 4081 1688 4130 'si
1725 4081 1944 4131 Platonis
1974 4082 2157 4145 Musoe]
2199 4081 2458 4131 Arnobius

1394 4158 1487 4208 lib.
1511 4173 1574 4207 ιι.
1609 4156 1877 4206 Adversus
1920 4157 2156 4207 Gentes:
2202 4158 2375 4209 ‘Quid
2398 4158 2452 4206 iu

1396 4237 1643 4296 Menone,
1666 4249 1697 4283 o
1720 4235 1894 4294 Plato,
1910 4233 2148 4296 quaedam
2168 4234 2455 4283 rationibus

1395 4311 1594 4362 numeri
1618 4311 1830 4360 admota
1851 4324 1916 4359 ex
1942 4310 2188 4373 puerculo
2220 4310 2452 4361 sciscita-
