3049 4928
509 422 638 488 138

1031 586 1147 652 Sic
1177 587 1361 672 quod
1393 589 1728 673 praecipiti
1759 590 1874 655 via
1892 586 1916 625 ¹⁴

1213 443 1518 491 BOETHII
1558 403 1668 491 ¹DE
1716 443 2024 494 coNSoh.

1031 690 1305 757 Certum
1337 693 1583 758 deserit
1611 694 1932 771 ordinem,

1030 795 1264 861 Laetos
1292 816 1429 862 nou
1457 795 1658 877 habet
1689 799 1935 862 exitus,

512 982 743 1048 ordinem,
782 997 917 1045 quem
938 981 1041 1044 ipse
1073 981 1303 1046 instituit,
1341 983 1543 1035 turbari.
1608 986 1874 1047 Propterea
1906 984 2127 1049 quicquid
2155 985 2501 1038 inconsiderata
2533 988 2715 1038 ratione

512 1047 685 1111 linquit
704 1047 913 1097 ordinem
929 1047 1277 1113 praeripiam,
1299 1049 1350 1099 id
1371 1065 1462 1099 non
1482 1050 1662 1101 obtinet
1671 1052 1906 1113 jucundos
1923 1056 2130 1101 eventus.

1505 1196 1559 1247 N
1564 1194 1720 1247 01*AE

515 1315 573 1361 et
594 1310 699 1360 suis
718 1309 898 1374 spatiis
921 1315 1192 1361 transeunt
1219 1311 1460 1361 universa
1479 1311 1575 1361 sub

516 1391 665 1440 coelo.
734 1390 959 1453 Tempus
995 1389 1240 1439 nascendi
1276 1398 1332 1439 et
1368 1396 1576 1455 tempus

515 1467 787 1519 moriendi.
892 1466 1126 1532 Tempus
1189 1468 1459 1532 plantandi
1520 1475 1578 1517 et

517 1553 723 1610 ternpus
779 1547 1035 1596 evellendi
1096 1547 1231 1612 quod
1286 1548 1578 1612 plantatum

517 1624 635 1684 est‚’
674 1624 776 1671 διο.
847 1621 987 1671 Hinc
1027 1621 1043 1649 ‘
1075 1637 1203 1687 quas
1245 1622 1386 1673 vices
1431 1625 1580 1673 Deus

517 1695 751 1747 coiit-cuit
764 1695 779 1720 '
801 1712 896 1746 sua
911 1697 1149 1747 nimirum
1167 1699 1586 1749 constantissima

517 1773 808 1834 voluntate,
850 1772 945 1823 has
983 1786 1089 1822 non
1133 1774 1335 1837 patitur
1370 1775 1580 1825 misceri

519 1848 633 1899 sive
670 1849 885 1899 turbari.
937 1850 1022 1899 Sic
1047 1850 1299 1900 Phaedrus
1324 1851 1360 1901 l.
1385 1866 1426 1901 ι.
1449 1852 1577 1903 Fab.

520 1924 845 1990 2.loquitur:
894 1931 909 1954 ‘
933 1924 1157 1976 Athenae
1193 1942 1310 1976 cum
1332 1926 1582 1977 florerent

520 2001 682 2066 aequis
703 2002 926 2066 legibus,
938 2003 1144 2052 Procax
1165 2003 1378 2054 libertas
1398 2004 1581 2055 civita-

521 2084 627 2136 tem
648 2077 895 2129 miscuit.'
964 2079 1103 2129 Hinc
1139 2081 1444 2147 Philosophi
1464 2097 1580 2133 eru-

522 2161 919 2222 eresspotuerunt
937 2156 1173 2220 quaedam
1193 2158 1451 2223 principia
1473 2159 1585 2224 qui-

522 2230 619 2286 bus
637 2231 926 2281 innitantur
959 2231 1426 2284 demonstrationes
1456 2225 1587 2300 quas

489 2343 492 2344 γ
521 2306 827 2432 ‹ge-materia
849 2307 1195 2373 Philosophiae
1210 2310 1448 2376 subjecta
1462 2328 1584 2363 con-

562 2391 721 2435 ciant.

588 2456 615 2493 Β
645 2460 733 2510 Sic
750 2463 871 2526 quod
902 2461 1145 2527 proecipiti
1175 2464 1405 2530 via‚,85c.]
1440 2467 1586 2517 Prae-

524 2537 770 2602 cipitatio
793 2539 896 2588 alia
918 2547 1002 2589 est
1020 2542 1288 2604 corporis3
1322 2543 1426 2592 alia
1444 2557 1587 2594 meu·

527 2615 615 2666 tis.
678 2616 1046 2681 Praecipitatio
1069 2618 1325 2682 corporis,
1344 2619 1515 2683 inquit
1538 2622 1590 2672 S.

524 2687 745 2745 Thoma-
769 2697 820 2743 2.
843 2698 893 2743 2.
916 2709 966 2758 q.
988 2697 1074 2744 53.
1097 2710 1128 2744 a
1145 2696 1267 2745 &in
1297 2696 1395 2746 hoc
1420 2711 1590 2755 versa-

527 2760 636 2831 tur,
657 2767 795 2833 quod
828 2783 1018 2833 corpus
1033 2772 1049 2799 ‘
1069 2787 1101 2820 a
1123 2770 1376 2835 superiori
1409 2773 1463 2822 in
1487 2773 1590 2824 ima

528 2841 770 2907 pervenit
811 2845 1097 2896 secuudum
1138 2846 1389 2911 impetum
1430 2864 1590 2913 quen·

527 2920 649 2971 dam
681 2921 883 2988 proprii
918 2929 1107 2989 motus,
1131 2924 1216 2974 vel
1255 2924 1473 2988 alicujus
1496 2927 1589 2976 im-

1657 1311 1900 1375 pellentis
1935 1326 2038 1361 non
2076 1310 2316 1362 ordinate
2350 1309 2718 1362 descendendo

1658 1401 1754 1452 per
1775 1388 2001 1452 gradus!
2052 1388 2411 1452 Praecipitatio
2433 1403 2557 1439 vero
2579 1403 2723 1439 men-

1658 1466 1726 1516 tis
1747 1474 1829 1516 est
1861 1465 2302 1516 inconsideratum
2332 1466 2401 1515 de
2434 1464 2612 1529 ignoto
2633 1466 2719 1530 ju·

1658 1543 1884 1594 dicium:
1920 1544 2136 1593 interior
2175 1544 2370 1609 quippe
2414 1543 2526 1593 veri
2568 1543 2725 1593 certi·

1661 1636 1761 1685 que
1795 1622 1987 1686 judicii
2041 1622 2238 1684 regula,
2293 1626 2378 1670 est
2419 1619 2718 1670 evidentia:
2788 1643 2795 1652 ·

1661 1698 1772 1746 sine
1796 1712 1899 1761 qua
1931 1697 1974 1745 si
2010 1698 2326 1747 sententiam
2354 1695 2511 1759 ferat,
2531 1704 2623 1745 aut
2646 1710 2723 1745 er·

1662 1774 1819 1836 rabit,
1841 1780 1932 1824 aut
1965 1774 2169 1823 errandi
2204 1773 2493 1837 periculum
2527 1773 2724 1825 subibit

1660 1845 2003 1914 Philosophus
2024 1867 2037 1900 z
2063 1850 2298 1915 adeoque
2319 1851 2334 1876 ‘
2356 1849 2616 1914 proecipiti
2643 1851 2725 1899 via

1662 1934 1861 1977 certum
1894 1926 2138 1976 deserens
2169 1925 2401 1975 ordinem
2435 1927 2584 1974 laetos
2622 1940 2723 1975 non

1662 2002 1878 2053 habebit
1920 2001 2130 2052 exitus!
2199 2001 2306 2052 Hic
2352 2015 2509 2065 porro
2552 2003 2726 2066 agitur

1664 2094 1765 2129 non
1788 2079 1855 2128 de
1878 2079 2039 2143 priori
2061 2078 2151 2128 sed
2168 2078 2446 2142 posteriori
2469 2077 2724 2127 duntaxat

1666 2155 2116 2221 praecipitatione:
2152 2155 2344 2220 quaerit
2378 2156 2516 2205 enim
2553 2156 2726 2205 Philo·

1666 2232 1846 2297 sophia
1880 2232 2130 2295 remedia,
2161 2231 2348 2296 quibus
2383 2232 2497 2281 haec
2527 2230 2753 2281 mederi·

1667 2311 1834 2375 possit
1875 2308 2039 2358 menti
2077 2307 2288 2357 Boethii
2328 2307 2619 2357 laborantit
2658 2310 2727 2356 la-

1666 2387 1819 2438 borat
1855 2391 2026 2435 autem
2060 2398 2257 2447 errore,
2292 2384 2381 2449 qui
2418 2385 2588 2433 sanari
2626 2398 2730 2435 non

1668 2471 1860 2528 potest,
1880 2462 1976 2512 nisi
2001 2461 2224 2512 veritate
2248 2460 2528 2511 contraria.
2598 2460 2730 2510 Cum

1666 2539 1828 2602 igitur
1864 2540 2086 2603 primum
2120 2537 2358 2588 veritatis
2398 2536 2730 2589 inveniendae

1667 2615 2365 2682 impedimentumsadeoque
2394 2615 2559 2679 prima
2589 2628 2734 2664 erro-

1672 2697 1742 2745 ris
1786 2709 1943 2744 causa
1986 2693 2056 2742 sit
2109 2691 2482 2756 praecipitatio‚
2533 2692 2730 2756 optime

1667 2776 1844 2822 monet
1866 2768 2205 2833 Philosophia
2226 2782 2330 2816 non
2353 2781 2467 2817 esse
2492 2767 2732 2832 praecipi-

1670 2848 1883 2898 tandum
1907 2864 1922 2907 3
1956 2845 2048 2895 sed
2062 2860 2090 2893 a
2109 2843 2386 2895 levioribus
2403 2845 2628 2909 primum
2652 2859 2731 2894 re·

1671 2925 1852 2975 mediis
1875 2922 2244 2988 incipiendum.
2749 2924 2754 2932 '

1382 3392 1703 3458 PROSA
1753 3392 1885 3458 VI.

623 3561 944 3625 Palmum
1001 3560 1204 3642 igitur
1258 3560 1597 3642 paterisne
1655 3580 1781 3635 me
1817 3562 2129 3646 pauculis
2188 3556 2737 3644 rogationibus⁶¹

538 3668 791 3728 statum
840 3669 976 3728 tuae
1007 3662 1248 3728 mentis
1279 3663 1634 3747 attingere,
1668 3673 1874 3747 atque
1904 3671 2157 3730 tentare
2184 3688 2202 3748 ;
2248 3674 2321 3733 ut
2352 3668 2470 3749 qui
2499 3665 2738 3730 modus

559 3806 568 3879 ,Ι
600 3830 628 3865 ‘¹
664 3830 952 3889 Quibusdam
972 3832 1342 3897 quastianculis.
2698 3823 2735 3882 .'

1515 3931 1750 3983 ‘NOTAE

603 4025 622 4061 ¹
643 4026 1009 4093 Rogatianum]
1027 4043 1067 4082 1.
1083 4030 1418 4096 Philosophia
1438 4031 1598 4080 iuter·
1676 4045 1829 4095 quam
1850 4029 2010 4080 habet
2025 4029 2092 4078 de
2109 4029 2328 4079 materia
2346 4029 2637 4093 proposita,
2651 4045 2740 4080 no-

548 4112 701 4170 rogat
720 4105 997 4156 Boethium
1011 4124 1027 4157 t
1064 4108 1181 4173 quia
1203 4108 1355 4157 homo
1377 4108 1600 4157 interro·
1678 4110 1893 4170 tionem,
1915 4121 2184 4172 suamque,
2208 4106 2353 4170 cujus
2371 4107 2485 4169 ipse
2505 4107 2742 4157 conscius

537 4187 700 4246 ‘gatus
729 4181 864 4248 (nisi
905 4183 991 4233 hic
1043 4181 1208 4234 fuerit
1256 4197 1501 4247 praeccps
1545 4190 1603 4234 et
1681 4192 1784 4248 est,
1816 4185 1911 4234 hac
1952 4184 2015 4233 de
2044 4199 2100 4233 re
2144 4182 2457 4232 sententiam
2502 4182 2740 4245 profert:

544 4258 943 4321 amentissimus,
977 4258 1405 4325 quemadmodum
1436 4260 1604 4324 loqui·
1682 4263 1821 4327 unde
1857 4262 2061 4312 auditor
2111 4267 2287 4324 potest
2346 4260 2582 4325 quaedam
2641 4264 2744 4314 alia

545 4341 633 4385 tur
665 4334 884 4399 Cicero)
919 4336 1087 4386 animo
1116 4336 1346 4388 attendit
1375 4337 1441 4389 ad
1473 4353 1605 4398 eam,
1685 4339 1962 4392 conficere.
2029 4338 2118 4390 Sic
2140 4340 2154 4366 ‘
2174 4337 2431 4402 Socrates,
2451 4339 2536 4403 qui
2556 4354 2742 4403 parens
