3049 4928
967 399 1492 450 PHILOSOPHIAE
1541 400 1615 454 111
1627 401 1689 448 B.
1733 399 1845 456 111.

2377 379 2508 447 275

387 538 492 604 Tu
520 538 805 623 triplicis
831 538 1122 605 mediam
1149 544 1411 604 naturae
1431 547 1456 574 ³
1488 545 1740 604 'cuneta
1779 541 2156 603 moventem

380 640 807 708 Connectens
839 642 1131 707 animam
1160 662 1277 727 per
1309 661 1607 707 consona
1634 641 1931 706 membra
1958 640 2261 706 resolvis,

295 824 492 887 jungens
510 826 718 876 unimam
737 826 864 877 inter
885 832 1063 876 mentes
1099 826 1343 877 insensiles
1377 831 1425 877 et
1457 840 1657 890 corpora
1688 824 1880 874 sensilia
1912 824 2131 887 medium,
2161 830 2506 887 moventemque

304 891 470 953 omniu,
490 892 741 942 distribuis
760 895 952 943 eandem
970 908 1060 957 per
1080 891 1286 942 membru
1303 897 1628 953 consentanea,
1648 905 1754 955 quoe
1774 890 1929 939 nnuma
1943 889 2099 937 instar
2116 891 2320 956 corporis
2336 889 2504 956 liquidi

1292 1021 1515 1073 NOTAE

305 1139 462 1191 vicem
500 1140 815 1204 liberantur,
854 1147 912 1191 ut
946 1156 1080 1208 aqua
1124 1142 1365 1193 deorsum

305 1218 629 1283 subjiciatur,
652 1220 822 1270 oleum
858 1235 982 1271 vero
1005 1236 1207 1271 sursum
1241 1221 1367 1271 emi·

305 1301 456 1347 nest:
491 1296 830 1362 quamobrem
865 1305 1013 1348 reete
1034 1298 1368 1363 Philosophia

305 1371 476 1424 additz
506 1375 525 1402 ‘
556 1389 626 1424 ne
664 1375 845 1439 purior
881 1375 1013 1439 ignis
1038 1377 1245 1440 Evoiet,
1279 1383 1370 1427 aut

305 1463 491 1500 mersas
515 1450 784 1502 deducant
807 1454 1041 1517 pondera
1061 1456 1265 1507 terras.'

364 1534 389 1560 ⁸
415 1528 489 1578 Tu
533 1527 740 1592 triplicis
774 1531 978 1581 medium
1019 1537 1226 1596 nutura,
1261 1532 1367 1597 ξω]

307 1616 369 1654 11.
404 1602 602 1669 Agitur
642 1605 709 1656 de
746 1606 935 1671 spiritu
969 1608 1229 1674 Universi,
1261 1610 1366 1675 qui,

197 1731 202 1736 ,
306 1680 484 1744 positis
523 1681 656 1746 ipsis
691 1691 893 1734 naturae
929 1685 1149 1750 legibus,
1192 1688 1365 1739 statim

307 1758 704 1822 post'prodncta
727 1760 912 1811 Mundi
945 1764 1368 1815 elementa-nasei

306 1833 471 1887 debet.
537 1836 650 1887 Hic
687 1845 859 1889 autem
892 1839 1125 1903 spiritus,
1157 1841 1224 1892 de
1264 1856 1366 1906 quo

307 1912 451 1975 plura
472 1912 702 1963 diximus
734 1915 787 1964 in
820 1916 1052 1981 physica,
1070 1919 1258 1968 merito
1281 1919 1366 1969 hic

306 1988 509 2053 dicitur,
538 1995 590 2040 1.
627 1991 871 2057 ‘anima,'
902 1999 955 2044 2.
987 1995 1004 2024 ⁴
1031 1996 1248 2060 triplicis
1279 2011 1367 2045 na-

306 2073 432 2117 turae
485 2068 699 2132 media,’
746 2073 796 2121 3.
836 2071 853 2098 ⁴
894 2079 1088 2122 cuncta
1127 2073 1370 2137 movere:

306 2146 351 2194 4.
371 2144 389 2172 ‘
411 2158 441 2194 a
459 2145 580 2195 Deo
604 2146 885 2209 connecti,'
906 2154 955 2198 5.
984 2148 1001 2177 ‘
1021 2163 1117 2213 per
1139 2141 1367 2202 consona

306 2222 528 2272 membra
549 2223 783 2286 resolvi,'
812 2229 864 2275 6.
900 2225 915 2253 ⁸
943 2232 1089 2276 secta
1117 2227 1373 2288 circuire,⁸

307 2298 514 2363 primum
540 2299 753 2366 quidem
787 2315 885 2365 per
916 2302 1157 2367 majores,
1177 2302 1369 2355 deinde

305 2389 396 2439 per
415 2377 648 2428 minores
676 2378 857 2429 mundi
890 2381 1134 2443 vortices,
1166 2389 1221 2432 et
1254 2388 1368 2433 tnn-

307 2451 418 2505 dem
440 2453 507 2505 ad
533 2471 684 2505 snum
710 2457 905 2508 reverti
937 2458 1274 2524 principium,
1310 2467 1368 2512 ut

306 2529 398 2583 hoe
411 2533 657 2598 exemplo
675 2532 1077 2600 demonstretur,
1093 2537 1370 2601 bominem,

306 2607 391 2672 qui
416 2623 448 2658 a
466 2611 595 2659 Deo
616 2615 867 2674 tanquam
903 2626 933 2660 a
967 2612 1222 2675 principio
1250 2627 1370 2676 pro·

306 2683 474 2748 cessit,
510 2684 578 2735 ad
618 2686 789 2735 Deum
822 2689 1068 2754 tanquam
1103 2687 1170 2737 ad
1192 2687 1368 2749 finem,

307 2757 441 2811 facto
477 2762 704 2828 quodam
738 2764 982 2828 circuitu,
1025 2765 1369 2816 revocandum

307 2851 446 2890 esse:
480 2855 600 2905 qnae
624 2841 796 2890 omnia
827 2850 1099 2908 postquam
1129 2842 1370 2907 exposita

309 2910 522 2980 fuerint,
563 2917 581 2946 ‘
619 2917 705 2966 ilia
736 2919 964 2983 suscepti
1003 2919 1179 2983 operis
1218 2918 1370 2983 pars,’

308 3002 405 3041 non
427 2993 553 3057 erit,
575 2994 715 3044 sicut
737 2995 944 3055 Vallino
958 2995 1186 3062 videtur,
1205 2998 1221 3026 ‘
1238 2995 1372 3047 diffi-

308 3068 531 3122 cillima?
623 3071 856 3122 Primum
906 3073 1113 3138 quidem
1156 3075 1371 3139 spiritus

308 3141 392 3195 ille
429 3147 680 3199 Universi
718 3151 1020 3213 agnoscitur
1056 3167 1161 3203 non
1206 3152 1371 3204 solum

309 3234 340 3269 a
376 3224 535 3274 sacris
588 3226 886 3276 auctoribus
936 3228 1271 3280 Ecclesiastae
1323 3234 1372 3282 1.

310 3296 568 3351 ‘lustrans
594 3302 834 3353 universa
867 3303 918 3352 in
952 3305 1173 3355 circuitu
1198 3308 1373 3372 pergit

308 3374 519 3437 spiritns
534 3377 659 3428 etin
677 3378 899 3428 circulos
912 3394 1029 3430 snos
1041 3382 1323 3432 revertitur
1337 3382 1371 3445 ς’

309 3452 395 3502 sed
434 3454 598 3506 etiam
650 3471 680 3504 a
729 3456 978 3521 profanis,
1030 3465 1089 3509 ut
1130 3460 1372 3523 Platone,

312 3528 616 3596 Aristotele,
655 3535 990 3602 pluribusque
1021 3537 1165 3587 aliis:
1199 3538 1372 3589 citabo

311 3620 462 3657 unum
496 3609 795 3674 Virgilium,
830 3613 917 3677 qui
950 3626 1027 3664 vr.
1063 3613 1263 3665 AEneid.
1299 3630 1371 3667 vs.

311 3686 419 3735 ⁷84.
441 3685 609 3748 canit,
633 3687 648 3713 ‘
672 3687 940 3752 Principio
960 3691 1168 3756 coelum,
1189 3707 1252 3742 ac
1268 3698 1374 3741 ter-

312 3772 414 3824 ras,
460 3778 777 3830 camposque
831 3767 1111 3832 liquentes,
1170 3770 1373 3819 Lucen-

312 3841 519 3903 temqne
577 3841 787 3904 globum
836 3844 1018 3906 Lunoe,
1060 3845 1375 3910 Titaniaque

318 3920 453 3963 astra
475 3915 702 3978 Spiritus
721 3918 861 3969 intus
885 3920 998 3984 alit,
1016 3927 1283 3987 totamque
1302 3924 1376 3971 in·

314 3986 426 4039 fusa
443 4005 540 4056 per
562 4000 704 4044 artus
723 3996 878 4046 Mens
903 3998 1068 4063 agitat
1096 4000 1300 4064 molem,
1320 4004 1377 4050 et

318 4077 500 4131 magno
532 4085 589 4119 se
612 4085 833 4136 corpore
859 4075 1060 4126 miscet.
1128 4075 1261 4127 Inde
1283 4077 1374 4126 ho·

314 4143 504 4195 minum
538 4149 902 4215 pecudumque
935 4167 1115 4216 genus,
1147 4155 1378 4219 vitaeque

320 4220 603 4285 volantum,
649 4227 720 4276 Et
768 4242 882 4292 quae
935 4243 1225 4296 marmoreo
1269 4229 1377 4280 fert

319 4307 549 4351 monstra
572 4303 665 4353 sub
687 4318 897 4370 aequore
920 4312 1131 4371 pontus.
1184 4306 1375 4372 Igneus

1443 1146 1529 1191 est
1548 1140 1662 1191 ollis
1686 1139 1833 1206 vigor
1852 1146 1909 1192 et
1937 1138 2160 1190 coelestis
2183 1138 2326 1203 origo
2343 1139 2505 1189 Semi·

1444 1217 1622 1269 nibus:
1672 1223 1918 1282 quantum
1953 1232 2056 1266 non
2093 1216 2249 1265 noxia
2287 1231 2508 1280 corpora

1444 1294 1674 1357 tardant,
1707 1293 2026 1359 Terreniqne
2063 1291 2312 1344 hebetant
2339 1300 2506 1355 artus,

1448 1371 1858 1436 moribundaque
1912 1372 2160 1423 membra.
2214 1372 2357 1422 Hine
2404 1385 2511 1420 me-

1451 1457 1608 1501 tuunt
1650 1449 1992 1515 cupiuntque,
2030 1448 2210 1500 dolent
2255 1448 2508 1513 gaudent-

1449 1542 1577 1593 que:
1628 1541 1726 1577 nec
1763 1540 1913 1576 auras
1951 1525 2276 1590 Respiciunt,
2315 1526 2507 1575 clausae

1450 1605 1679 1656 tenebris
1717 1611 1775 1655 et
1810 1618 2021 1655 earcere
2057 1602 2235 1654 caeco!
2299 1602 2508 1653 Deinde

1449 1683 1587 1734 idem
1612 1683 1827 1747 spiritus
1853 1689 2000 1733 recte
2034 1682 2229 1732 dicitur
2249 1681 2266 1709 ‘
2284 1680 2452 1731 anima
2470 1697 2483 1730 ε
2499 1684 2513 1706 ’

1449 1776 1568 1811 cum
1606 1762 1741 1810 enim
1776 1766 1792 1791 ⁶
1814 1760 2012 1810 anima'
2034 1759 2236 1809 dicatur
2264 1757 2331 1807 ab
2363 1758 2381 1785 ‘
2401 1757 2509 1806 aui·

1446 1840 1600 1905 mns,’
1621 1840 1705 1890 hie
1734 1840 1800 1889 ab
1833 1838 2002 1900 ἄνεμος
2035 1844 2251 1898 ventus;
2286 1852 2509 1902 cumque

1448 1926 1634 1969 ventus
1674 1918 1910 1983 qnaedam
1945 1918 2014 1966 sit
2047 1915 2251 1966 occulta
2286 1914 2510 1977 plurium

1446 2004 1676 2047 motuum
1701 2010 1886 2056 causa3
1923 2001 2205 2059 propterea
2228 2007 2347 2042 usus
2379 1992 2508 2041 obti-

1446 2074 1581 2137 nuit,
1617 2078 1675 2123 ut
1705 2073 1916 2123 insitum
1940 2072 2299 2134 occultumque
2325 2083 2509 2133 peren·

1449 2151 1532 2201 nis
1576 2158 1632 2200 et
1675 2151 1993 2200 continuatae
2039 2147 2280 2198 motionis
2325 2146 2516 2210 princi-

1448 2227 1591 2291 pium
1626 2233 1901 2276 vocaretur
1935 2227 1950 2254 ‘
1973 2224 2199 2275 animaz'
2231 2222 2512 2288 praedictus

1449 2312 1626 2355 autem
1660 2303 1869 2367 spiritus
1900 2303 1974 2353 ita
2005 2316 2064 2352 se
2096 2301 2276 2364 habet,
2307 2314 2409 2349 non
2434 2313 2515 2349 so·

1448 2382 1553 2431 lum
1588 2382 1643 2430 in
1678 2381 1869 2445 plantis
1902 2385 1956 2429 et
1988 2378 2187 2440 bestiis,
2206 2377 2298 2427 sed
2321 2377 2372 2425 in
2397 2376 2513 2440 ipso

1448 2475 1652 2526 quoque
1670 2459 1896 2520 homine,
1914 2457 1968 2509 in
1989 2472 2092 2523 qno
2106 2470 2269 2519 mens,
2288 2454 2400 2505 sine
2424 2453 2515 2505 illo

1449 2538 1636 2602 spiritu
1657 2535 1960 2597 famulante,
1983 2549 2163 2585 manus
2185 2540 2243 2584 et
2265 2532 2425 2597 pedes
2446 2531 2513 2582 ad

1449 2622 1632 2663 nutum
1656 2627 1864 2664 movere
1881 2626 1983 2661 non
2003 2617 2193 2675 potest.
2242 2609 2515 2658 Praeterea

1448 2692 1561 2739 hoee
1596 2689 1768 2738 anima
1796 2687 1996 2738 dicitur
2029 2688 2046 2714 ‘
2072 2686 2291 2750 triplicis
2315 2692 2513 2735 naturae

1449 2764 1684 2815 mediaz’
1721 2778 1825 2814 non
1864 2763 2004 2828 quod
2046 2777 2112 2812 ex
2146 2760 2311 2811 insitis
2347 2760 2512 2810 tribus

1451 2841 1726 2892 elementis
1789 2845 2017 2902 constet,
2083 2836 2514 2904 quemadmodum

1453 2925 1643 2984 putare
1675 2922 1889 2981 possent
1920 2916 1996 2966 ilii
2032 2916 2353 2980 Philosophi,
2387 2930 2514 2982 quos

1449 3011 1520 3046 ex
1566 3001 1681 3045 arte
1722 3001 1915 3045 vocant
1960 2993 2257 3058 chymicos,
2294 2999 2388 3042 ant
2428 2991 2515 3041 aiii

1450 3087 1583 3138 quos
1619 3080 1838 3137 propter
1869 3072 2055 3122 ducem
2093 3071 2359 3135 appellant
2395 3070 2519 3120 Car·

1453 3150 1701 3215 tesianos,
1721 3148 1907 3215 quibus
1934 3150 2032 3200 tria
2056 3154 2179 3198 sunt
2199 3147 2387 3198 Mundi
2410 3149 2514 3199 ele2

1453 3232 1651 3291 menta,
1694 3227 1788 3277 sed
1831 3226 2007 3292 potins
2051 3225 2191 3291 quod
2240 3240 2306 3274 ex
2351 3225 2518 3275 tribus

1454 3306 1629 3369 rebus,
1663 3319 1789 3371 quas
1824 3304 2046 3354 naturali
2079 3304 2270 3354 lumine
2305 3318 2518 3369 cognos-

1453 3399 1577 3435 cere
1599 3398 1885 3448 possnmus,
1905 3385 2015 3433 hoee
2039 3384 2209 3433 anima
2229 3399 2333 3434 nna
2355 3383 2442 3447 sit,
2462 3390 2519 3434 et

1454 3461 1662 3527 quidem
1698 3462 1895 3513 media:
1944 3461 2357 3526 quandoquidem
2403 3463 2518 3510 haec

1452 3540 1639 3590 media·
1657 3547 1741 3589 est
1777 3539 1914 3588 inter
1946 3543 2174 3589 mentem
2206 3539 2527 3599 insensiiem,

1453 3624 1512 3668 et
1533 3632 1722 3684 eorpus
1743 3617 1953 3681 sensile;
1985 3624 2044 3668 ut
2060 3626 2134 3680 et,
2155 3616 2319 3668 instar
2339 3631 2521 3681 corpo-

1453 3696 1523 3747 ris
1554 3697 1775 3760 sensilis,
1806 3697 1875 3747 sit
1902 3711 1985 3747 res
2018 3710 2405 3763 quoquoversus
2428 3710 2522 3745 ex·

1454 3780 1625 3837 tensa,
1657 3788 1826 3837 capax
1858 3773 2057 3838 figuroe,
2085 3773 2292 3838 quietis,
2327 3779 2383 3822 et
2414 3786 2520 3822 mo-

1455 3855 1560 3912 tus,
1592 3857 1665 3913 et,
1700 3849 1864 3900 instar
1896 3851 2084 3900 mentis
2118 3850 2389 3912 insensilia,
2408 3862 2522 3899 sen·

1455 3940 1568 3974 sum
1602 3923 1808 3990 fugiens
1846 3926 2176 3991 pluriumque
2216 3924 2517 3975 effectorum

1453 4002 1806 4067 principium:
1872 4010 2159 4067 propterea
2212 4018 2242 4052 u
2294 4001 2517 4065 Virgilio

1455 4093 1616 4142 snpra
1653 4084 1867 4129 vocatur
1899 4085 1915 4110 ⁴
1938 4079 2177 4144 spiritus'
2212 4084 2268 4130 et
2299 4081 2317 4108 ‘
2340 4076 2524 4127 mens!

1457 4155 1566 4204 Hie
1598 4155 1733 4205 enim
1771 4155 1878 4206 dici
1908 4157 2081 4220 potuit
2109 4157 2125 4184 ‘
2149 4156 2319 4205 anima
2349 4154 2523 4203 media

1456 4232 1677 4295 triplicis
1711 4233 1953 4292 naturae,'
1987 4233 2124 4282 sicut
2156 4231 2243 4280 lib.
2263 4234 2329 4279 u.
2351 4230 2442 4280 Pr.
2469 4233 2523 4278 3.

1458 4307 1655 4359 dicitur
1689 4310 1705 4337 ‘
1731 4309 1949 4360 duorum
1973 4308 2172 4359 medius
2188 4305 2525 4369 Consulum3’
