3049 4928
468 417 471 420 ’
555 419 687 491 380
1246 435 1549 486 non‘rfflx
1602 436 1697 484 un
1744 434 2065 485 consen:

554 583 762 648 ullum
791 579 1121 648 libertatis
1141 580 1510 648 arbitrium.
1579 579 1759 645 Nam
1782 581 1842 644 si
1871 586 2117 646 cuncta
2135 578 2465 665 prospicit
2492 581 2732 658 Deus,¹

553 704 769 769 neque
797 684 939 748 falli
998 684 1134 748 ullo
1193 684 1397 749 modo
1449 688 1700 767 potest,
1756 685 2019 748 evenire
2075 703 2353 748 neeesse
2402 690 2506 747 est
2560 684 2733 766 quod

554 786 989 852 Providentia
1017 785 1308 850 futurum
1348 805 1499 849 esse
1549 786 1948 869 praeviderit.
2039 787 2266 867 Quare
2294 788 2351 850 si
2383 788 2469 850 ab
2502 793 2737 851 aeterno

549 910 682 955 non
709 890 889 955 faeta
913 888 1253 953 hominum
1277 890 1502 969 modo,
1528 890 1646 954 sed
1669 891 1877 955 etiam
1899 891 2202 970 consilia,
2228 893 2734 973 voluntatesque

547 995 924 1076 praenoscit,
949 994 1129 1058 nulla
1150 994 1273 1057 erit
1301 993 1555 1058 arbitrii
1572 993 1882 1059 libertas:
1922 1013 2138 1078 neque
2158 994 2330 1057 enim
2362 994 2463 1058 vel
2485 992 2730 1057 factum

551 1094 731 1158 aliud
790 1096 1023 1174 ullum,
1071 1097 1180 1160 vel
1231 1095 1548 1178 quaelibet
1593 1095 1883 1161 existere
1932 1096 2178 1179 poterit
2223 1096 2563 1174 voluntem,
2610 1094 2768 1158 nisi⁴

548 1217 752 1281 quam
785 1198 1016 1262 nescia
1062 1198 1208 1263 falli
1251 1198 1694 1265 Providentia
1741 1200 1965 1264 divina
2015 1201 2465 1285 praesenserit.
2559 1198 2736 1263 Nam

550 1301 610 1366 si
648 1320 754 1365 res
799 1299 1114 1367 aliorsum
1138 1301 1186 1341 ¹⁸
1249 1322 1450 1386 quam
1494 1304 1792 1387 provisae
1838 1312 2019 1382 sunt,
2066 1303 2446 1387 detorqueri
2494 1302 2733 1377 valent,

546 1422 679 1467 non
698 1404 840 1489 jam
870 1407 992 1470 erit
1022 1412 1032 1483 g
1041 1406 1253 1470 futuri
1296 1406 1491 1472 firma
1535 1409 2008 1491 praescientia:
2076 1407 2194 1473 sed
2226 1407 2452 1491 opinio
2501 1408 2732 1490 potius

546 1506 841 1574 incerta:
912 1510 1096 1593 quod
1156 1511 1238 1576 de
1288 1512 1439 1577 Deo
1480 1510 1672 1576 nefas
1724 1509 1988 1576 credere
2018 1515 2069 1561 ¹⁹
2124 1508 2381 1594 judico.
2493 1508 2734 1594 Neque

546 1611 722 1675 enim
751 1600 932 1677 illam
961 1615 1176 1697 probo
1205 1616 1530 1679 rationem
1551 1621 1581 1660 5
1645 1634 1778 1698 qua
1826 1634 1901 1678 se
1932 1614 2206 1698 quidam
2253 1613 2528 1677 credunt
2561 1613 2731 1678 hune

544 1715 935 1796 quaestionis
964 1717 1208 1782 nodum
1236 1721 1446 1802 poss'e
1476 1717 1863 1784 dissolvere.
1950 1716 2163 1782 Aiunt
2191 1717 2388 1794 enim,
2418 1736 2552 1780 non
2581 1716 2726 1781 ideo

544 1814 704 1898 quid
736 1836 881 1881 esse
904 1825 960 1855 ²0
1015 1826 1420 1899 eventurum,
1473 1823 1789 1905 quoniam
1842 1820 1913 1884 id
1963 1813 2397 1884 Providentia
2443 1818 2728 1883 futurum
2812 1816 2821 1834 “

542 1937 694 1982 esse
752 1923 1210 2003 prospexerit:
1278 1923 1397 1987 sed
1449 1944 1487 1987 e
1536 1923 1866 1990 contrario
1913 1922 2156 2005 potiuS,
2205 1922 2522 2004 quoniam
2571 1920 2727 2005 quid

540 2021 835 2087 futurum
865 2031 985 2102 est,
1039 2025 1108 2089 id
1140 2026 1436 2091 divinam
1471 2025 1969 2091 Providentiam
2016 2027 2223 2089 latere
2259 2044 2389 2087 non
2421 2026 2677 2108 possit:
2703 2031 2722 2060 ¹

547 2143 762 2208 eoque
795 2128 999 2192 modo
1045 2132 1498 2194 necessarium
1553 2136 1705 2208 est‚²
1776 2129 1906 2193 hoc
1955 2130 2019 2192 in
2067 2128 2468 2191 contrariam
2522 2125 2721 2190 relabi

539 2232 843 2309 partem!
935 2229 1176 2315 Neque
1222 2234 1398 2297 enim
1440 2251 1720 2297 necesse
1760 2237 1900 2297 est³
1948 2231 2333 2312 contingere
2385 2249 2537 2313 quae
2581 2243 2723 2312 pro-

539 2327 888 2396 videntur:
952 2333 1073 2398 sed
1121 2354 1395 2400 necesse
1437 2342 1567 2413 est,
1625 2355 1777 2419 quae
1825 2334 2044 2399 futura
2098 2340 2274 2412 sunt,
2298 2340 2329 2380 4
2371 2330 2718 2417 provideri.

532 2556 539 2560 .
602 2515 629 2549 9
664 2507 774 2557 Non
794 2509 899 2558 ideo
919 2511 1099 2573 aliquid
1109 2511 1337 2571 futurum
1356 2476 1475 2576 quod
1497 2512 1631 2561 Deus
1650 2511 1703 2560 id
1719 2510 2039 2576 mmmm-it,
2057 2511 2140 2559 sed
2162 2514 2324 2559 contra
2350 2509 2506 2558 Deum
2527 2507 2580 2557 id
2604 2522 2721 2572 γνω-

530 2573 727 2624 sensim
745 2576 962 2637 quoniam
980 2576 1204 2636 futurum
1221 2582 1343 2629 erat.

1440 2672 1709 2692 ‘OOOOO‘O‘
1716 2671 1802 2692 ‘UO

530 2751 574 2798 si
595 2751 818 2800 aliorsum
835 2768 851 2801 .·
885 2723 1056 2804 bene!
1098 2755 1407 2807 Vallum—19
1444 2756 1647 2805 Credere
1668 2753 1802 2815 nefus
1823 2754 2011 2816 Delph.
2039 2752 2341 2802 nach—20
2376 2752 2489 2799 Nmt
2510 2766 2607 2800 esse
2623 2750 2720 2799 ideo

531 2816 643 2876 quid
665 2816 786 2865 edd.
808 2818 1116 2868 eaedem.-l
1152 2822 1278 2869 Mss.
1299 2829 1354 2870 et
1376 2820 1496 2870 edd.
1516 2819 1749 2870 Norimb.
1772 2818 1965 2881 Delph.
1998 2817 2164 2866 Huck.
2197 2832 2288 2866 novt
2306 2821 2557 2879 possa—2
2593 2816 2718 2865 Edd.

531 2881 724 2945 Delph.
748 2891 805 2932 et
827 2882 995 2933 Haek.
1016 2886 1263 2935 omittunt
1283 2886 1517 2936 voculam
1540 2889 1724 2936 este—8
1761 2885 1966 2934 Necesse
1994 2898 2093 2932 esse
2120 2881 2240 2931 edd.
2280 2880 2597 2930 eaedem—4
2634 2883 2718 2931 Ne·

1519 2996 1741 3047 NOTAE

593 3091 621 3122 ¹
655 3090 786 3141 Nam
817 3092 860 3142 si
878 3100 1046 3144 cuncta
1062 3095 1293 3160 prospicit
1314 3096 1468 3160 Deus,
1485 3097 1591 3161 ἅμα]
1669 3094 2124 3159 praesentiumque,
2150 3108 2327 3145 verum
2352 3092 2507 3144 etiam
2523 3091 2712 3142 futuro·

530 3182 570 3217 1.
589 3167 894 3220 Generatim
916 3172 1163 3237 probatur
1186 3174 1442 3239 praedicta
1463 3189 1588 3224 con·
1667 3187 1777 3221 rum
1797 3171 2040 3235 cognitio,
2062 3173 2105 3220 si
2127 3172 2237 3221 haec
2269 3177 2485 3236 possunt
2515 3179 2717 3219 autnon

527 3245 707 3294 cordia
729 3260 830 3295 non
865 3263 1013 3310 posse
1037 3257 1210 3301 stare:
1245 3251 1367 3317 quia
1387 3266 1505 3302 eum
1528 3250 1591 3300 li·
1669 3246 1897 3298 existere
1921 3254 2012 3297 ant
2043 3248 2162 3311 alio,
2179 3262 2330 3311 quam
2354 3263 2455 3312 quo
2478 3249 2716 3303 existunt,

527 3320 703 3371 bertas
739 3324 956 3375 hominis
979 3328 1208 3390 viatoris,
1250 3336 1307 3379 ut
1331 3329 1444 3393 jam
1478 3328 1588 3378 dic·
1666 3323 1821 3373 modo
1870 3323 2119 3387 existere,
2158 3324 2331 3373 divina
2382 3324 2717 3375 Providentia

527 3403 638 3447 turn
671 3407 772 3460 est,
814 3408 870 3451 et
913 3405 1242 3466 experientia
1268 3406 1587 3470 quotidiana,
1666 3415 1770 3451 non
1793 3399 1897 3450 erit
1920 3401 2203 3465 praesensio
2225 3401 2460 3463 evidens,
2486 3400 2713 3466 adeoque

525 3472 628 3536 ipsi
647 3474 882 3526 Ciceroni
905 3480 1201 3545 ceterisque
1225 3483 1438 3545 paganis
1460 3490 1586 3535 nota
1663 3483 1832 3545 firma,
1854 3489 1910 3532 et
1931 3479 2044 3531 falli
2065 3481 2243 3532 nescia
2262 3497 2278 3542 ς
2310 3480 2402 3531 sed
2432 3481 2610 3546 potius
2630 3479 2716 3530 ob-

527 3548 881 3614 confirmatur,
905 3554 975 3602 sit
1003 3552 1225 3609 facultas
1257 3557 1324 3606 ad
1351 3560 1583 3609 utrumli-
1664 3574 1834 3622 seura,
1871 3559 2091 3621 ineerta,
2141 3564 2197 3608 et
2240 3559 2403 3609 errori
2460 3557 2707 3617 obnoxiu

525 3627 638 3690 bet,
675 3639 957 3693 propterea
980 3631 1122 3695 quod
1146 3634 1219 3684 ita
1241 3636 1588 3685 necessarium
1662 3636 1800 3704 quod
1827 3636 1892 3685 de
1917 3637 2034 3686 Deo
2058 3636 2293 3700 cogitare
2315 3633 2485 3684 nefas.

525 3712 624 3765 est,
647 3711 704 3755 nt
741 3712 830 3755 aut
866 3707 1178 3773 nullatenus,
1201 3715 1292 3758 ant
1328 3723 1428 3759 non
1461 3711 1584 3774 alio,
1725 3720 1749 3755 1
1783 3712 1949 3775 Neque
1978 3712 2104 3762 enim
2136 3713 2270 3762 illem
2295 3710 2439 3775 probo
2471 3711 2714 3775 ratium,

523 3796 677 3845 quam
698 3798 799 3847 quo
816 3783 998 3835 existit
1019 3785 1190 3850 modo,
1212 3786 1438 3837 existere
1461 3803 1582 3852 pos·
1661 3790 1765 3854 εγω]
1795 3788 2044 3839 Boethius
2084 3788 2181 3839 sibi
2203 3788 2410 3853 objicit,
2431 3788 2572 3852 quod
2595 3801 2713 3837 non-

524 3858 613 3920 sit,
653 3859 781 3909 illud
814 3860 1008 3910 homini
1051 3876 1152 3912 nou
1190 3868 1273 3913 est
1327 3862 1580 3925 liberum3
1661 3867 1790 3916 nulli
1813 3866 2130 3930 respondere
2166 3867 2334 3917 solent
2366 3866 2430 3916 ad
2473 3867 2712 3916 tuendam

523 3936 759 4002 adeoque
794 3938 939 3989 eirea
969 3939 1095 3990 illud
1132 3941 1272 3991 nulla
1305 3950 1390 3991 est
1422 3942 1582 4006 ipsius
1662 3941 1969 4007 praedietam
2034 3943 2380 4007 concordiam,
2449 3943 2711 4005 videlicet,

522 4014 736 4067 heminis
753 4015 986 4066 libertas.
1052 4017 1234 4083 Atqui,
1256 4018 1429 4083 posita
1450 4019 1582 4068 divi·
1661 4020 1677 4048 ‘
1698 4034 1800 4069 non
1836 4020 2058 4070 divinam
2090 4019 2479 4070 Providentiam
2514 4018 2707 4069 futuro-

521 4107 594 4143 οι
630 4090 990 4158 Providentia,
1028 4095 1199 4145 omnia
1229 4092 1390 4157 facta,
1421 4093 1581 4158 dicta,
1660 4110 1774 4144 rum
1798 4103 2100 4156 eventuum,
2133 4095 2226 4146 sed
2260 4094 2467 4146 futuros
2498 4104 2709 4146 eventus

522 4168 856 4235 cogitatuque
874 4169 1091 4220 hominis
1113 4170 1186 4219 ita
1204 4184 1262 4219 se
1281 4169 1580 4224 habebunt:
1659 4172 1852 4225 diviuae
1875 4173 2231 4223 Providentia
2253 4188 2364 4222 esse
2381 4182 2588 4223 eausam
2609 4188 2622 4221 t
2646 4186 2705 4222 ex

521 4262 638 4301 eum
658 4248 795 4301 enim
831 4248 1008 4298 divina
1039 4247 1379 4299 Providentia
1400 4248 1470 4298 sit
1490 4248 1579 4299 ho·
1664 4264 1767 4314 quo
1802 4251 2056 4315 seqnitur,
2078 4249 2305 4299 divinam
2327 4250 2708 4301 Providentiam

520 4338 632 4375 rum
646 4325 872 4376 omnium
884 4340 989 4376 uon
999 4326 1162 4377 solum
1175 4325 1581 4390 praeteritorum,
1663 4326 1857 4392 potius,
1879 4341 2033 4393 quam
2053 4325 2284 4380 futurum
2316 4333 2576 4391 eventum,
2599 4338 2701 4377 esse
