3049 4928
532 377 666 442 468

432 533 439 537 ’
531 543 613 586 est
665 535 877 600 reliquae
922 542 1093 597 terrae,
1140 535 1183 584 si
1233 535 1442 599 jaceatz
1500 549 1597 583 usu

531 613 724 663 crescit
756 611 821 661 ad
856 612 1097 675 pretium,
1121 611 1330 675 quando
1368 616 1426 660 et
1456 608 1598 674 apud

532 688 674 738 vivos
695 688 903 750 sepulta
922 695 1043 737 sunt
1067 702 1182 752 quae
1206 687 1466 737 tenacium
1489 700 1598 736 ma·

528 764 679 814 nibus
702 763 1080 813 includuntur!
1140 764 1279 813 Vide
1299 771 1356 812 et
1377 764 1597 813 Pindar-

529 842 711 891 Istbm.
738 840 845 891 od.
872 855 910 894 1.
935 839 1169 890 Martial.
1190 840 1284 892 lib.
1309 854 1418 890 111.
1444 841 1597 905 Epig.

530 930 655 967 mn.
688 916 862 966 Sitzm.

605 995 713 1045 Vox
734 994 919 1057 quidem
941 998 1046 1043 tota
1076 994 1274 1057 puriter
1311 995 1501 1043 multor.
1520 1008 1595 1043 re·

522 1074 626 1137 plet
666 1070 904 1133 auditum]
955 1070 1229 1120 Lucretius
1254 1070 1347 1120 lib.
1370 1085 1450 1121 ιν.
1495 1085 1598 1135 quo

529 1164 709 1199 vocem
755 1163 872 1198 esse
903 1163 1213 1213 corpoream
1251 1149 1599 1199 comminisci-

531 1232 650 1275 tur:
686 1227 702 1254 ‘
723 1226 995 1276 Praeterea
1016 1224 1248 1274 edictum
1275 1240 1416 1289 saepe
1439 1240 1596 1275 unum

528 1302 732 1366 perciet
787 1315 936 1350 aures
994 1301 1255 1351 Omnibus
1299 1301 1355 1349 in
1401 1302 1596 1365 populo

528 1379 741 1428 missum
783 1376 1039 1440 praeconis
1071 1377 1139 1428 ab
1162 1392 1286 1427 ore:
1323 1377 1385 1426 In
1405 1379 1596 1427 multas

527 1455 691 1519 igitur
727 1468 884 1504 voces
910 1468 1009 1504 vox
1032 1468 1136 1503 uua
1158 1459 1379 1517 repente
1422 1450 1593 1502 Diffu-

528 1534 624 1597 git,
645 1533 698 1582 in
722 1532 897 1596 privas
935 1532 1175 1596 quoniam
1204 1544 1260 1579 se
1296 1528 1485 1579 dividit
1505 1544 1592 1578 au-

531 1625 648 1672 res3
685 1610 983 1673 Obsiguans
1023 1607 1214 1657 famam
1258 1607 1453 1668 verbis,
1491 1608 1594 1657 cla·

529 1701 750 1752 rumque
773 1684 1052 1736 sonorem.'
1086 1685 1238 1735 Idem.

600 1764 839 1827 Pauperes
881 1776 1066 1811 necesse
1100 1767 1171 1811 est
1194 1761 1413 1823 faciunt]
1452 1760 1589 1811 Pub.

527 1841 723 1904 Syrus:
755 1837 771 1866 ‘
793 1839 1014 1887 Lucrum
1033 1838 1145 1886 sine
1167 1837 1355 1886 damno
1376 1837 1593 1887 alterius

526 1916 642 1966 fieri
664 1929 766 1964 non
792 1919 1002 1978 potest.’
1035 1913 1187 1964 Idem.

591 1993 674 2043 An
701 2006 995 2054 gemmarum
1015 1991 1206 2055 fulgor]
1239 1993 1326 2041 De
1348 1993 1592 2042 Gemma-

529 2084 646 2120 rum
667 2068 896 2119 vanitate
917 2069 1263 2118 Tertullianus
1297 2069 1364 2118 de
1392 2069 1591 2119 Habitu

529 2146 756 2197 Mulieb.
796 2153 854 2196 et
875 2144 1062 2196 Alcim.
1099 2145 1286 2196 Avitus
1321 2146 1400 2194 bis
1433 2144 1594 2195 versi·

528 2223 659 2272 bus:
696 2221 970 2287 ‘Negligit
1008 2223 1091 2271 hic
1132 2220 1321 2271 virides
1363 2222 1593 2285 riparum

529 2315 708 2364 margo
726 2301 952 2364 lapillos,
977 2301 1044 2349 Et
1067 2315 1195 2365 quas
1215 2299 1433 2348 miratur
1446 2312 1595 2348 mun-

528 2379 582 2428 di
596 2379 862 2443 jactantia
884 2376 1146 2442 gemmas!
1182 2378 1333 2427 Idem.

597 2458 729 2514 Quid
764 2461 834 2507 est
871 2456 997 2506 enim
1036 2471 1202 2506 carens
1236 2454 1409 2504 anime
1442 2454 1597 2518 motu]

528 2533 665 2584 Vide
702 2534 768 2582 B.
806 2533 1086 2597 Augustin.
1121 2534 1214 2583 lib.
1253 2547 1316 2584 11.
1351 2535 1438 2584 De
1479 2533 1594 2585 Cim

526 2610 653 2672 Dei,
675 2625 790 2673 cap.
813 2614 894 2658 16.
930 2610 1082 2659 Idem.

588 2688 830 2748 Agrorum
845 2687 1112 2749 pulcritudo
1125 2702 1209 2736 vos
1221 2687 1443 2750 delectae]
1457 2687 1597 2738 Quo·

529 2764 682 2814 modo
700 2763 944 2813 Socrates
966 2762 1161 2813 fastum
1184 2763 1493 2824 Alcibiadis,
1515 2763 1594 2811 di-

528 2841 679 2889 vitias
703 2840 997 2903 multosque
1023 2854 1174 2900 agros
1190 2838 1498 2902 possidentis
1514 2853 1594 2888 re-

528 2915 746 2978 tuderit,
802 2917 921 2980 lege
960 2916 1100 2978 apud
1144 2915 1331 2965 AEliau.
1372 2915 1460 2965 lib.
1498 2929 1592 2965 ιιι.

528 2999 652 3046 Var.
680 2996 820 3046 Hist.
842 3010 960 3059 cap.
983 2999 1066 3045 28.
1102 2995 1255 3044 Idem.

592 3074 685 3121 Est
699 3071 823 3121 enim
837 3071 1108 3134 pulcerrimi
1125 3069 1281 3134 operis
1302 3072 1466 3134 pulcra
1479 3084 1591 3133 por-

526 3147 620 3210 tio]
654 3148 793 3198 Vide
818 3149 984 3199 Andr.
1007 3149 1359 3214 Tiraquellurn
1388 3148 1456 3196 de
1482 3148 1593 3196 No·

524 3225 734 3275 bilitate
760 3241 876 3288 cap.
899 3230 982 3275 30.
1010 3225 1361 3288 phocylides:
1379 3224 1594 3289 Χρηΐζων

530 3299 757 3362 πλούτου,
766 3300 975 3362 μελέτην
985 3299 1071 3364 ἔχε
1085 3301 1243 3352 πίονος
1251 3303 1412 3365 ἀγροῦ·
1423 3301 1595 3365 Ἀγρὸν

527 3377 625 3443 ’γάρ
641 3397 698 3428 τε
718 3377 948 3440 λέγουσιν
980 3378 1261 3441 Ἀμαλθείας
1292 3377 1428 3442 κέρας
1460 3376 1590 3429 εἶναι.

529 3457 683 3507 Quod
710 3456 1083 3519 Phocylideum
1122 3456 1248 3505 nibil
1278 3458 1378 3506 loci
1411 3456 1593 3505 habuit

527 3531 666 3593 apud
703 3537 911 3580 veteres
945 3530 1255 3593 Germanos,
1290 3533 1355 3580 de
1405 3531 1593 3597 quibus

529 3607 708 3656 Caesar
740 3612 790 3656 6.
826 3608 914 3663 De
938 3608 1091 3656 Bello
1110 3607 1335 3658 Gallico.
1368 3609 1520 3657 Idem.

593 3682 680 3731 Sic
694 3683 873 3745 coelum,
887 3682 1063 3743 sideru,
1078 3684 1158 3744 ⁸5⁶·
1179 3682 1426 3745 miramur]
1453 3682 1594 3732 Vide

528 3773 646 3822 quae
674 3759 966 3807 notavimus
991 3757 1057 3807 ad
1080 3758 1242 3807 Metr.
1280 3764 1328 3810 2.
1359 3775 1436 3810 vs.
1470 3764 1517 3809 8.
1538 3765 1594 3808 et

527 3840 576 3885 9.
601 3836 693 3885 lib.
719 3850 758 3886 1.
793 3836 946 3885 Idem.

595 3914 734 3969 Quod
755 3920 942 3962 παίωνα
958 3912 1080 3963 sutis
1095 3913 1188 3977 est]
1218 3915 1399 3965 Horat.
1420 3916 1592 3966 Carni.

527 3992 575 4036 3.
600 3988 706 4039 od.
729 3993 810 4039 16.
831 3991 846 4018 ‘
872 3990 1043 4040 Multa
1066 3991 1364 4055 petentibus
1389 3993 1596 4040 Desunt

528 4066 723 4115 multa:
767 4066 899 4116 bene
947 4074 1047 4130 est,
1090 4068 1174 4117 cui
1214 4070 1360 4118 Deus
1401 4067 1595 4118 obtulit

530 4141 700 4190 Parca
724 4143 860 4203 quod
886 4144 1012 4192 satis
1046 4152 1127 4193 est
1163 4143 1355 4193 mauu!
1382 4146 1591 4194 Lucret.

526 4217 620 4266 lib.
639 4223 688 4266 5.
725 4220 740 4246 ‘
761 4220 912 4270 Quod
951 4221 994 4269 si
1032 4220 1145 4284 quis
1179 4234 1302 4270 vera
1325 4221 1487 4270 vitam
1509 4235 1591 4270 ra-

524 4294 669 4345 tione
695 4297 951 4359 gubernet
971 4313 986 4357 ;
1022 4296 1239 4347 Divitiae
1262 4296 1484 4362 grandes
1501 4298 1590 4348 ho-

1229 391 1446 440 NOTAE
1500 390 1900 440 vamoRuM
1958 390 2035 438 IN

1671 533 1796 583 mini
1819 540 1942 583 suut
1971 532 2151 583 vivere
2171 546 2327 597 parce
2350 532 2519 597 AEquo
2539 532 2729 582 animo:

1673 625 1841 675 neque
1863 611 2000 660 enim
2019 617 2103 661 est
2128 623 2354 675 unquam
2380 610 2601 674 penuria
2622 625 2728 673 par-

1674 690 1763 742 vi.’
1801 694 1952 742 Idem.

1737 769 1919 820 Paucis
1946 769 2091 828 enim,
2128 764 2456 829 minimisque]
2494 765 2735 814 Manilius

1672 847 1724 895 iu
1748 847 1916 910 princ.
1953 845 2047 895 lib.
2072 849 2122 893 3.
2158 844 2174 871 ‘
2194 844 2431 906 Cumque
2454 842 2534 890 sni
2559 855 2739 905 parvos

1672 939 1793 973 usus
1807 931 1996 973 natura
2009 928 2275 986 reposcat,
2289 920 2575 969 Materiem
2597 918 2742 968 strui-

1672 1013 1786 1049 mus
1809 1014 2011 1064 magnae
2036 1013 2133 1062 per
2172 1005 2296 1047 vota
2318 997 2501 1058 ruinae,
2528 995 2745 1045 Luxuri-

1672 1091 1857 1142 amque
1879 1076 2040 1126 lucris
2074 1075 2318 1136 emimus,
2354 1073 2590 1135 luxuque
2613 1072 2744 1135 rapi-

1671 1167 1783 1217 nas,
1808 1155 1879 1203 Et
1907 1167 2160 1203 summum
2199 1164 2386 1199 census
2410 1148 2648 1213 precium
2671 1155 2747 1197 est

1671 1229 1941 1281 offundere
1997 1244 2227 1281 censum.
2257 1283 2263 1290 ⁴
2306 1227 2510 1277 Solvite
2562 1233 2747 1276 morta·

1670 1310 1747 1370 les
1804 1309 2024 1371 animos,
2072 1322 2327 1372 curasque
2383 1307 2581 1368 levate,
2627 1306 2746 1354 Tot-

1669 1400 1770 1450 que
1788 1386 2123 1450 supervacuis
2142 1386 2302 1434 vitam
2326 1383 2546 1448 deplete
2567 1395 2745 1447 quere·

1669 1461 1769 1511 lis!
1807 1464 1962 1513 Idem.

1735 1541 1969 1590 Pulcrum
1987 1539 2137 1589 variis
2158 1538 2357 1600 fruger-e
2377 1536 2624 1600 vestibus]
2650 1535 2744 1587 Lu-

1669 1624 1800 1669 cret.
1823 1618 1915 1667 lib.
1935 1632 1998 1668 11.
2029 1620 2045 1647 ⁸
2070 1618 2186 1667 Nec
2210 1615 2391 1666 calidas
2416 1615 2575 1664 citius
2595 1615 2745 1663 dece·

1668 1694 1800 1743 dunt
1853 1707 2076 1758 corpore
2125 1691 2300 1742 febres
2346 1691 2650 1742 Textilibus
2698 1690 2742 1739 'si

1668 1769 1909 1834 picturis,
1952 1775 2199 1833 ostroque
2246 1767 2458 1816 rubenti
2500 1767 2744 1831 Jacteris,

1669 1860 1824 1910 quam
1848 1848 1891 1894 si
1933 1845 2138 1909 plebeia
2181 1845 2236 1893 in
2271 1850 2422 1893 veste
2444 1844 2739 1893 cubandum

1673 1921 1795 1972 est.’
1859 1924 2029 1974 Quam
2050 1920 2368 1970 mordaciter
2398 1920 2561 1971 Solon
2604 1920 2743 1970 ditis·

1667 2000 1797 2051 simo
1846 1999 2048 2063 Regum
2100 1998 2300 2060 Croeso,
2344 1997 2741 2061 preciosissimis

1668 2082 1882 2139 compto
1902 2075 2147 2135 induviis,
2168 2074 2522 2138 responderit,
2543 2073 2741 2123 indicat

1672 2161 1866 2218 praeter
1895 2152 2227 2203 Herodotum
2248 2152 2412 2215 Diog.
2444 2151 2628 2201 Laert.
2655 2151 2741 2201 lib.

1671 2246 1713 2281 1.
1748 2231 1901 2280 Idem.

1737 2307 2016 2358 Perniciosa
2050 2307 2218 2355 domus
2254 2304 2468 2367 sarcina]
2505 2304 2607 2354 Cui
2630 2316 2738 2353 sen-

1671 2384 1853 2435 tentiae
1875 2389 2168 2447 congruunt
2190 2381 2349 2431 verba
2372 2380 2464 2429 illa
2488 2381 2738 2432 Varronis

1672 2460 1889 2525 Ephebo
1912 2476 2006 2510 seu
2039 2456 2147 2523 περὶ
2177 2458 2377 2519 ἐμμονῆς
2409 2456 2551 2521 apud
2578 2456 2739 2508 Noni·

1671 2554 1791 2600 um;
1844 2539 1862 2567 ‘
1882 2537 2053 2589 Crede
2093 2535 2219 2586 mihi
2273 2535 2448 2599 plures
2505 2534 2737 2583 dominos

1670 2616 1803 2665 servi
1834 2613 2108 2665 comedere
2141 2627 2294 2678 quam
2318 2625 2494 2661 canes.
2585 2610 2737 2662 Quod

1672 2692 1714 2740 si
1738 2690 1958 2741 Actaeon
1998 2694 2328 2752 occupasset,
2358 2694 2415 2736 et
2449 2687 2565 2751 ipse
2598 2686 2737 2750 prius

1671 2780 1790 2816 suos
1840 2780 1996 2815 canes
2048 2763 2379 2824 comedisset,
2440 2777 2584 2812 nunc
2637 2777 2735 2812 non

1671 2851 1811 2893 esset
1833 2841 2163 2891 saltatoribus
2202 2840 2255 2888 iu
2296 2840 2504 2889 theatro
2525 2834 2735 2889 fabula?

1670 2921 1774 2971 Qui
1797 2920 1940 2968 locus
1963 2917 2036 2967 sic
2058 2922 2206 2966 recte
2219 2915 2530 2964 emendatur
2548 2929 2617 2964 ex
2634 2921 2737 2966 vet.

1671 2997 1790 3047 cod.
1817 2994 2008 3054 Nonii3
2049 2993 2101 3041 in
2138 3006 2240 3057 quo
2271 3005 2374 3040 non
2396 2991 2565 3056 fieret,
2591 2999 2648 3042 ut
2683 2992 2738 3041 in

1668 3076 1924 3124 hactenus
1941 3071 2119 3132 editis,
2137 3069 2633 3135 sedfabulaoptime
2650 3085 2738 3120 ex-

1670 3159 1873 3202 aratum
1895 3149 2012 3199 fuit.
2054 3147 2231 3198 Vallia.

1733 3224 2066 3290 Sequestruta]
2090 3223 2154 3273 Id
2178 3230 2279 3286 est,
2304 3230 2572 3286 separata,
2608 3222 2737 3272 ‹livi-

1670 3319 1746 3366 sa,
1761 3305 2016 3368 sejuncta.
2082 3300 2206 3350 Hoc
2228 3300 2405 3363 verbo,
2428 3315 2459 3348 a
2496 3299 2737 3364 ‘seques-

1672 3388 1753 3431 tre
1773 3382 1788 3405 '
1831 3378 2100 3429 notissimo
2131 3377 2229 3428 JC.
2268 3375 2520 3438 deducto,
2556 3377 2636 3425 usi
2658 3390 2737 3424 se-

1671 3455 1868 3521 quioris
1902 3455 2001 3503 aevi
2034 3453 2338 3516 scriptores.
2376 3449 2579 3501 Arnob.
2603 3451 2735 3501 libro

1671 3547 1728 3583 v.
1771 3531 1911 3582 Adv.
1968 3531 2201 3580 Gentes:
2267 3528 2283 3556 ‘
2302 3527 2506 3579 Quibus
2560 3526 2737 3577 furore

1669 3610 1907 3670 mentito,
1928 3614 1984 3657 et
2007 3611 2336 3672 sequestrata
2353 3604 2586 3667 pectoris
2603 3604 2739 3653 sani-

1672 3694 1781 3736 tate
1815 3683 2222 3747 circumplicatis
2281 3696 2370 3731 vos
2425 3681 2679 3745 anguibus
2704 3680 2737 3729 ?'

1672 3760 2013 3811 Cassiodorus
2038 3760 2127 3809 lib.
2151 3772 2191 3808 1.
2222 3759 2419 3808 Variar.
2438 3762 2488 3808 3.
2511 3763 2527 3787 ‘
2547 3757 2738 3807 Omnia

1674 3838 1807 3886 bona
1830 3837 1937 3886 suis
1961 3841 2084 3885 sunt
2107 3835 2391 3898 conjuncta
2413 3849 2532 3883 cum
2557 3834 2739 3884 fructi-

1672 3914 1801 3963 bus:
1840 3927 1939 3962 nec
1981 3911 2125 3962 credi
2170 3917 2351 3974 potest
2397 3911 2585 3969 virtus,
2617 3924 2734 3973 quae

1669 3996 2027 4055 sequestratur
2063 4003 2094 4036 a
2131 3984 2384 4050 praemio!
2447 3985 2734 4048 Indejse-

1668 4068 1980 4133 questratim
1999 4066 2013 4088 '
2046 4081 2142 4130 pro
2176 4064 2483 4128 separatim,
2515 4063 2738 4124 divisim,

1667 4147 1807 4210 apud
1829 4145 2048 4195 eundem
2086 4156 2148 4193 11.
2182 4141 2384 4191 Variar.
2407 4155 2448 4191 1.
2485 4143 2737 4194 ‘Quaerw

1669 4223 1734 4271 tis
1785 4220 2005 4272 forsitan
2064 4217 2427 4283 sequestratim
2486 4216 2736 4281 principis

1667 4299 1841 4350 bona?
1874 4296 2079 4348 abunde
2104 4294 2359 4360 praedicat
2380 4294 2634 4355 sobolem,
2647 4291 2734 4357 qui
