3049 4928
587 395 888 446 BoE'an
941 397 1036 446 DE
1084 394 1392 448 coNSoL.
1443 398 1884 451 Pnlbosopn.
1934 402 2080 455 Lm.
2129 405 2208 453 11.

316 551 413 599 per
446 537 605 587 urbes
636 540 863 590 Garrula
900 540 1094 601 laudet,
1146 542 1381 606 caeloque

316 627 493 675 parem
508 615 695 676 Tollat,
714 622 769 665 et
793 616 977 666 astris)
1013 617 1165 665 Idem.

381 690 457 738 Et
495 706 670 752 magna
716 692 872 741 titulis
900 692 1095 755 fulgeat
1133 693 1275 741 claris
1297 695 1380 741 do·

313 766 443 829 mus]
488 768 647 817 Silius
696 769 788 818 lib.
833 774 881 819 4.
938 771 1280 835 ‘Multusque
1328 770 1378 819 in

310 841 543 905 imagine
583 845 734 893 claris
759 844 1123 909 Praefulgebat
1160 861 1285 896 avus
1317 846 1381 896 ti-

312 919 463 967 tulis.’
496 920 680 970 Senec.
696 922 749 969 in
773 922 901 972 Oct.
926 938 997 971 vs·
1021 927 1135 972 602.
1175 924 1191 951 ‘
1210 923 1378 972 Simu-

311 994 472 1057 lacra,
493 996 670 1046 titulos
694 997 945 1047 destruit.'
968 999 1118 1047 Idem.

377 1072 520 1122 Mors
536 1073 716 1136 spernit
756 1075 904 1123 altam
938 1075 1166 1139 gloriam]
1208 1077 1375 1126 Vetus

308 1146 543 1209 quidem,
564 1149 712 1198 nimis
746 1156 920 1200 tamen
961 1166 1137 1201 verum
1163 1154 1376 1203 verbum

311 1230 415 1286 est,
436 1226 622 1275 ‘omne
660 1227 934 1276 humanum
976 1242 1137 1291 genus
1171 1229 1376 1280 histrio·

308 1303 450 1351 niam
486 1303 538 1350 in
576 1304 729 1353 terris
768 1304 956 1368 agere.'
1025 1306 1373 1371 Posteaquam

309 1379 450 1427 enim
473 1394 741 1442 personam
766 1396 920 1446 quam
944 1381 1085 1431 Deus
1113 1382 1259 1433 nobis
1282 1383 1377 1433 im·-

309 1457 489 1519 posuit
511 1458 791 1519 exsuimus,
829 1459 1039 1523 vitaque
1069 1459 1260 1523 privati
1295 1476 1375 1510 su·

309 1546 443 1594 mus,
474 1534 631 1583 mista
651 1534 874 1584 divitum
902 1542 961 1583 et
984 1550 1271 1598 pauperum
1293 1536 1374 1585 fu-

307 1622 440 1658 nera
459 1610 763 1672 densantur,
779 1612 1080 1675 nullumque
1103 1620 1264 1675 caput
1281 1628 1376 1663 sae·

310 1700 378 1734 va
413 1685 551 1749 fugit
586 1687 916 1751 Proserpina.
982 1687 1181 1752 Sibylla
1212 1688 1376 1753 Scipi-

305 1763 397 1811 oni
418 1763 531 1813 fata
554 1765 817 1814 reclusura
839 1764 973 1827 apud
994 1765 1178 1814 Silium
1199 1765 1373 1816 Italic.

310 1840 403 1890 lib.
426 1853 555 1891 xm.
590 1844 606 1869 ‘
627 1841 730 1890 Hic
755 1843 999 1891 tenebras
1022 1843 1232 1906 agitant
1252 1844 1375 1893 voli-

309 1923 534 1981 tantque
572 1932 667 1982 per
690 1917 901 1967 umbras
924 1919 1191 1968 Innumeri
1217 1934 1373 1984 quon-

309 1992 428 2041 dam
458 1995 656 2058 populi,
680 1994 860 2045 domus
883 1994 1116 2045 omnibus
1150 2010 1267 2045 una.
1309 1997 1374 2047 In

307 2069 485 2118 medio
524 2078 724 2120 vastum
766 2072 871 2120 late
910 2085 964 2119 se
1002 2071 1170 2122 tendit
1200 2072 1372 2136 inane,

307 2147 431 2195 Huc
468 2146 710 2212 quicquid
747 2153 921 2209 terrae,
944 2147 1185 2211 quicquid
1221 2146 1375 2211 freta,

306 2232 363 2272 et
386 2225 567 2287 igneus
590 2224 751 2274 aether
774 2224 1012 2274 Nutrivit
1039 2224 1206 2286 primo
1225 2239 1372 2273 inun-

305 2298 359 2347 di
387 2299 604 2363 genialis
642 2300 706 2349 ab
745 2314 879 2363 aevo,
901 2300 1048 2348 Mors
1092 2302 1373 2349 communis

307 2377 455 2440 agit:
507 2377 827 2428 descendunt
873 2386 1081 2441 cuncta,
1124 2378 1370 2443 capitque

308 2454 538 2518 Campus
572 2454 713 2504 iners
747 2461 997 2519 quantum
1038 2454 1261 2518 interiit,
1291 2469 1369 2504 re-

307 2541 520 2599 statque
545 2534 811 2584 futurum.’
836 2536 987 2583 Idem.

372 2611 582 2660 Involvit
605 2611 779 2660 humile
807 2611 993 2672 pariter
1021 2624 1077 2658 ac
1106 2610 1274 2658 celsum
1294 2624 1370 2658 ca-

301 2689 414 2752 put]
447 2688 708 2738 Pindarus
746 2688 902 2736 Nem.
943 2686 1048 2735 Od.
1088 2689 1139 2734 7.
1174 2684 1371 2748 Ἀφνεός

300 2783 362 2814 τε
380 2763 601 2828 πενιχρός
631 2784 687 2814 τε
708 2763 905 2813 θανάτου
926 2762 1058 2827 Παρὰ
1083 2764 1214 2824 σᾶμα
1250 2761 1373 2814 νέον-

301 2859 400 2891 ται.
434 2843 712 2891 Lucretius
747 2840 837 2890 lib.
879 2853 963 2889 ut.
994 2839 1063 2888 de
1095 2838 1368 2902 Scipione:

302 2919 320 2948 ‘
338 2918 473 2967 Ossa
488 2917 635 2967 dedit
649 2925 801 2967 terrae
814 2917 1029 2980 proinde
1047 2930 1107 2965 ac
1122 2915 1283 2965 famul
1296 2917 1371 2966 in-

302 2994 456 3043 fimus
490 2995 658 3045 esset?
695 2996 882 3043 Horat.
907 2993 1079 3044 Carm.
1119 3007 1159 3041 ι.
1191 2993 1296 3043 Od.
1316 2998 1367 3044 4.

303 3070 531 3120 ‘Pallida
545 3086 679 3121 mors
690 3085 838 3136 aequo
849 3071 1022 3134 pulsat
1032 3068 1166 3134 pede
1177 3085 1369 3134 paupe-

302 3162 417 3197 rum
455 3149 702 3199 tabernas
721 3150 1023 3212 Regumque
1046 3147 1252 3196 turres!
1287 3149 1365 3199 Id.

369 3229 636 3291 AEquatque
658 3228 851 3276 summis
868 3225 1059 3290 infima]
1094 3225 1365 3278 claudian.

303 3304 379 3352 de
395 3305 575 3368 Raptu
598 3303 929 3366 Proserpinae
950 3302 1037 3353 lib.
1058 3316 1121 3352 11.
1144 3318 1219 3352 νε.
1251 3307 1365 3353 300.

303 3380 447 3431 ‘Sub
485 3389 577 3430 tua
613 3380 859 3443 purpurei
899 3379 1113 3428 venient
1152 3380 1368 3444 vestigia

305 3459 499 3521 Reges,
517 3457 768 3521 Deposito
786 3459 908 3505 luxu
926 3457 1082 3506 turba
1104 3470 1219 3507 eum
1243 3471 1366 3519 pau-

303 3549 434 3597 pere
489 3533 644 3582 misti.
726 3532 913 3583 Omnia
967 3533 1112 3581 Mors
1161 3533 1369 3597 aequat!

298 3611 457 3660 Silius
475 3610 596 3659 Ital.
633 3608 721 3659 lib.
746 3622 875 3658 xm.
912 3609 926 3636 ‘
945 3607 1109 3658 Croesi
1137 3622 1257 3657 mox
1276 3608 1365 3656 ad-

300 3688 444 3735 volat
467 3685 653 3734 umbra
674 3684 833 3733 Dives
852 3683 990 3748 apud
1007 3697 1242 3746 superos,
1274 3683 1366 3732 sed

302 3775 444 3810 mors
469 3765 697 3823 aequarat
711 3759 922 3822 egenis!
935 3802 940 3803 ff
954 3760 1105 3808 Idem.

367 3839 553 3890 Fidelis
597 3837 836 3900 Fabricii]
877 3837 1075 3891 Merito
1125 3835 1139 3862 ‘
1158 3835 1364 3885 fidelis?

303 3915 704 3978 nuncupandus,
727 3915 815 3978 qui
851 3912 1150 3962 muneribus
1174 3912 1363 3975 Pyrrhi

299 3992 463 4056 Regis
517 3989 866 4054 Epirotarum,
917 3989 1167 4050 promissa
1206 3988 1363 4037 etiam

305 4076 497 4134 quarta
521 4072 669 4131 parte
704 4065 870 4128 regni,
903 4080 934 4112 a
963 4065 1213 4114 Romulea
1236 4064 1360 4114 civi-

302 4152 415 4196 tate
438 4159 540 4193 non
564 4143 799 4207 potuerit
833 4141 1028 4201 divelli,
1060 4141 1154 4189 sed
1188 4140 1361 4204 potius

298 4223 372 4273 ibi
410 4224 463 4271 in
502 4237 597 4270 sua
637 4227 946 4284 paupertate
989 4219 1222 4281 privatus
1256 4233 1360 4266 ma·

300 4313 430 4348 nere
454 4297 688 4358 voluerit.
754 4295 892 4347 Quid
918 4297 935 4348 ‚²
977 4296 1063 4359 qui
1092 4294 1248 4349 etiam
1282 4295 1358 4343 in-

2380 391 2514 457 479

1476 545 1744 596 ensissimo
1766 549 1951 612 patriae
1973 551 2106 600 hosti
2122 564 2304 614 aequus
2318 549 2518 602 fuerit?

1455 620 1470 648 ‘
1494 636 1606 670 eam
1624 621 1638 643 ’
1657 624 1826 673 sciens
1850 628 1866 655 ‘
1886 640 2063 675 veram
2087 641 2202 676 esse
2225 628 2517 691 victoriam,

1456 711 1571 762 quae
1593 701 1735 749 saiva
1750 700 1855 751 fide
1881 709 1937 751 et
1971 704 2177 768 integra
2200 704 2401 768 pietate
2422 722 2512 769 pa·

1458 782 1657 826 raretur
1683 777 1715 839 ;'
1766 782 2023 845 planeque
2081 794 2330 844 respuens
2385 783 2513 832 illud

1456 852 1672 904 Poetaez
1723 855 1919 906 ‘Dolus
1964 872 2029 906 an
2087 858 2250 907 virtus
2295 859 2410 922 quis
2460 861 2517 908 in*

1455 928 1604 979 hoste
1643 932 1920 996 requirat?
1953 933 2103 983 Istud
2145 948 2267 983 vero
2307 935 2511 984 verius:

1455 1003 1585 1054 Cum
1610 1008 1782 1058 vicina
1803 1016 1972 1058 castra
2007 1010 2118 1072 ipse
2146 1016 2201 1058 ct
2223 1010 2336 1059 Rex
2357 1009 2514 1059 habe·

1451 1087 1587 1143 rent,
1623 1084 1854 1133 medicus
1889 1086 2077 1149 Pyrrhi
2105 1093 2259 1135 nocte
2296 1087 2361 1135 ad
2395 1102 2514 1136 eum

1452 1158 1616 1220 venit,
1635 1162 1934 1221 promittens
1954 1177 2008 1211 se
2033 1163 2289 1225 Pyrrhum
2313 1177 2513 1215 veneno

1452 1234 1759 1297 occisurum,
1792 1238 1834 1285 si
1874 1238 1976 1287 sibi
1998 1239 2292 1303 ‚quicquam
2314 1241 2515 1304 pollici-

1455 1315 1688 1372 taretur3
1731 1311 1998 1361 Fabricius
2054 1314 2283 1364 vinctum
2331 1317 2512 1366 reduci

1444 1383 1606 1446 jussit
1638 1387 1704 1435 ad
1740 1387 2020 1452 dominum,
2057 1390 2359 1455 Pyrrhoque
2387 1392 2512 1455 dici,

1452 1474 1568 1524 quae
1589 1469 1773 1512 contra
1793 1471 1952 1527 caput
1974 1465 2087 1527 ejus
2104 1466 2334 1516 medicus
2356 1483 2512 1532 spou-

1451 1534 1635 1587 disset.
1670 1540 1837 1590 Quam
1858 1541 2333 1604 magnanimitatem
2347 1544 2514 1595 fideli·

1452 1617 1720 1678 tatemque
1742 1616 1854 1664 Rex
1879 1616 2179 1682 admiratuS,
2198 1619 2386 1669 dixisse
2408 1620 2512 1671 fer-

1451 1694 1572 1737 tur:
1606 1690 1621 1717 ‘
1645 1690 1742 1739 Ille
1778 1698 1862 1740 est
1896 1691 2186 1757 Fabricius,
2218 1696 2305 1759 qui
2328 1694 2512 1746 diffici-

1451 1767 1553 1815 lius
1599 1767 1667 1817 ab
1710 1769 2002 1833 honestate,
2048 1786 2198 1836 quam
2238 1774 2314 1822 sol
2356 1788 2387 1822 a
2417 1789 2511 1824 suo

1451 1857 1608 1892 cursu
1634 1846 1796 1895 averti
1820 1847 2036 1910 posset.'
2085 1849 2225 1900 Quid
2245 1850 2382 1899 idem
2402 1850 2514 1899 dix-

1450 1921 1557 1970 erit
1576 1921 1869 1989 feceritque
1906 1926 1966 1975 C.
2001 1925 2286 1989 Fabricius,
2321 1941 2439 1977 cum
2461 1930 2515 1977 ei

1449 1997 1724 2063 Samnites,
1758 2010 2003 2066 tanquam
2048 2001 2320 2067 indigenti,
2352 2019 2511 2067 grave

1449 2089 1630 2124 aurum
1664 2073 1941 2141 donarent,
1979 2079 2136 2128 docet
2172 2079 2406 2143 Agellius
2450 2082 2512 2129 li-

1451 2149 1546 2201 bro
1565 2167 1606 2202 1.
1629 2168 1746 2217 cap.
1772 2159 1853 2205 14.
1923 2156 2010 2204 De
2048 2157 2144 2206 hoc
2178 2158 2336 2206 etiam
2360 2159 2514 2208 Clau·

1449 2225 1589 2278 dian.
1628 2229 1695 2278 de
1727 2230 1880 2279 Bello
1905 2232 2116 2295 Getico,
2153 2248 2228 2281 vs.
2261 2236 2373 2283 131.
2409 2234 2512 2283 ‘Et

1448 2305 1576 2354 nulli
1598 2307 1781 2370 pervia
1819 2309 1989 2372 culpae
2018 2308 2246 2358 P-ectora
2267 2309 2509 2372 Fabricii,

1448 2379 1598 2430 donis
1628 2384 1825 2433 invicta
1847 2386 1930 2433 vel
1953 2384 2145 2435 armis.’
2211 2386 2348 2435 Vide
2373 2401 2508 2449 prae-

1446 2461 1597 2507 terea
1617 2458 1827 2508 Florum
1849 2458 1982 2509 libro
2007 2475 2046 2513 1.
2081 2476 2197 2524 cap.
2233 2466 2314 2510 18.
2347 2461 2508 2512 Sene·

1449 2548 1564 2583 cam
1608 2536 1831 2598 Epistol.
1878 2541 1991 2588 120.
2027 2538 2261 2586 Martial.
2301 2538 2395 2587 lib.
2440 2551 2504 2589 ιι.

1447 2611 1603 2675 Epig.
1628 2626 1705 2661 vr.
1740 2611 1923 2662 Aurei.
1947 2614 2083 2662 Vict.
2119 2613 2183 2662 de
2221 2614 2344 2662 viris
2368 2615 2527 2669 illus-¹

1441 2687 1617 2736 ,tribus
1654 2687 1796 2737 urbis
1819 2689 2020 2751 Romae,
2058 2691 2292 2739 Lactant.
2314 2689 2404 2739 lib.
2422 2704 2509 2740 ¹vr.

1448 2764 1622 2813 Divin.
1643 2766 1813 2815 Instit.
1831 2781 1945 2829 cap.
1966 2771 2010 2816 6.
2036 2765 2088 2815 in
2105 2765 2192 2815 fin.
2218 2766 2282 2816 Β.
2305 2764 2506 2830 Augus-

1449 2841 1543 2891 tin.
1575 2842 1662 2891 De
1701 2842 1860 2892 Civit.
1897 2843 2002 2891 Dei
2041 2842 2130 2891 lib.
2168 2857 2222 2891 v.
2263 2856 2378 2906 cap.
2425 2848 2506 2894 18.

1447 2918 1672 2968 salvian.
1695 2919 1785 2968 lib.
1806 2933 1843 2968 1.
1865 2919 1946 2967 De
1981 2918 2118 2968 Gub.
2161 2919 2281 2977 Dei,
2322 2920 2506 2969 Manil.

1445 2995 1579 3045 libro
1630 3009 1670 3045 ι.
1748 2994 1962 3046 Astron.
2015 2995 2307 3059 multosque
2364 2996 2507 3045 alios.

1444 3064 1623 3123 Idem(
2124 3106 2127 3111 -

1510 3149 1719 3212 Brutus]
1757 3150 1943 3199 Senec.
1993 3151 2046 3199 in
2098 3147 2221 3198 Oct.
2273 3164 2347 3199 vs.
2388 3152 2505 3199 489.

1444 3226 1597 3276 istius
1630 3227 1780 3276 Bruti
1818 3227 2069 3290 meminit,
2110 3226 2199 3291 qui
2235 3240 2351 3274 cum
2391 3225 2505 3277 aliis

1445 3303 1711 3354 interfecit
1751 3304 2041 3353 Caesarem:
2075 3303 2090 3331 ‘
2110 3303 2307 3352 Brutus
2330 3302 2384 3350 in
2404 3317 2508 3352 cae·

1447 3381 1564 3430 dem
1588 3381 1732 3432 ducis
1757 3380 1803 3430 A
1829 3395 1929 3445 quo
1957 3382 2175 3429 salutem
2215 3379 2404 3428 tulerat
2426 3393 2506 3428 ar,-

1442 3459 1607 3507 mavit
1639 3458 1856 3508 manus.’
1921 3458 2096 3507 Facile
2132 3462 2306 3507 autem
2342 3463 2506 3505 statu-

1444 3536 1594 3599 erim,
1634 3544 1865 3585 nostrum
1901 3534 2181 3584 Auctorem
2224 3547 2331 3582 non
2361 3533 2507 3597 loqui

1444 3613 1511 3661 de
1555 3614 1680 3674 isto,
1719 3613 1812 3662 sed
1852 3611 2146 3673 intelligere
2184 3611 2243 3659 L.
2266 3611 2507 3674 Brutum,

1444 3689 1533 3751 qui
1584 3689 1872 3753 Tarquiniis
1923 3685 2152 3748 expulsis
2206 3684 2506 3737 libertatem

1444 3765 1686 3819 Romanis
1711 3763 1952 3826 asseruit,
1974 3764 2041 3813 de
2063 3777 2163 3828 quo
2187 3762 2503 3815 Claudianus

1443 3841 1535 3890 lib.
1569 3846 1617 3890 2.
1649 3841 1713 3890 de
1737 3840 1959 3891 Laudib.
1991 3839 2255 3889 Stiliconis
2290 3854 2366 3888 νε.
2389 3842 2504 3888 320.

1444 3918 1458 3944 ‘
1476 3916 1719 3966 Libertas
1744 3917 1922 3980 populi
1959 3917 2122 3979 primo
2147 3923 2269 3964 tunc
2292 3915 2503 3964 consule

1442 3995 1613 4043 Bruto
1622 3993 1856 4047 Reddita
1872 4007 1964 4056 per
1973 3990 2247 4053 fasces,his
2264 3989 2501 4051 fascibus

1441 4071 1644 4133 expulit
1681 4069 1808 4132 ipsis
1845 4065 2159 4118 Servitium!
2220 4068 2313 4131 ,Et
2354 4080 2504 4129 argu-

1441 4145 1636 4195 tissime
1679 4145 1978 4194 casanova:
2015 4143 2310 4193 ‘Natorum
2354 4142 2500 4190 caede

1439 4220 1637 4270 orbasti
1681 4227 1735 4269 te
1771 4219 1988 4275 nomine,
2017 4220 2198 4281 patris,
2245 4218 2501 4267 Cernen-et

1438 4303 1496 4349 ut
1534 4310 1710 4350 verum
1746 4303 1799 4349 te
1843 4304 1933 4344 tua
1971 4295 2136 4343 Roma
2173 4301 2394 4356 patrem.
2430 4293 2501 4343 Et
