3049 4928
1013 378 1538 431 PH1L0s01²mAE
1586 382 1728 431 Lm.
1774 384 1860 434 ιι.
2398 372 2528 441 179

322 526 531 598 alieno
581 544 857 590 censum
901 526 1137 592 nutrit⁶
1178 526 1453 595 haeredi.
1545 528 1781 610 Alius,
1826 531 2012 614 prole
2039 531 2355 612 laetatus:
2402 534 2523 599 filii

319 628 556 695 filiaeve
584 626 894 694 delictisf
927 634 1211 694 moestus
1263 631 1656 717 illacrymat.
1749 633 2023 700 Idcirco
2074 656 2268 701 nemo
2325 637 2524 704 facile

318 750 465 796 eum
494 732 785 797 fortunae
816 752 957 798 suae
1007 731 1388 801 conditione
1436 738 1827 814 concordat.
1918 737 2109 806 Inest
2154 740 2332 804 enim
2384 740 2521 804 sin-

314 833 505 915 gulis,
533 835 720 920 quod
750 835 1147 920 inexpertus
1177 836 1459 919 ignoret,
1490 847 1817 922 expertus
1850 840 2226 907 exhorreat.
2315 841 2519 914 Adde.

314 937 487 1020 quod
513 938 895 1006 felicissimi
923 939 1259 1025 cujusque
1281 939 1807 1010 delicatissimus
1839 962 2072 1008 sensus
2102 951 2230 1023 est,
2264 949 2353 1022 et,
2385 946 2522 1010 nisi

314 1037 397 1103 ad
450 1047 731 1107 nutum³
794 1047 1038 1107 cuncta
1098 1045 1550 1127 suppetant‚e²
1593 1047 1810 1110 omnis
1860 1046 2288 1112 adversitatis
2340 1048 2521 1113 inso-

311 1142 467 1221 lenS,
471 1142 542 1179 '¹¹²
589 1145 881 1209 minimis
940 1145 1318 1229 quibusque
1376 1148 1854 1232 prosternitur.
1900 1149 2069 1214 adeo
2123 1150 2522 1233 perexigua‘

313 1252 466 1310 sunt
496 1267 657 1331 quae
686 1248 1236 1314 fortunatissimis
1278 1249 1716 1315 beatitudinis
1766 1271 2095 1316 summam
2144 1252 2519 1318 detrahunt.

370 1403 388 1427 ε
422 1398 548 1459 Opes
565 1404 729 1462 paral.
852 1400 887 1443 s
921 1401 1108 1453 Vitiisf

309 1463 588 1513 adversitati
610 1469 840 1515 assuetus.

1276 1410 1305 1445 8
1337 1403 1420 1452 Aa
1454 1402 1713 1454 arbitrium
1748 1404 1905 1453 omnia
1940 1404 2116 1452 adsint.

1035 1465 1052 1499 ⁸⁰
1093 1466 1250 1531 Usque
1264 1469 1380 1518 adeo
1399 1483 1568 1532 parva.
1588 1491 1599 1498 r

2316 1402 2343 1436 ἢ
2381 1403 2519 1456 Num

1305 1582 1519 1633 NOTAE

319 1685 322 1690 >
367 1662 547 1712 ‘Alius
573 1667 707 1728 prole
738 1667 953 1731 laetatus]
994 1666 1244 1719 Quintum
1278 1679 1367 1716 ex-

306 1741 523 1802 emplum
550 1750 636 1791 est
658 1742 723 1791 de
753 1757 816 1793 eo
854 1746 941 1809 qui
966 1744 1111 1807 prole
1132 1750 1259 1793 nata
1280 1744 1369 1792 lae-

307 1820 455 1865 tatur.
523 1817 683 1869 Quod
706 1820 857 1870 homo
882 1821 948 1870 ad
972 1820 1074 1869 Dei
1093 1820 1368 1883 imaginem

303 1893 535 1945 conditus
562 1897 923 1947 aeternitatem
943 1904 1184 1962 appetat,
1207 1898 1368 1963 quod-

303 1982 397 2030 que
418 1969 554 2020 hane
575 1971 807 2022 interris
828 1975 1026 2039 assequi
1051 1988 1150 2022 non
1176 1974 1368 2037 valeat,

302 2044 411 2095 hinc
432 2044 493 2096 fit
517 2055 577 2097 ut
604 2063 793 2112 parens
817 2057 1038 2115 uterque
1072 2056 1188 2099 orta
1205 2052 1367 2113 prole,

304 2121 460 2171 veluti
481 2139 676 2188 magna
698 2125 777 2175 sui
798 2132 950 2191 parte
980 2126 1094 2176 sihi·
1111 2127 1231 2176 olim
1255 2141 1367 2176 suc-

304 2211 523 2266 cessura,
554 2205 800 2254 laetetur:
847 2206 1002 2257 Joan.
1029 2210 1108 2256 16.
1151 2206 1166 2233 ‘
1187 2206 1370 2255 mulier

303 2277 397 2327 n'on
421 2279 663 2330 meminit
700 2296 957 2345 pressurae
996 2289 1216 2346 propter
1250 2298 1371 2347 gau·

303 2352 457 2418 dium,
481 2358 609 2423 quia
649 2366 801 2409 natus
836 2367 917 2410 est
949 2360 1100 2409 homo
1134 2361 1187 2409 in
1222 2375 1367 2410 mun-

304 2430 454 2482 dum.'
524 2436 603 2487 At
661 2443 856 2501 quanta
902 2436 1089 2487 laetitia
1123 2442 1368 2502 parentes

302 2509 692 2570 perfunduntur
706 2514 839 2564 natis
863 2514 1058 2577 liberis,
1081 2513 1368 2579 iisdemque

301 2585 543 2639 virtutem
568 2590 1052 2655 colentibusfianta
1075 2591 1232 2640 iidem
1257 2590 1366 2641 affi-

301 2662 501 2715 ciuntur
525 2667 761 2730 tristitia,
794 2668 838 2717 si
870 2669 961 2718 hos
1005 2669 1194 2718 liberos
1230 2668 1366 2718 vide·

301 2739 401 2790 rint
445 2743 596 2793 vitiis
641 2743 945 2807 indulgere:
993 2759 1183 2808 parens
1233 2743 1366 2793 ‘filii

299 2812 480 2868 filiaeve
504 2820 962 2871 delictismoestus
1009 2822 1308 2884 illacrymat
1332 2819 1367 2870 :'

299 2899 355 2941 nt
375 2908 511 2945 nune
531 2896 758 2946 dicitur:
798 2899 1050 2949 Proverb.
1081 2902 1162 2947 10.
1197 2897 1364 2948 ‘tilius

300 2971 499 3034 sapiens
523 2972 763 3024 laetificat
797 2982 1030 3039 patrem:
1071 2975 1207 3024 filius
1241 2989 1363 3025 vero

298 3047 478 3097 stultus
536 3051 789 3100 moestitia
837 3059 920 3101 est
974 3051 1152 3101 matris
1219 3051 1364 3101 suae.’

301 3125 557 3179 Nimirum
610 3131 750 3218 quod
790 3131 941 3182 liberi
975 3132 1253 3182 videantur
1288 3145 1365 3180 sa-

296 3203 405 3253 nior
461 3207 848 3272 perenniorque
904 3217 1176 3273 parentum
1227 3223 1365 3273 pars,

300 3277 387 3328 hos
410 3288 659 3344 parentes
681 3288 869 3348 optant
903 3283 1195 3347 semetipsis
1220 3284 1364 3333 meli·

302 3372 430 3411 ores,

360 3443 377 3468 ⁸
397 3439 477 3487 Ad
499 3438 692 3502 nutum]
726 3437 811 3488 Ad
843 3442 1185 3491 voluntatem.
1250 3390 1359 3490 Νιι-

304 3520 402 3578 tus,
424 3530 455 3564 a
492 3516 702 3565 nuendo
735 3516 843 3565 sive
874 3517 1130 3566 movendo
1165 3516 1360 3578 dictus,

301 3593 508 3655 proprie
547 3601 744 3641 motum
765 3616 768 3617 ⁷
788 3593 1019 3656 corporis
1066 3593 1358 3656 significat:

303 3666 371 3716 sic
394 3668 650 3718 movendo
672 3676 834 3733 caput
866 3670 1107 3718 oculosve
1140 3669 1361 3721 dicimur

304 3758 530 3794 annuere
548 3752 601 3794 et
612 3745 838 3795 abnuere
857 3747 939 3794 vel
958 3760 1190 3795 renuere.-
1221 3747 1360 3798 Quo-

304 3820 433 3871 niam
461 3837 586 3872 vero
621 3823 711 3870 ille
746 3823 977 3886 corporis
999 3824 1165 3872 nostri
1190 3830 1360 3874 motus

303 3906 528 3948 nostram
564 3901 882 3948 voluntatem
921 3900 1190 3949 consuevit
1229 3900 1361 3949 indi-

303 3988 441 4038 care,
475 3976 594 4026 hine
615 3974 812 4026 factum
848 3984 949 4039 est,
981 3984 1060 4041 ut,
1095 3978 1242 4040 signo
1268 3992 1361 4040 pro

303 4058 359 4099 re
380 4053 671 4117 significata
690 4062 928 4118 accepto,
952 4062 1114 4105 nutus
1128 4071 1230 4105 non
1253 4072 1361 4107 mo-

304 4131 368 4181 do
416 4132 707 4197 humanam,
741 4134 831 4185 sed
883 4135 1111 4184 divinam
1158 4130 1362 4200 quoque

303 4209 623 4260 voluntatem
670 4210 1072 4279 significaverit:
1136 4224 1203 4260 ex
1258 4225 1363 4275 quo

304 4285 459 4336 etiam
499 4301 689 4337 numen
720 4288 886 4351 ipsam
910 4287 1013 4337 Dei
1040 4287 1363 4338 voluntatem

1451 1671 1622 1730 notat,
1642 1672 1701 1716 ut
1726 1666 1864 1729 apud
1889 1664 2034 1729 Virg.
2057 1678 2120 1715 11.
2157 1663 2272 1715 AEn.
2297 1679 2375 1715 vs.
2403 1669 2520 1716 336.

1450 1743 1709 1793 ‘Numine
1753 1743 1946 1793 Divum
1996 1743 2062 1791 In
2098 1740 2335 1792 flammas
2371 1739 2428 1791 'et
2466 1743 2518 1791 in

1451 1835 1596 1869 arma
1630 1819 1805 1871 feror!
1870 1822 1941 1870 Et
1987 1834 2140 1868 versu
2176 1822 2290 1870 777.
2353 1819 2369 1847 ‘
2396 1819 2519 1869 Non

1449 1900 1564 1949 haee
1587 1899 1698 1948 sine
1721 1899 1928 1948 numine
1951 1899 2145 1947 Divum
2169 1896 2470 1946 Eveniunt!

1515 1977 1532 2007 ⁸
1577 1974 1867 2039 Suppetunt]
1916 1973 2140 2023 Adsintt
2203 1974 2324 2038 quia
2379 1974 2518 2023 enim

1451 2050 1587 2115 quod
1623 2051 1838 2115 petitur,
1866 2050 1919 2099 id
1959 2050 2149 2112 saepius
2183 2048 2518 2112 impetratur,

1448 2141 1571 2176 usus
1595 2128 1843 2191 obtinuit,
1866 2135 1920 2175 ut
1944 2140 2229 2190 suppetere
2275 2126 2413 2175 idem
2450 2127 2522 2175 sit

1452 2205 1587 2269 quod
1613 2206 1812 2269 adesse,
1847 2204 1996 2270 quasi
2027 2203 2255 2268 petendo
2273 2203 2518 2267 impetrat

1450 2287 1578 2332 tum.
1645 2281 1787 2331 Hinc
1821 2281 2100 2344 suppetias,
2125 2294 2253 2345 quas
2277 2279 2374 2328 sibi
2398 2294 2518 2343 sup-

1449 2365 1636 2422 petere
1681 2358 1835 2408 rebus
1885 2357 2118 2408 adversis
2160 2358 2518 2421 periclitantes

1448 2441 1724 2500 expetunt.

1515 2520 1540 2545 ¹¹
1565 2514 1737 2564 Omnis
1771 2513 2075 2564 adversitatis
2112 2512 2335 2576 insolens]
2374 2511 2518 2562 Nulli

1450 2589 1759 2638 adversitati
1780 2595 2041 2638 assuetus.
2109 2588 2345 2637 Insolens
2378 2586 2518 2636 enim

1448 2664 1595 2729 quasi
1643 2679 1745 2714 non
1788 2666 1991 2714 solens:
2045 2665 2215 2712 solens
2262 2668 2437 2712 autem
2474 2662 2518 2710 is

1447 2739 1661 2802 dieitur,
1682 2741 1770 2805 qui
1794 2740 1866 2803 id,
1888 2740 1940 2788 in
1961 2752 2062 2804 quo
2087 2745 2227 2788 totus
2248 2746 2345 2799 est,
2358 2735 2517 2798 facit;

1448 2816 1593 2880 quasi
1616 2817 1667 2865 in
1689 2817 1816 2879 solo,
1834 2829 2038 2880 unoque
2060 2815 2156 2864 hoe
2178 2813 2388 2878 negotio
2407 2827 2520 2862 ver·

1446 2900 1618 2945 satus:
1656 2909 1817 2960 quare
1862 2894 2118 2943 ‘insolens
2153 2891 2520 2942 adversitatis’

1444 2975 1489 3024 is
1519 2982 1622 3041 est,
1653 2976 1740 3040 qui
1765 2973 2071 3024 adversitati
2092 2987 2194 3022 non
2227 2978 2310 3022 est
2343 2985 2519 3020 assue-

1444 3050 1635 3102 factus.
1699 3051 1876 3117 Atque
1899 3051 2001 3114 hic,
2024 3057 2084 3101 ut
2117 3063 2253 3099 nune
2290 3049 2520 3111 additur,

1449 3131 1466 3159 ‘
1480 3132 1702 3181 minimis
1721 3132 2008 3196 quibusque
2026 3128 2374 3193 prosternitur
2387 3127 2402 3150 ²
2427 3128 2517 3177 ad·

1447 3207 1810 3270 versitatibus;
1832 3206 1971 3272 quod
1995 3220 2138 3255 mens
2159 3205 2292 3270 ejus»,
2310 3206 2385 3254 his
2410 3219 2517 3254 mo-

1447 3286 1586 3335 tibus
1612 3300 1712 3334 non
1732 3291 1960 3348 assueta,
1994 3283 2203 3333 minimo
2240 3283 2516 3334 turbetur:

1446 3362 1660 3423 utenim
1682 3362 1778 3411 ‘ab
1800 3361 2022 3411 assuetis
2048 3376 2152 3411 non
2182 3360 2284 3423 fit,’
2317 3361 2391 3410 sie
2416 3360 2432 3388 ‘
2449 3360 2514 3409 ab

1444 3438 1662 3489 insuetis
1706 3437 1768 3488 fit
1808 3439 1979 3502 passio
2002 3438 2034 3488 :'
2083 3436 2514 3503 quemadmodum

1443 3516 1726 3581 loquuntur
1776 3515 2110 3579 Philosophi:
2167 3527 2332 3579 usque
2382 3512 2514 3561 adeo

1446 3594 1762 3659 ‘perexigua
1782 3600 1922 3656 sunt,
1942 3608 2058 3657 quae
2090 3589 2515 3642 fortunatissimis

1441 3670 1786 3721 beatitudinis
1860 3685 2110 3720 summam
2200 3666 2518 3718 detrahunt!

1443 3748 1655 3799 Summa
1683 3748 2046 3799 Aritlimeticis
2084 3753 2164 3796 est
2201 3745 2514 3796 universitas

1443 3827 1700 3892 quaedam,
1734 3842 1849 3891 quae
1873 3841 1938 3876 ex
1963 3825 2196 3888 pluribus
2232 3823 2514 3872 minoribns

1444 3905 1686 3955 addendo
1700 3903 1993 3965 conficitur,
2014 3910 2103 3952 aut
2138 3917 2202 3952 ex
2229 3917 2328 3967 qua
2355 3902 2515 3950 mino-

1445 3997 1553 4030 rem
1602 3980 1952 4030 subtrahendo
2011 3976 2252 4044 quaedam
2281 4033 2287 4039 ,
2314 3984 2512 4028 restat:

1445 4055 1780 4122 quamobrem
1841 4056 1856 4083 ‘
1882 4070 2082 4104 summa
2137 4052 2472 4104 beatitudinis
2498 4052 2513 4074 '

1441 4134 1529 4184 hic
1552 4133 1679 4182 nihil
1697 4138 1777 4181 est
1800 4132 1962 4194 aliud,
1997 4146 2148 4196 quam
2174 4126 2510 4178 beatitudiuis

1441 4209 1728 4275 fastigium:
1752 4211 1794 4260 le
1816 4209 1987 4259 comble
2004 4212 2069 4259 du
2090 4208 2311 4257 bonheur.
