3049 4928
974 413 1492 464 PffluosoPmAE
1542 414 1690 465 Lm.
1744 413 1858 462 111.
2397 398 2526 466 281

336 556 652 642 inquam,⁸'
693 557 1164 643 verissimeque
1214 560 1606 625 conclusum
1641 565 1765 626 est.
1856 557 2012 638 Quo
2044 579 2232 638 vero,
2288 560 2526 645 inquit,

336 659 678 740 habitet,*¹²
725 663 820 729 ita
850 664 1220 729 considera.
1283 665 1527 744 Deum,
1555 684 1772 729 rerum
1804 664 2102 731 omnium
2133 664 2527 748 principem,

335 767 581 831 bonum
650 786 824 844 esse,
899 768 1274 837 communis
1327 768 1764 832 humanorum
1824 767 2216 852 conceptio¹
2286 769 2528 852 probat

333 869 721 935 animorum.
817 869 998 935 Nam
1031 891 1187 936 cum
1218 871 1383 936 nihil
1406 872 1568 937 Deo
1597 871 1842 937 melius
1884 871 2250 954 excogitari
2296 878 2523 955 queat,

330 970 416 1049 id,
444 994 577 1056 quo
606 975 841 1039 melius
868 974 1033 1039 nihil
1064 980 1191 1055 est,
1233 977 1481 1041 bonum
1511 995 1665 1040 esse
1712 976 1868 1060 quis
1898 974 2200 1039 dubitet?
2244 974 2337 1037 ita
2367 993 2522 1038 vero

326 1074 569 1139 bonum
598 1095 750 1142 esse
780 1078 1003 1143 Deum
1031 1079 1204 1144 ratio
1236 1078 1673 1155 demonstrat,
1723 1084 1799 1144 ut
1843 1078 2212 1163 perfectum
2257 1096 2523 1161 quoque

326 1179 561 1243 bonum
590 1180 660 1245 in
690 1201 774 1246 eo
799 1188 854 1230 ¹4
906 1202 1060 1248 esse
1114 1182 1492 1247 convincat.
1600 1181 1785 1261 Nam
1834 1182 1903 1246 ni
1954 1181 2090 1247 tale
2143 1181 2255 1257 sit,
2305 1201 2520 1246 rerum

325 1281 613 1346 omnium
645 1285 957 1368 princeps
989 1305 1137 1350 esse
1166 1304 1302 1348 non
1334 1285 1622 1366 poterit:
1688 1284 1812 1349 erit
1861 1286 2041 1350 enim
2072 1305 2154 1350 eo
2192 1291 2521 1368 praestan-

324 1383 451 1446 tius
481 1384 762 1469 aliquid,
792 1388 1159 1471 perfectum
1211 1387 1573 1470 possidens
1623 1388 1896 1466 bonum,
1943 1389 2121 1472 quod
2156 1389 2303 1452 hoc
2333 1387 2520 1470 prius

323 1493 520 1570 atque
578 1490 917 1575 antiquius
967 1510 1117 1556 esse
1176 1490 1519 1556 videatur:
1594 1491 1818 1555 omnia
1867 1510 2155 1574 namque
2215 1489 2521 1573 perfecta

321 1589 531 1655 minus
582 1592 865 1676 integris
887 1606 927 1632 ”¹
972 1594 1199 1678 priora
1247 1612 1395 1657 esse
1440 1594 1855 1660 claruerunt:
1903 1598 2108 1677 qu'are
2157 1614 2242 1658 ne
2270 1594 2341 1656 in
2371 1591 2518 1657 infi-

321 1693 524 1762 nitum
579 1696 755 1761 ratio
811 1697 1113 1781 prodeat,
1169 1696 1618 1761 confitendum
1677 1704 1856 1775 est,¹⁵
1902 1718 2235 1769 summum
2266 1697 2516 1772 Deum,

320 1799 574 1877 summi,
604 1799 1019 1887 perfectique
1048 1799 1210 1865 boni
1239 1819 1395 1865 esse
1425 1801 1910 1882 plenissimum.
1977 1801 2115 1865 Sed
2145 1797 2516 1884 perfectum

322 1898 559 1964 bonum
591 1921 821 1967 veram
874 1922 1029 1967 esse
1058 1903 1551 1972 beatitudinem
1592 1904 2093 1969 constituimus:
2136 1921 2360 1968 veram
2390 1900 2515 1982 igi-

261 2058 265 2062 .
317 2006 416 2066 tur
441 2004 929 2070 beatitudinem
956 2006 1029 2070 in
1062 1996 1334 2069 summo'
1379 2004 1531 2070 Deo
1580 2005 1784 2069 sitam
1831 2027 2007 2084 esse,
2054 2024 2333 2071 necesse
2385 2010 2513 2068 est.

316 2103 625 2192 Accipio,
651 2108 971 2192 inquam,’⁸
998 2128 1123 2172 nec
1154 2114 1259 2172 est
1277 2106 1457 2191 quod
1490 2108 1856 2173 contradici
1889 2109 2024 2173 ullo
2055 2107 2255 2173 modo
2286 2113 2514 2191 queat.

315 2208 438 2273 Sed
469 2230 739 2294 quaeso,
769 2211 1029 2296 inquit,⁰
1094 2215 1187 2289 te,
1219 2209 1375 2273 vide
1424 2229 1627 2293 quam
1657 2210 1730 2274 id
1770 2218 2003 2276 sancte
2051 2217 2249 2294 atque
2296 2211 2513 2274 invio-

313 2310 598 2380 labiliter
627 2317 901 2399 probes,
929 2314 1111 2399 quod
1138 2312 1300 2378 boni
1332 2314 1574 2377 summi
1605 2332 1935 2380 summum
1966 2314 2186 2379 Deum
2216 2313 2512 2377 diximus

312 2432 454 2482 esse
482 2418 1006 2503 plenissimum?
1093 2415 1430 2497 Quonam,
1460 2417 1788 2501 inquam‚⁹
1831 2417 2081 2484 modo?
2139 2416 2292 2483 Ne‘
2334 2414 2511 2481 hunc

241 2597 246 2600 Δ
311 2535 515 2585 rerum
544 2522 844 2587 omnium
875 2518 1164 2608 patremi
1213 2520 1382 2586 illud
1423 2541 1757 2585 summum
1798 2523 2075 2598 bonum,
2106 2539 2242 2604 quo
2272 2519 2509 2603 plenus

276 2619 286 2634 ‘
308 2638 447 2687 esse
470 2623 877 2708 perhibetur,
898 2625 1011 2691 vel
1038 2624 1451 2690 extrinsecus
1475 2624 1849 2708 accepisse,
1873 2624 1982 2689 vel
2004 2624 2101 2687 ita
2120 2622 2510 2688 naturaliter

368 2757 385 2790 ἰ
413 2761 520 2823 Ego
550 2760 807 2812 Bo'e‘thias.
935 2761 961 2796 ὅ
999 2761 1200 2811 Cutinam
1218 2756 1291 2808 rei
1311 2757 1425 2809 insit
1455 2758 1539 2808 illa
1549 2757 1786 2820 felicitas,
1805 2759 1877 2808 ait
1903 2759 2227 2821 Philosophia.
2309 2757 2324 2791 1
2359 2756 2508 2805 Notio

306 2823 399 2874 Dei
419 2826 637 2876 omnibus
658 2827 874 2877 humanis
894 2827 1125 2878 mentibus
1149 2825 1313 2874 insita.
1488 2831 1527 2855 ”⁸
1561 2822 1876 2886 Imperfectis.
2061 2832 2088 2855 ’⁸
2123 2825 2230 2884 Ego
2252 2822 2502 2872 Boethius.

306 2896 326 2919 ⁶
355 2890 680 2955 Philosophia.
873 2901 904 2935 Ρ
935 2894 1091 2943 Deum
1113 2890 1280 2941 habere
1300 2888 1531 2939 rationem
1551 2889 1723 2939 summi
1747 2889 1868 2939 boni.
2019 2952 2032 2969 ·
2067 2896 2090 2930 9
2125 2890 2233 2950 Ego
2255 2887 2507 2937 Boethius.

304 2960 325 2984 ¹’
355 2954 514 3019 Inquit
531 2956 864 3022 Philosophia.

306 3122 426 3168 —14
459 3120 520 3171 In
542 3136 597 3171 eo
618 3102 787 3172 bonum
818 3120 903 3171 ed.
938 3119 1243 3172 Hack.—-l5
1282 3119 1609 3186 Confitendum
1633 3132 1730 3168 esse
1750 3117 1933 3167 eadem
1956 3115 2174 3167 ed.—16
2207 3114 2336 3178 Reg.
2360 3113 2502 3167 vict.

1294 3217 1508 3269 NOTAE

305 3302 587 3355 exordium.
655 3300 820 3367 Atqui
844 3301 895 3349 in
914 3315 1105 3365 genere
1124 3300 1245 3351 boni
1271 3315 1358 3349 ex·
1438 3299 1716 3363 conceptio
1760 3297 1951 3363 probat
1993 3294 2277 3346 animorum
2298 3295 2330 3347 ς’
2382 3310 2502 3346 cum

236 3405 243 3417 ι
303 3375 407 3428 istit
426 3377 636 3445 aliquod
669 3376 1068 3442 imperfectum:
1103 3377 1232 3427 illud
1258 3377 1358 3427 sci·

302 3452 418 3503 licet
439 3454 577 3520 quod
602 3453 789 3519 fragile
812 3460 895 3503 est
917 3460 975 3504 et
996 3454 1269 3517 caducum,
1288 3453 1357 3504 de

303 3544 397 3595 quo
418 3532 671 3583 hactenus
692 3531 1017 3595 disputatum
1042 3537 1141 3582 est.

305 3655 308 3658 .
361 3604 384 3639 ¹²
408 3608 514 3664 Quo
533 3622 666 3671 vero,
685 3607 858 3671 inquit,
891 3605 1097 3668 habitet]
1145 3620 1210 3656 11.
1232 3605 1355 3656 Phi·

301 3681 531 3748 Iosophia
591 3684 939 3746 demonstrat,
986 3683 1120 3734 hanc
1174 3682 1357 3734 summi

300 3759 417 3810 boni
440 3762 769 3828 qualitatem,
797 3758 900 3809 Dei
931 3773 1076 3812 esse:
1114 3759 1356 3823 quoniam

300 3850 468 3888 rerum
523 3839 750 3889 omnium
803 3836 1051 3901 princeps
1102 3835 1356 3885 rationem

301 3911 405 3965 sive
448 3916 755 3981 qualitatem
794 3913 978 3972 summi
1008 3912 1129 3962 boni
1165 3912 1358 3961 habeat

299 4004 506 4041 necesse
528 3999 641 4041 est:
692 3989 918 4055 alioquin
952 3988 1056 4038 erit
1077 3987 1269 4053 aliquid
1293 4002 1356 4037 eo

300 4068 501 4129 melius,
536 4064 843 4130 perfectius,
867 4065 1028 4129 prius,
1048 4071 1203 4130 atque
1227 4063 1355 4113 anti-

299 4144 467 4208 quius;
486 4144 722 4209 adeoque
742 4144 832 4193 ille
850 4157 951 4192 non
974 4143 1076 4192 erit
1092 4142 1355 4207 princeps.

299 4216 461 4285 Atqui
482 4220 629 4269 Deus
643 4226 733 4288 'est
766 4233 934 4272 rerum
970 4218 1192 4268 omnium
1215 4218 1354 4282 prin-

300 4307 458 4359 ceps:
535 4301 596 4347 ut
647 4296 666 4330 ί
689 4294 969 4350 communis
1021 4295 1354 4350 humanorum

1436 3376 1576 3427 enim
1615 3378 1729 3425 haec
1764 3374 2038 3438 conceptio
2081 3387 2181 3423 nec
2226 3372 2291 3422 de
2325 3372 2500 3436 nihilo,

1435 3469 1535 3505 nec
1558 3470 1590 3506 a
1608 3454 1769 3506 nihilo
1792 3467 1906 3502 esse
1948 3449 2137 3515 possit,
2157 3449 2200 3499 si
2223 3449 2501 3513 conceptio

1438 3531 1529 3582 illa
1551 3530 1714 3581 fuerit
1749 3529 1803 3579 in
1838 3527 2074 3582 omnibus
2113 3525 2374 3576 mentibus
2405 3526 2497 3574 hu-

1437 3606 1725 3673 manis,(ut
1766 3619 1950 3655 revera
1993 3617 2107 3654 esae
2146 3601 2498 3667 unusquisque

1434 3684 1582 3749 hujus
1604 3681 1840 3734 conscius
1858 3677 2171 3745 experitur,)
2191 3693 2407 3728 necesse
2418 3685 2502 3732 est

1436 3767 1497 3815 ut
1517 3765 1713 3813 existat
1749 3763 1910 3823 Deus,
1941 3762 2030 3811 ille
2060 3774 2230 3809 rerum
2271 3758 2498 3808 omnium

1438 3838 1704 3903 princeps,
1740 3838 1804 3888 de
1845 3853 1945 3903 quo
1983 3844 2040 3886 et
2086 3851 2117 3885 a
2157 3848 2257 3901 qno
2291 3834 2365 3884 sit
2407 3834 2499 3883 illa

1439 3915 1455 3942 ‘
1480 3913 1764 3964 communis
1822 3913 2102 3963 animorum
2160 3913 2498 3962 humanorum

1435 3979 1750 4053 conceptio!

1490 4063 1613 4115 ¹Ne
1664 4066 1786 4115 hunc
1834 4081 1993 4116 rerum
2044 4066 2250 4115 omnium
2286 4061 2495 4128 patrem]

1433 4156 1519 4193 111.
1565 4143 1898 4206 Philosophia
1961 4143 2298 4202 demonstrat,
2360 4141 2493 4189 hanc

1433 4220 1617 4269 summi
1642 4219 1762 4269 boni
1780 4218 2032 4268 rationem
2055 4218 2164 4267 sive
2187 4215 2495 4280 qualitatem

1434 4312 1550 4349 esse
1571 4296 1764 4366 abipso
1802 4297 1925 4354 Deo
1955 4293 2338 4347 indistinctam:
2371 4290 2497 4362 quia
