3049 4928
545 405 681 471 430

548 565 770 629 subiecti
815 564 1042 614 humoris
1080 562 1408 614 alimoniam!
1490 559 1608 611 Alia

544 644 651 693 vid.
678 644 729 692 in
753 644 1044 693 collectan.
1075 641 1198 694 Janl
1232 641 1389 692 Dusoe
1414 639 1507 689 filii
1543 640 1606 689 ad

546 721 795 784 Propert.
819 721 966 784 Eleg.
996 724 1042 769 l.
1077 719 1167 770 lib.
1193 732 1268 768 tv.
1323 720 1474 769 Idem.

612 797 743 852 Quin
785 797 931 846 etium
964 795 1151 858 causus]
1204 795 1386 845 Manil.
1429 794 1522 845 lib.
1567 809 1604 844 1.

542 872 557 898 6
584 873 691 922 Cur
736 871 929 921 imbres
974 878 1207 933 ruerent,
1260 880 1443 924 ventos
1488 885 1603 935 quae

544 963 728 998 caussa
748 955 997 1010 moveret,
1020 948 1294 999 Pervidit.'
1324 949 1474 998 Idem.

614 1026 830 1075 Flamina
848 1026 953 1075 soll.
974 1041 1062 1090 oeq.
1081 1025 1179 1098 ·P.]
1215 1025 1476 1077 Arnobius
1511 1023 1605 1076 lib.

542 1114 581 1149 1.
607 1099 741 1151 Adv.
764 1102 982 1166 Gentes,
1014 1104 1029 1130 6
1050 1102 1318 1154 Flaturas'
1354 1102 1604 1152 nominat.

540 1178 554 1204 ‘
576 1177 716 1228 Quid
740 1179 875 1228 enim
897 1179 937 1228 si
960 1180 1056 1229 boc
1082 1185 1238 1243 paeto
1257 1178 1604 1242 navigationis

542 1254 903 1318 cupidissimus
925 1264 1272 1322 conqueratur
1295 1264 1475 1307 ventos
1490 1256 1603 1319 jam

540 1330 627 1379 diu
650 1346 750 1380 non
774 1347 907 1394 esse,
928 1340 984 1383 et
1006 1333 1119 1384 caeli
1138 1334 1496 1397 conquievisse
1515 1331 1605 1382 fla·

540 1414 682 1457 tutas
693 1409 727 1459 ξ’
750 1411 819 1458 Et
837 1410 1018 1460 liban.
1036 1410 1210 1461 ‘Aeris
1224 1410 1451 1462 fluores!
1484 1411 1499 1439 ‘
1515 1411 1605 1460 In-

538 1487 815 1551 telligimus
859 1502 1036 1540 omnes
1083 1496 1268 1539 ventos
1313 1487 1448 1537 aeris
1489 1501 1603 1537 esse

538 1561 747 1627 fluores,
778 1565 953 1628 pulsos
991 1571 1046 1614 et
1086 1562 1359 1616 mundanis
1387 1563 1603 1613 rationi-

537 1639 631 1688 bus
669 1639 999 1691 coneitatos.’
1076 1641 1253 1690 Valet.
1294 1639 1469 1690 Flacc.
1511 1638 1604 1689 lib.

538 1729 624 1766 ιιι.
659 1717 675 1744 6
698 1717 930 1766 Flamina
950 1718 1253 1767 conticuere
1274 1732 1288 1777 ;
1314 1715 1469 1782 jacet
1490 1715 1602 1765 sine

535 1790 740 1842 flatibus
765 1793 978 1858 aequor!
1014 1793 1165 1843 Idem.

596 1869 867 1919 Autumnus
882 1869 1102 1932 gravidis
1121 1869 1295 1934 influat
1313 1869 1441 1932 uvis]
1464 1871 1602 1921 Stat.

536 1949 583 1993 1.
606 1945 807 2009 Sylvar.
840 1949 856 1975 ⁴
876 1948 947 1997 Et
968 1947 1133 1996 multo
1170 1945 1415 2010 gravidus
1452 1962 1601 1997 mero

533 2021 859 2073 December!
932 2024 1204 2083 claudian.
1256 2023 1323 2073 de
1380 2024 1603 2075 Laudib.

532 2101 701 2152 Stilic.
727 2104 761 2152 1.
786 2118 849 2153 11.
873 2119 948 2153 vs.
971 2108 1087 2155 466.
1121 2104 1136 2132 6
1158 2103 1410 2153 Autumni
1436 2110 1602 2153 matu·

533 2184 617 2227 ret
633 2180 866 2243 gramina
881 2181 1065 2245 Virgo,
1086 2181 1276 2230 Lenior
1292 2187 1348 2230 et
1369 2180 1600 2244 gravidis

531 2257 746 2307 allatret
787 2258 948 2308 Sirius
987 2257 1135 2309 uvis!
1201 2258 1218 2286 ‘
1237 2257 1559 2308 Autumnum
1581 2257 1597 2280 ’

530 2347 626 2396 pro
638 2333 752 2396 ipso
764 2333 936 2386 fructu
949 2336 1232 2386 autumnali
1250 2335 1422 2400 posuit
1437 2334 1598 2386 Ovid.

529 2423 612 2460 rx.
636 2411 768 2461 Met.
791 2412 917 2463 Fab.
941 2418 990 2464 1.
1014 2414 1031 2442 ‘
1052 2413 1299 2476 Incessit,
1320 2420 1597 2479 totumque

530 2490 650 2540 tulit
703 2492 980 2555 praedivite
1030 2507 1192 2542 cornu
1239 2490 1596 2543 Autumnum?

527 2566 663 2618 Item
684 2570 890 2619 Seneca
909 2569 1126 2635 Thyest.
1154 2584 1228 2619 vs.
1252 2574 1366 2619 167.
1399 2571 1415 2598 6
1432 2571 1596 2619 Totus

526 2645 578 2694 in
603 2646 818 2697 arduum
844 2647 1138 2697 Autumnus
1169 2646 1391 2711 rapitur,
1426 2647 1596 2711 sylva·

524 2736 624 2785 que
647 2721 883 2772 mobilis!
949 2724 965 2751 ‘
981 2723 1320 2772 Mustulentae
1340 2721 1597 2771 Autumni

525 2797 752 2849 delitiae'
786 2798 943 2866 Apul.
962 2801 998 2849 l.
1020 2804 1070 2849 9.
1127 2798 1342 2849 Dicitur
1363 2804 1421 2847 et
1450 2797 1595 2848 ‘Au-

526 2875 809 2938 tumnitas,’
848 2891 952 2941 quo
987 2876 1195 2927 nomine
1234 2877 1312 2925 nsi
1352 2875 1594 2926 Veteres.

523 2952 658 3001 Vide
674 2953 844 3003 Notas
858 2953 1121 3003 eruditiss.
1132 2953 1168 3004 J
1172 2953 1256 3002 oh.
1273 2954 1592 3002 aWouwern

525 3027 588 3075 ad
620 3029 895 3079 Minatium
915 3028 1161 3092 Felicem,
1178 3035 1234 3077 et
1250 3027 1592 3077 Miscellanea

522 3104 782 3156 Francisci
806 3106 1001 3170 Just-eti,
1033 3106 1099 3155 ad
1138 3105 1228 3156 lib.
1250 3118 1335 3156 ιιι.
1356 3105 1591 3169 Symma-

523 3181 624 3241 chi,
644 3183 816 3246 Epist.
840 3187 924 3233 28.
960 3184 1111 3233 Idem.

587 3258 809 3309 latentis
832 3261 1040 3311 Nature
1061 3260 1220 3310 varias
1239 3261 1436 3310 reddere
1456 3268 1613 3310 caus:

518 3335 618 3399 sas]
674 3336 872 3386 Eadem
912 3335 1025 3387 fere
1070 3337 1257 3387 scribit
1291 3336 1358 3386 de
1401 3337 1587 3387 Archi·

519 3411 671 3460 mede
709 3412 866 3462 Silius
904 3413 1030 3464 Ital.
1068 3413 1160 3463 lib.
1185 3426 1299 3463 xxv.
1346 3414 1442 3475 ¹Et
1485 3415 1587 3463 Lu-

519 3494 649 3539 cret.
687 3489 776 3540 lib.
798 3504 838 3539 1.
875 3490 943 3540 de
978 3491 1236 3555 Epicuro:
1285 3491 1585 3541 ‘Virtutem

516 3566 688 3616 irritat
712 3567 891 3632 animi,
909 3567 1243 3632 confringere
1263 3575 1320 3617 ut
1339 3576 1457 3619 arta
1475 3569 1583 3637 Na-

517 3651 647 3693 turae
674 3644 867 3707 primus
892 3654 1156 3710 portarum
1180 3645 1411 3695 claustra
1437 3647 1584 3710 cupi-

517 3720 637 3770 ret.’
669 3721 823 3772 Idem.
994 3785 1001 3791 ²
1110 3723 1117 3729 “

587 3798 918 3863 Decliuemque
947 3814 1121 3863 gerens
1151 3803 1354 3864 pondere
1373 3801 1582 3867 cauum]

515 3873 777 3925 Prudent.
823 3876 875 3924 in
915 3876 1209 3942 Hamartig.
1252 3878 1268 3905 ‘
1290 3877 1424 3927 Nam
1462 3879 1583 3943 quia

518 3951 776 4002 Naturam
800 3961 1009 4003 tenuem
1034 3954 1257 4005 declivia
1280 3956 1405 4006 vitae
1437 3957 1581 4005 Pon-

512 4026 640 4077 dera
660 4043 763 4079 non
789 4031 1119 4094 reprimunt!
1184 4033 1305 4085 Vid.
1326 4049 1442 4099 quae
1465 4040 1577 4084 not.

514 4105 580 4154 ad
604 4121 679 4157 vs.
696 4114 748 4157 5.
767 4109 900 4160 Met.
924 4109 1014 4160 lib.
1034 4123 1112 4162 lv.
1149 4112 1303 4161 Idem.

577 4184 766 4234 Pansa
798 4190 847 4237 2.
913 4187 1104 4237 Invicta
1138 4194 1186 4238 te
1208 4187 1455 4254 firmitate
1474 4192 1579 4236 tue-

509 4263 701 4333 reutur]
735 4265 799 4314 P.
821 4266 980 4330 Syrus
1001 4283 1014 4315 z
1050 4267 1065 4294 ‘
1088 4267 1207 4317 Non
1231 4266 1393 4329 eripit
1414 4264 1577 4315 fortu-

512 4351 596 4400 na,
619 4339 719 4389 nisi
740 4341 879 4406 quod
903 4348 958 4392 et
977 4340 1160 4393 dedit!
1199 4343 1350 4391 Idem.

1259 408 1472 469 NO'TAE
1522 418 1922 468 unionum
1976 418 2054 466 tN

1755 561 2043 623 Lethargum
2083 559 2297 623 patitur]
2367 559 2555 610 Horat.
2578 559 2738 609 Serm.

1687 652 1748 688 ιι.
1780 641 1890 692 Sat.
1914 644 1961 689 Β.
1993 640 2008 666 6
2032 639 2291 701 Letliargo
2317 637 2505 702 grandi
2545 645 2625 687 est
2661 652 2743 700 op·

1686 715 1933 780 pressus!
2001 717 2086 768 De
2105 716 2201 764 hoc
2226 715 2406 765 morbo
2430 721 2630 780 praeter
2650 713 2746 763 Lu-

1684 800 1812 844 cret.
1855 793 1944 844 lib.
1985 806 2070 844 ιιι.
2118 793 2186 843 Q,
2222 794 2471 851 Serenus,
2506 804 2628 852 cap.
2665 793 2746 838 56.

1679 869 1695 896 6
1732 869 1968 935 Denique
2013 882 2380 934 nonnunquam
2437 881 2620 915 somno
2679 865 2750 914 sic

1682 946 1914 996 membra
1946 953 2248 1010 gravantur,
2291 946 2363 995 Ut
2395 943 2751 1007 conjungatur

1683 1023 1823 1072 lecto
1856 1037 2010 1086 sopor
2042 1023 2178 1072 altus
2219 1019 2449 1071 acerbo!
2523 1021 2596 1069 Et
2628 1019 2751 1072 Cor·

1683 1099 1783 1148 nel.
1804 1099 2006 1161 Celsus,
2039 1099 2129 1149 lib.
2168 1112 2255 1148 ιιι.
2293 1112 2410 1160 cap.
2444 1100 2534 1148 20.
2559 1095 2577 1130 6
2599 1093 2752 1144 Alter

1681 1190 1886 1239 quoque
1908 1176 2112 1226 morbus
2147 1182 2227 1224 est
2259 1175 2415 1225 aliter
2438 1171 2750 1235 phrenetico

1681 1251 1994 1302 contrarius.
2060 1252 2123 1301 In
2163 1251 2251 1301 illo
2274 1248 2501 1300 difficilis
2526 1260 2748 1304 somnus,

1682 1335 1926 1392 prompta
1959 1329 2023 1378 ad
2062 1341 2265 1378 omnem
2289 1326 2570 1378 audaciam
2604 1338 2745 1375 mens

1681 1412 1795 1455 est:
1829 1411 1886 1454 at
1908 1405 1958 1454 in
1977 1406 2075 1456 hac
2097 1419 2319 1468 marcor,
2339 1412 2395 1453 et
2420 1403 2751 1466 inexpugna-

1681 1484 1799 1534 bilis
1825 1499 1973 1548 poene
1997 1484 2287 1536 dormiendi
2322 1482 2631 1544 necessitas,
2662 1479 2747 1539 λή·

1678 1567 1846 1627 θαργος
1892 1563 2083 1615 (ἕηκε
2122 1563 2452 1613 nominatur:
2489 1571 2654 1626 atque
2694 1560 2746 1609 id

1679 1654 1887 1704 quoque
1933 1655 2096 1705 genus
2141 1648 2352 1690 acutum
2404 1645 2512 1701 est,
2553 1644 2611 1688 et
2650 1637 2744 1687 nisi

1679 1717 2028 1780 succurritur,
2046 1719 2291 1769 celeriter
2302 1716 2557 1782 jugulat.’
2595 1716 2743 1766 Iden.

1744 1793 2006 1857 Oculo-sque
2044 1809 2169 1845 meos
2209 1793 2425 1858 siccavit]
2494 1794 2741 1858 Propert.

1676 1868 1768 1921 lib.
1811 1884 1898 1921 ιιι.
1943 1871 2096 1935 Eleg.
2138 1877 2187 1923 5.
2236 1870 2609 1935 ‘Humidaque
2654 1870 2741 1920 im-

1678 1964 1860 2012 pressa
1881 1949 2116 1999 siccabat
2131 1948 2325 1999 lumina
2345 1946 2499 1999 lana!
2535 1947 2709 1997 Sitzm.

1740 2027 1935 2076 Merra.
1970 2031 2020 2076 8.
2085 2025 2316 2075 Discussa
2349 2022 2508 2086 noete]
2560 2025 2741 2074 Senec.

1675 2106 1726 2155 in
1765 2105 1928 2156 Herc.
1964 2107 2074 2157 OEt.
2114 2121 2188 2155 vs.
2218 2108 2362 2154 1707.
2415 2108 2430 2132 6
2453 2102 2615 2153 Nube
2637 2102 2737 2152 dis·

1675 2196 1831 2232 cussa
1877 2181 2018 2232 diem
2063 2180 2286 2231 Pande.’
2343 2180 2619 2230 Claudian.
2659 2178 2737 2228 De

1674 2259 1895 2311 Laudib.
1931 2258 2100 2310 Stilic.
2145 2258 2236 2309 lib.
2264 2271 2332 2308 ιι.
2362 2272 2435 2307 νε.
2461 2260 2543 2307 11.
2575 2257 2591 2285 6
2612 2256 2740 2305 Vul-

1674 2341 1836 2400 tuque
1879 2350 2067 2386 sereno
2103 2332 2650 2385 Diseussis.tenebris
2689 2331 2739 2380 in

1672 2414 1843 2464 lucem
1882 2415 2074 2464 saecula
2097 2412 2274 2464 fudit!
2340 2413 2473 2463 Min.
2502 2412 2650 2462 Felix
2684 2411 2740 2460 in

1672 2492 1899 2542 Octavlo
1925 2509 1937 2542 z
1968 2493 1985 2521 ‘
2004 2494 2077 2544 Et
2100 2507 2216 2543 cum
2251 2492 2483 2542 discussa
2513 2489 2739 2552 caligine

1670 2569 1737 2618 de
1782 2569 2119 2620 tenebrarum
2164 2567 2425 2632 profundo
2471 2567 2526 2615 in
2569 2567 2738 2616 lucem

1669 2647 1955 2711 Sapientiae
1994 2653 2050 2698 et
2095 2647 2349 2698 Veritatis
2396 2659 2739 2710 emergerem,

1669 2738 1770 2772 non
1821 2725 2024 2788 respuit
2055 2725 2316 2787 comitem,
2351 2723 2443 2773 sed
2483 2723 2624 2787 quod
2656 2730 2739 2772 est

1670 2800 1945 2864 gloriosius
2003 2800 2390 2866 praecucurrit!
2480 2799 2739 2863 Apuleius

1671 2879 1888 2927 Metam.
1929 2877 2023 2927 lib.
2047 2891 2112 2928 ιι.
2150 2877 2167 2905 6
2195 2879 2367 2927 Nocte
2391 2875 2629 2925 discussa
2650 2875 2741 2926 Sol

1668 2970 1831 3006 novus
1852 2956 1990 3006 diem
2013 2954 2182 3006 fecit!
2214 2955 2364 3005 Idem.

1739 3035 1808 3084 Ut
1827 3049 1932 3084 eum
1949 3033 2222 3098 precipiti]
2243 3033 2434 3091 Senec.
2454 3031 2509 3080 in
2531 3029 2740 3094 Hippo·

1664 3112 1797 3174 lyto,
1829 3126 1931 3162 vas.
1968 3115 2085 3161 ⁷34.
2115 3110 2306 3174 ‘Fugit
2329 3109 2528 3158 insanae
2554 3105 2738 3157 similis

1668 3189 1915 3250 procellae
1962 3186 2145 3250 Ocyor
2194 3186 2359 3235 nubes
2405 3185 2735 3248 glomerante

1666 3263 1840 3313 Coro.'
1876 3264 2069 3327 Virgil.
2085 3277 2125 3314 1.
2144 3262 2342 3327 Georg.
2362 3262 2379 3288 ‘
2397 3261 2556 3325 Saepe
2574 3260 2736 3309 etiam

1662 3339 1970 3390 immensum
1994 3339 2128 3391 coelo
2167 3340 2311 3388 venit
2350 3352 2539 3402 agmen
2577 3352 2737 3402 aqna·

1664 3431 1797 3479 rum,
1821 3418 1891 3466 Et
1914 3416 2105 3466 saedam
2129 3416 2422 3479 glomerant
2445 3419 2735 3477 tempesta-

1665 3499 1768 3543 tem
1812 3492 2066 3542 imbribus
2098 3492 2225 3541 atris
2249 3491 2504 3540 Collectae
2530 3504 2595 3538 ex
2622 3489 2733 3538 alto

1661 3570 1862 3620 nubes.'
1925 3570 2082 3619 Silius
2105 3569 2229 3618 Ital.
2256 3568 2345 3617 lib.
2371 3580 2458 3618 111.
2526 3566 2542 3594 6
2561 3566 2730 3615 Inter·

1661 3649 1783 3698 dum
1807 3648 2030 3698 adverso
2054 3648 2374 3711 glomeratus
2398 3643 2609 3694 turbine
2633 3644 2733 3693 Co-

1661 3739 1748 3774 rus
1784 3725 1848 3774 In
1886 3724 2054 3774 media
2093 3738 2185 3772 ora
2223 3723 2370 3772 nives
2412 3719 2575 3770 fuscis
2617 3718 2732 3784 agit

1658 3801 1896 3851 horridus
1919 3799 2053 3849 aiis!
2087 3799 2237 3850 Idem.

1725 3877 1900 3941 Corus]
1970 3879 2068 3926 Est
2113 3877 2253 3926 idem
2297 3876 2390 3941 qui
2445 3877 2463 3904 ‘
2489 3873 2730 3926 θυι-αι’

1657 3956 1796 4006 Nam
1828 3961 1886 4004 et
1917 3955 2199 4018 ‘plostrum
2220 3952 2234 3975 '
2271 3959 2328 4002 et
2367 3952 2383 3980 ‘
2405 3949 2728 4016 plaustrum‚’

1655 4035 1672 4061 6
1692 4030 1965 4083 clostrum'
2014 4036 2072 4080 et
2122 4031 2137 4058 ‘
2158 4030 2444 4080 claustrum
2464 4027 2481 4051 ’
2537 4028 2721 4077 dixere

1654 4111 1897 4160 Veteres.
1933 4107 2191 4172 Apuleius
2210 4106 2277 4155 de
2300 4102 2531 4155 Mundo:
2559 4105 2573 4133 ‘
2591 4104 2725 4154 Cau-

1654 4203 1743 4237 rus
1778 4185 1968 4236 Graece
2002 4182 2243 4249 ἂργέστης
2284 4189 2524 4244 vocatur,
2565 4182 2607 4230 is
2640 4187 2724 4230 est

1655 4264 1907 4314 adversus
1931 4259 2215 4327 Aquiloni!
2250 4260 2402 4309 Idem.

1719 4339 1930 4402 Boreas]
1957 4337 2211 4404 Apuleius
2235 4337 2301 4387 de
2323 4335 2562 4387 Mundo:
2583 4335 2598 4363 6
2615 4334 2719 4387 Qui
