3049 4928
575 408 708 475 436

582 571 836 621 Cicerone
868 567 1159 632 Philippica
1193 581 1257 617 11.
1290 566 1444 632 Agel.
1467 567 1559 618 lib.
1586 582 1644 618 v.

579 663 694 710 cap.
710 651 759 697 4.
785 646 999 711 aliisque
1023 644 1305 710 vulgatum.
1347 646 1579 696 Rerum.

645 724 866 773 Siderum
896 725 999 772 vias
1018 723 1153 771 radio
1178 721 1480 785 describeres]
1524 722 1647 772 Vir·

579 801 667 864 gil.
687 805 735 850 6.
759 801 962 852 AEneid.
1007 804 1023 830 ‘
1047 800 1278 865 Caelique
1317 807 1521 849 meatus
1543 799 1642 847 De·

580 878 812 928 scribent
855 879 1018 941 radio,
1065 883 1121 927 et
1164 877 1432 940 surgentia
1474 876 1648 926 sidera

580 954 791 1003 dicent!
829 954 1001 1004 δίεπε.

645 1031 868 1080 Siderum
905 1030 1029 1092 vias]
1066 1031 1143 1079 Ea
1183 1029 1531 1093 pulcherrima
1564 1037 1648 1078 est

578 1106 829 1169 imprimis
849 1106 1143 1171 disciplina,
1162 1120 1333 1156 rerum
1356 1107 1646 1155 coelestium

580 1184 829 1246 cognitio,
873 1193 928 1233 et
973 1182 1176 1233 bomine
1219 1197 1338 1232 cum
1392 1181 1646 1232 doctrinm

581 1268 690 1309 tum
715 1261 927 1323 pietatis
948 1260 1180 1310 studioso
1204 1261 1361 1324 digna
1381 1277 1395 1310 z
1430 1261 1564 1310 adeo
1586 1269 1647 1311 nt

581 1336 916 1401 Anaxagoras
940 1339 1056 1387 huic
1077 1339 1165 1387 nni
1189 1346 1298 1389 tota
1320 1339 1423 1388 sibi
1446 1340 1555 1388 vita
1571 1339 1647 1387 in-

577 1416 920 1465 cumbendum
955 1416 1184 1478 diceret3
1219 1416 1261 1464 is
1286 1417 1441 1477 enim,
1480 1421 1543 1465 ut
1564 1423 1647 1465 est

576 1496 712 1555 apud
756 1493 1034 1553 laertium,
1084 1492 1319 1557 ἐρωτηθείς
1349 1511 1468 1543 ποτε
1499 1491 1563 1543 εἰς
1598 1492 1649 1541 τί

576 1568 850 1632 γεγένηται,
884 1569 961 1621 Εἷς
990 1570 1179 1635 θεωρίαν
1218 1570 1361 1638 (ἔφη)
1395 1570 1535 1631 ἡλίου
1568 1571 1648 1621 καὶ

577 1646 783 1707 σελήνης
818 1647 896 1697 καὶ
941 1649 1153 1712 οὐρανοῦ,
1195 1652 1210 1677 ‘
1249 1656 1457 1713 rogatus
1498 1652 1646 1714 cujus

576 1726 655 1774 rei
677 1739 837 1774 cansa
854 1733 1007 1775 natus
1024 1730 1185 1788 esset,
1210 1726 1554 1790 Inspiciendi,
1571 1727 1646 1775 in·

576 1802 707 1865 quit,
729 1802 863 1864 coeli,
895 1809 950 1852 et
983 1804 1125 1865 solis,
1159 1810 1214 1854 et
1237 1803 1414 1854 lunae.’
1482 1806 1642 1869 Cujus

575 1879 829 1929 rationem
886 1879 1064 1930 reddit
1092 1881 1355 1930 -Plotinus
1399 1882 1642 1931 Ennead.

576 1970 683 2005 vn.
711 1956 803 2006 lib.
840 1971 944 2007 v11.
998 1957 1083 2008 ‘ns
1112 1956 1170 2015 δὴ
1205 1959 1232 2006 ὅ
1271 1957 1545 2022 ἀναβλέψας
1579 1957 1645 2008 εἰς

572 2033 661 2081 τὸν
691 2032 882 2096 οὐρανὸν
919 2032 999 2082 καὶ
1029 2033 1088 2082 τὸ
1122 2037 1216 2083 τῶν
1247 2034 1432 2100 ἄστρων
1460 2034 1644 2099 φέγγος

574 2109 697 2171 ἰδὼν,
714 2109 799 2159 τὸν
818 2110 1080 2170 ποιήσαντα
1099 2113 1355 2175 ἑνθυμεῆαι
1381 2114 1460 2164 καὶ
1481 2113 1637 2177 ζητεῖ*

573 2186 694 2235 οὕτω
739 2186 852 2250 χρὴ,
896 2187 974 2237 καὶ
1028 2188 1114 2238 τὸν
1158 2190 1325 2249 νοητὸν
1371 2190 1550 2252 κόσμον
1589 2191 1643 2243 os

573 2261 813 2312 ἐθεάσατο·
852 2264 931 2313 καὶ
976 2266 1121 2316 ἑνεῖδε
1162 2267 1241 2316 καὶ
1279 2267 1514 2329 ἐθαύμασε
1556 2269 1642 2318 τὸν

571 2339 782 2390 κάκείνου
816 2341 1046 2402 roim-{1112
1102 2351 1118 2373 ‘
1145 2344 1348 2409 Nempe
1396 2347 1640 2410 quemad-

571 2418 777 2469 modum
801 2420 891 2485 qui
913 2422 963 2470 in
984 2422 1171 2472 coelum
1205 2422 1506 2487 diligentins
1531 2437 1639 2472 sus·

571 2497 721 2562 picit,
767 2500 1139 2565 stellarumque
1177 2501 1510 2565 splendorem
1545 2503 1638 2550 im-

566 2574 780 2636 pensius
822 2585 1120 2640 contuetur,
1168 2577 1405 2641 protinus
1457 2587 1638 2629 aucto-

569 2649 697 2698 rem’
735 2651 912 2700 mundi
953 2653 1193 2716 ‘cogitat
1230 2661 1389 2719 atque
1429 2656 1638 2720 perqui-

566 2726 672 2776 rit:
707 2727 780 2776 sic
813 2736 1023 2791 oportet
1059 2737 1114 2780 et
1136 2744 1254 2778 enm
1279 2731 1367 2795 qui
1388 2733 1638 2782 mundum

565 2803 952 2867 intelligibilem
974 2806 1228 2870 intuetur,
1262 2809 1449 2870 cernit,
1472 2808 1636 2858 admi-

565 2888 733 2941 ratur,
757 2880 1058 2932 effectorem
1098 2884 1212 2948 ejus
1246 2885 1526 2950 diligenter
1559 2887 1637 2935 in-

567 2958 804 3021 quirere!
878 2960 1102 3009 Hermes
1153 2962 1320 3011 trism.
1368 2961 1636 3026 Asclepio,

567 3032 583 3060 ‘
608 3033 826 3099 Itaque'
847 3037 991 3086 Deus
1015 3039 1031 3066 ‘
1051 3038 1308 3088 bominem
1342 3037 1633 3089 conforma·

563 3111 641 3160 vit
677 3127 743 3161 ex
778 3114 932 3163 animi
964 3122 1022 3164 et
1055 3114 1310 3179 corporis,
1348 3114 1401 3163 id
1431 3121 1535 3177 est,
1565 3131 1634 3165 ex

567 3192 765 3239 aetern'a
796 3197 852 3239 et
886 3192 1094 3241 mortali
1131 3197 1336 3253 natura,
1359 3200 1419 3241 ut
1443 3192 1633 3242 animal

561 3266 643 3315 ita
661 3266 1040 3318 conformatum
1075 3272 1285 3336 utrique
1319 3271 1503 3334 origini
1526 3286 1631 3321 snae

563 3342 869 3393 satisfacere
918 3347 1102 3410 possit,
1154 3354 1210 3397 et
1254 3348 1429 3397 mirari
1473 3357 1633 3413 atque

566 3432 716 3468 orare
761 3421 993 3472 coelestia
1036 3431 1091 3474 et
1133 3432 1351 3489 aeterna,
1407 3426 1634 3476 incolere

562 3501 722 3559 atque
746 3497 1035 3561 gubernare
1075 3501 1320 3551 terrena!
1387 3504 1457 3552 Et
1478 3503 1633 3566 paulo

561 3579 701 3635 post,
743 3581 757 3602 ‘
780 3574 1058 3648 Hominum
1098 3577 1236 3627 enim
1279 3578 1631 3628 admirationi·

563 3650 680 3711 bus,
715 3651 1127 3718 adorationibus,
1170 3654 1431 3717 laudibus,
1481 3657 1632 3707 obse-

562 3726 695 3791 quiis
736 3728 920 3778 coelum
962 3731 1312 3795 coelestesqne
1366 3733 1631 3784 delectan-

562 3811 672 3853 tur:
712 3820 808 3855 nec
850 3808 1107 3859 immerito
1148 3811 1203 3859 in
1237 3811 1494 3861 hominum
1530 3828 1632 3863 coe-

563 3889 671 3930 tum
714 3883 979 3934 Musarum
1015 3886 1201 3937 chorus
1238 3897 1321 3938 est
1364 3904 1395 3938 a
1433 3905 1633 3939 summa

561 3956 838 4008 divinitate
877 3960 1149 4024 demissus,
1183 3964 1382 4014 scilicet
1421 3979 1485 4014 ne
1529 3975 1630 4015 ter-

561 4047 716 4082 renus
739 4036 956 4085 mundus
993 4038 1260 4090 videretur
1291 4043 1557 4103 incultior,
1586 4044 1630 4092 si

562 4113 879 4163 modulorum
904 4115 1181 4166 dulcedine
1214 4120 1494 4180 caruisset;
1536 4119 1627 4167 sed

559 4191 731 4251 potius
771 4200 827 4239 ut
854 4193 1131 4243 modulatis
1166 4194 1425 4243 hominum
1463 4198 1628 4244 canti-

552 4267 694 4314 lenis
739 4269 1193 4320 concelebraretur
1236 4272 1488 4329 laudibus,
1537 4273 1627 4337 qui

558 4345 694 4393 solus
735 4348 906 4396 omnia
947 4356 1005 4398 nt
1054 4356 1207 4413 pater
1252 4356 1335 4398 est
1379 4350 1624 4411 omnium,

1266 422 1483 473 No'rAE
1532 423 1936 475 VAluoRUM
1987 425 2067 475 m

1727 575 1885 634 atque
1915 570 1992 620 ita
2023 567 2324 619 coelestibus
2351 567 2591 618 laudibus
2614 568 2782 619 necin

1722 647 1876 697 terris
1912 647 2190 696 harmoniae
2243 646 2472 696 suavitas
2522 646 2786 697 defuisset.

1721 723 1899 788 Aliqui
1923 724 2057 772 enim
2082 724 2284 789 ipsique
2316 725 2638 787 paucissimi,
2660 739 2786 788 pura

1723 808 1899 850 mente
1957 799 2186 864 praediti,
2254 802 2424 851 sortiti
2486 809 2611 851 sunt
2672 803 2785 852 coeli

1721 878 2040 940 suspiciendi
2093 879 2524 927 venerabiliorem
2579 878 2787 929 curam.’

1723 955 1882 1005 ovid.
1913 968 1951 1003 ι.
1979 956 2122 1005 Fast.
2167 956 2182 983 ‘
2208 954 2409 1005 Felices
2445 957 2657 1018 animae,
2686 956 2789 1021 qui·

1722 1032 1815 1081 bus
1856 1031 1972 1081 haec
2013 1045 2332 1095 cognoscere
2376 1032 2575 1096 primis,
2630 1032 2788 1096 Inque

1722 1108 1901 1157 domos
1946 1122 2162 1171 superas
2196 1107 2472 1170 scandere,
2510 1124 2645 1158 cura
2675 1107 2788 1158 fuit.

1722 1185 1984 1234 Credibile
2022 1193 2123 1246 est,
2161 1186 2277 1234 illos
2316 1185 2517 1249 pariter
2554 1186 2789 1249 vitiisque

1718 1263 1947 1327 locisque
1993 1260 2168 1311 Altius
2215 1261 2446 1327 humanis
2499 1263 2788 1310 exseruisse

1721 1339 1919 1402 caput!
1957 1340 2124 1391 Quam
2145 1338 2414 1388 scientiam
2439 1338 2681 1402 AEgyptii
2703 1352 2788 1387 seu

1723 1416 1958 1467 Chaldaei
2000 1414 2291 1478 γενεθλιακοὶ
2329 1416 2382 1464 in
2418 1417 2619 1465 vetitas
2655 1424 2787 1465 artes

1723 1501 2110 1557 converterunt,
2133 1494 2241 1543 ausi
2276 1494 2481 1543 scilicet
2503 1495 2789 1557 praedicere

1723 1570 2050 1625 mortalibus,
2096 1577 2156 1619 ut
2195 1569 2268 1619 ait
2308 1570 2579 1632 Manilius,
2620 1572 2636 1597 ‘
2665 1571 2790 1620 Nas-

1721 1647 1876 1697 cendi
1927 1662 2044 1712 quae
2102 1647 2287 1712 cuique
2332 1646 2464 1708 dies,
2508 1661 2635 1711 quae
2692 1648 2792 1696 vita

1720 1723 1930 1786 fuisset,
1963 1725 2025 1774 In
2057 1739 2186 1789 quas
2218 1723 2444 1773 fortunae
2468 1724 2621 1786 leges
2657 1737 2792 1788 quae-

1719 1816 1822 1866 que
1840 1801 1970 1850 hora
1991 1799 2224 1851 valeret!
2263 1799 2440 1849 Vallia.

1785 1880 1866 1929 Aa
1897 1879 2098 1929 calestia
2138 1878 2320 1927 ordinis
2355 1875 2630 1939 exemplar]
2674 1875 2790 1924 Pla·

1719 1957 1858 2007 tonis
1906 1957 2069 2006 verba
2113 1963 2234 2006 sunt
2278 1955 2463 2004 ultima
2497 1954 2587 2004 lib.
2610 1969 2689 2004 rx.
2725 1954 2796 2002 de,

1718 2035 1856 2099 Rep.
1920 2032 2164 2084 Μανθάνω·
2199 2031 2344 2099 (ἔφη)
2366 2033 2417 2081 ἐν
2437 2028 2471 2097 ᾖ
2491 2032 2577 2080 νῦν
2608 2030 2789 2089 διήλθο·

1714 2129 1805 2173 μεν
1819 2109 2070 2174 οἷκίζοντες
2090 2108 2226 2160 πόλει
2241 2107 2418 2169 λέγεις,
2449 2108 2513 2172 τῇ
2549 2108 2604 2156 ἐν
2629 2106 2791 2167 λόγοις

1716 2187 1919 2253 κειμένῃ·
1955 2186 2055 2236 ἐπεὶ
2073 2189 2166 2248 γῆς
2186 2203 2247 2248 γε
2263 2186 2465 2247 οὐδαμοῦ
2490 2182 2626 2245 οἶμαι
2647 2184 2790 2243 αὐτὴν

1716 2265 1848 2317 εἶναι.
1911 2265 2048 2315 Ἀλλ’
2066 2263 2151 2328 (ἦν
2171 2265 2211 2313 δ’
2234 2263 2356 2326 ἐγὼ)
2385 2263 2434 2312 ἐν
2462 2263 2647 2326 οὖρανῷ
2676 2263 2791 2313 ἴσως

1717 2342 2007 2408 παράδειγμα
2021 2340 2256 2392 ἀνάκειται
2275 2342 2348 2406 τῷ
2364 2339 2640 2403 βουλομένῳ
2662 2343 2788 2405 ὁρᾷν,

1711 2420 1794 2474 καὶ
1810 2423 1989 2487 ὁρῶντι,
2021 2418 2189 2471 ἑαυτὸν
2228 2417 2544 2482 κατοικίζεινς
2592 2418 2609 2446 ‘
2627 2418 2788 2469 Intel-

1715 2501 1841 2563 ligo,
1882 2500 2072 2565 inquit,
2114 2512 2230 2548 eam
2267 2499 2536 2549 civitatem
2593 2495 2785 2560 signifi·

1716 2592 1825 2640 cas,
1843 2578 1907 2627 de
1919 2592 2025 2642 qua
2041 2575 2402 2626 constituenda
2418 2574 2636 2637 longum
2654 2574 2786 2621 hunc

1715 2668 2005 2704 sermonem
2060 2651 2344 2710 habuimus,
2401 2665 2519 2714 quae
2576 2650 2784 2715 quidem

1717 2730 1891 2780 verbis
1913 2730 2099 2790 solum,
2132 2730 2185 2778 in
2206 2728 2363 2778 terris
2380 2741 2503 2776 vero
2531 2741 2783 2791 nusquam

1714 2806 1947 2873 (opinor)
1967 2821 2148 2857 revera
2172 2811 2360 2855 exstat.
2431 2804 2593 2869 Atqui
2615 2806 2669 2852 in
2691 2819 2787 2853 coe·

1713 2886 1785 2945 io,
1828 2884 2054 2948 inquam,
2101 2883 2239 2932 illius
2276 2888 2453 2931 exstat
2493 2883 2784 2943 exemplar,

1715 2960 2051 3024 conspicuum
2077 2958 2125 3007 ei
2164 2958 2249 3023 qui
2285 2967 2341 3007 et
2379 2958 2575 3006 intueri
2618 2958 2781 3021 ipsum

1715 3036 1958 3096 voluerit,
1992 3044 2046 3085 et
2067 3049 2185 3085 cum
2207 3033 2427 3083 intuitus
2448 3033 2618 3083 fuerit
2652 3034 2782 3096 seip-

1714 3128 1825 3162 sum
1866 3113 1932 3163 ad
1972 3113 2099 3162 illud
2138 3110 2449 3162 instituere!
2527 3111 2781 3175 Idemque

1713 3191 1994 3255 scripserat
2016 3191 2055 3238 l.
2069 3202 2147 3239 vt.
2169 3190 2233 3238 de
2253 3190 2387 3252 Rep.
2439 3187 2585 3237 Hinc
2609 3197 2782 3238 noster

1713 3266 1886 3316 Carm.
1908 3266 2089 3315 ultimo
2112 3265 2230 3314 libri
2259 3264 2495 3322 secundi,
2527 3267 2545 3292 ⁴
2572 3264 2624 3314 Ο
2660 3262 2780 3313 felix

1711 3343 1967 3393 hominum
2013 3357 2191 3407 genus,
2242 3341 2297 3391 si
2334 3346 2537 3390 vestros
2587 3341 2780 3391 animos

1710 3434 1871 3484 amor,
1925 3422 2042 3474 Quo
2081 3420 2269 3470 coelum
2315 3417 2536 3482 regitur,
2584 3418 2780 3484 regatl'

1774 3576 1996 3625 Platonis
2016 3576 2118 3639 ore]
2154 3574 2267 3624 Lib.
2293 3588 2346 3623 v.
2372 3572 2440 3622 de
2464 3574 2604 3637 Rep.
2670 3572 2777 3623 Ἐὰν

1706 3653 1771 3715 μὴ
1792 3651 1879 3718 (ἣν
1898 3651 2071 3717 εἰτὸ)
2090 3651 2123 3711 ἡ
2143 3651 2189 3700 ot
2207 3649 2461 3714 φιλόσοφοι
2481 3651 2775 3707 βασιλεύω

1707 3744 1784 3779 σιν
1804 3731 1857 3779 ἐν
1874 3732 1980 3781 ταῖς
1999 3729 2214 3793 πόλεσιν,
2246 3728 2279 3788 ἡ
2300 3728 2345 3778 οἱ
2368 3732 2585 3785 βασιλεῖς
2617 3749 2676 3780 τε
2703 3732 2778 3779 νῦν

1706 3806 1953 3869 λεγόμενοι
1965 3806 2042 3856 καὶ
2055 3804 2274 3856 δυνάσται
2285 3805 2654 3869 φιλοσοφήσωσι
2666 3824 2775 3867 γνη-

1706 3885 1816 3937 σίως
1836 3905 1892 3935 τε
1913 3885 1992 3934 καὶ
2014 3885 2195 3942 ἱκανῶς,
2227 3883 2467 3932 καὶτοῦτο
2489 3882 2557 3933 εἷς
2575 3884 2622 3932 τ’
2638 3883 2777 3932 αὐτὸν

1706 3961 1915 4029 ξυμπέσῃ
1936 3962 2120 4023 δύναμίς
2141 3981 2195 4011 τε
2216 3960 2434 4019 πολιτικὴ
2467 3961 2548 4010 καὶ
2580 3971 2775 4024 φιλοσο-

1706 4040 1821 4103 φίας
1853 4046 1948 4091 τῶν
1974 4040 2024 4089 δὲ
2062 4042 2143 4088 νῦν
2178 4037 2490 4101 πορευομένων
2526 4040 2673 4103 χωρὶς
2702 4038 2772 4100 ἐφ’

1696 4117 1927 4182 ’ἑκάτερον
1966 4121 2014 4167 αἱ
2050 4118 2229 4169 πολλαὶ
2266 4116 2432 4179 φύσεις
2474 4118 2524 4179 ἐξ
2567 4116 2771 4179 ἀνάγκης

1704 4197 2097 4256 ἀποκλεισθῶσιν,
2130 4198 2215 4246 οὐκ
2237 4196 2338 4245 ἔστι
2361 4200 2516 4245 κακῶν
2536 4198 2709 4256 παῦλα,
2734 4194 2767 4242 ὖ

1702 4274 1813 4336 φίλε
1858 4272 2097 4332 Γλαύκων,
2140 4275 2245 4323 ταῖς
2283 4273 2491 4323 πόλεσιν·
2544 4276 2665 4322 δοκῶ
2700 4270 2762 4331 δὲ,

1701 4350 1807 4400 οὐδὲ
1828 4353 1898 4412 τῷ·
1919 4351 2175 4414 ἀνθρωπίνῳ
2194 4348 2351 4413 γένειε
2405 4354 2420 4380 ‘
2451 4352 2568 4400 Nisi
2593 4349 2760 4400 Philo·
