3049 4928
964 405 1061 454 na
1107 400 1482 453 savaamo
1535 402 1877 450 aom'mo.
2395 388 2524 455 563

336 552 511 612 lioth.
565 549 1010 631 Martisburgica
1055 550 1359 630 accepisse
1406 553 1524 613 Ms.
1566 550 1847 611 Codicem
1877 551 2108 612 Bo'ethii
2134 551 2209 612 de
2238 552 2520 614 Consola-

337 649 520 721 tione,
550 650 608 708 in
632 649 802 728 cujus
831 650 1024 710 statim
1054 649 1244 728 primo
1272 650 1527 709 carmine
1554 647 1675 708 duo
1713 650 1831 709 sint
1854 669 2054 710 versus
2083 669 2119 708 a
2145 651 2375 710 nemine
2404 652 2520 712 ullo

339 746 627 808 hactenus
658 748 785 807 visi.

420 844 633 903 Graeca
658 841 887 903 Bo‘e'thii
908 842 1185 913 versione,
1215 861 1391 919 quam
1423 842 1715 904 Maximus
1739 843 2032 904 Planudes
2048 842 2373 915 adornavit,
2398 845 2521 905 Ms.

340 958 413 999 ex
465 939 832 999 Bibliotheca
881 939 1053 1016 Regis
1104 937 1585 998 christianissimi
1627 939 1890 1000 Vallinus
1939 960 2176 1020 quoque
2227 960 2364 1000 usus
2407 952 2523 1001 est.

340 1035 544 1095 Codex
572 1034 996 1113 pulcherrimus
1023 1034 1268 1106 Patavii,
1298 1034 1552 1093 donatus
1575 1036 1935 1102 Monasterio
1963 1042 2025 1099 S.
2045 1038 2312 1106 Iustinae,
2334 1037 2443 1099 fuit
2461 1040 2521 1100 in

339 1133 495 1193 Bibl.
522 1132 871 1193 cancellarii
897 1132 1189 1209 Segvierii.
1270 1132 1417 1192 Vide
1441 1132 1736 1194 Celeberr.
1760 1135 2174 1196 Montfauconi
2205 1136 2525 1196 Bibliothe-

343 1248 473 1290 cam
501 1229 914 1289 Coislinianam
943 1247 1079 1309 pag.
1117 1237 1249 1289 140.

418 1327 512 1385 De
544 1325 834 1386 Hebraico
875 1325 1191 1404 interprete
1223 1326 1343 1383 Ben
1362 1322 1638 1396 Benasto,
1668 1325 1904 1385 consule
1934 1326 2078 1385 Rev.
2111 1326 2307 1386 Wolfii
2340 1328 2525 1389 nostri

341 1420 772 1482 Bibliothecam
801 1422 1156 1482 Hebraicam
1183 1421 1359 1481 Tom.
1390 1438 1437 1481 1.
1468 1440 1603 1500 pag.
1633 1429 1772 1493 229.
1809 1432 1983 1493 1092.
2013 1422 2114 1482 sed
2143 1432 2202 1482 et
2223 1442 2355 1502 pag.
2382 1432 2521 1488 243.

340 1526 481 1580 354.
510 1518 652 1589 369.

419 1616 491 1674 In
521 1613 748 1675 Alfredi
775 1614 950 1693 Regis
976 1613 1240 1674 versione
1281 1614 1763 1693 Angla-saxonica
1791 1616 1974 1675 habes
2002 1616 2257 1676 carmina
2294 1616 2528 1677 reddita

339 1711 589 1790 primum
620 1730 880 1772 sermone
907 1712 1190 1792 prosario,
1220 1710 1432 1771 deinde
1456 1712 1737 1798 versibus.
1781 1713 2106 1790 Utramque
2131 1713 2523 1791 metaphrasin

341 1806 749 1869 Rawlinsonus
769 1809 828 1868 in
858 1828 964 1870 sua
989 1808 1245 1869 editione
1264 1809 1485 1886 [Oxon.
1514 1809 1688 1879 1698.
1721 1810 1881 1887 8vo.]
1902 1808 2186 1882 exhibuit,
2212 1809 2462 1888 priorem
2487 1828 2520 1866 e

342 1905 692 1978 Bodleiano,
713 1905 956 1964 alteram
983 1925 1015 1964 e
1045 1905 1401 1966 Cottoniano
1430 1904 1656 1965 Codice
1683 1906 1803 1965 Ms.
1886 1941 1889 1946 -

426 2003 513 2061 Ex
541 2001 980 2062 Kielmanniana
1007 2003 1279 2064 auctione
1321 2012 1529 2063 nactus
1574 2023 1700 2063 sum
1751 2002 2058 2062 Boethium
2107 2022 2240 2062 cum
2275 2003 2526 2085 Belgica

343 2098 604 2159 versione
631 2099 922 2178 Anonymi
962 2099 1279 2159 carminum
1323 2100 1568 2159 metrica
1602 2108 1664 2158 et
1701 2119 2001 2177 prosarum
2040 2100 2316 2178 prosaria,
2345 2110 2525 2179 atque

342 2197 542 2273 amplo
584 2195 1004 2255 commentario
1053 2196 1313 2275 Belgico,
1353 2215 1637 2255 excusum
1674 2195 1949 2255 Gandavi
1993 2196 2151 2273 apud
2204 2196 2422 2256 Arend.
2452 2196 2527 2256 de

342 2298 570 2372 Keyser
597 2297 669 2354 A.
707 2301 883 2353 1485.
912 2292 1018 2352 fol.
1048 2291 1288 2371 singulis
1317 2291 1480 2350 libris
1510 2292 1570 2349 in
1593 2312 1722 2350 meo
1750 2292 2021 2368 exemplo
2047 2290 2301 2368 praefixae
2327 2292 2527 2351 icones

343 2393 575 2453 calamo
617 2409 736 2449 non
782 2389 1141 2470 ineleganter
1189 2387 1517 2447 delineatae.
1601 2388 1685 2447 Ut
1713 2388 2010 2466 specimen
2039 2386 2527 2464 interpretationis

343 2490 586 2561 habena,
614 2507 687 2547 en
714 2487 825 2548 tibi
851 2496 1096 2546 metrum
1133 2494 1183 2544 1.
1210 2484 1344 2544 libri
1374 2498 1420 2541 1.

584 2616 856 2677 Carmina
879 2615 979 2693 qui
1002 2612 1296 2693 quondam
1328 2610 1528 2672 studio
1555 2609 1798 2670 florente
1827 2611 2045 2690 peregi,

664 2712 902 2773 Flebilis
930 2711 1043 2771 heu
1074 2719 1310 2770 moestos
1354 2728 1538 2787 cogor
1564 2706 1706 2768 inire
1735 2708 1968 2767 modos.

584 2812 742 2869 Ecce
773 2808 916 2869 mihi
937 2809 1145 2868 lacerae
1174 2807 1404 2869 dictant
1431 2805 1741 2866 scribenda
1768 2806 2082 2874 Camoenae‚

666 2907 745 2966 Et
771 2906 920 2966 veris
947 2905 1112 2985 Elegi
1140 2902 1375 2981 fletibus
1403 2923 1505 2964 ora
1530 2902 1743 2983 rigant.

665 3055 802 3121 aaa
829 3057 1127 3123 arcuatum
1152 3055 1320 3114 attens
1341 3055 1387 3112 it
1413 3055 1571 3112 ωίῐειι
1599 3066 1681 3111 m

664 3150 803 3218 mat
825 3154 872 3211 it
895 3155 1063 3221 wichte
1088 3157 1208 3220 beta
1233 3156 1348 3211 lata
1374 3155 1428 3209 at
1453 3163 1595 3210 am.
1706 3162 1707 3169 ¹

823 3249 966 3314 Qua
994 3262 1055 3309 ea
1081 3247 1313 3310 nahem
1336 3254 1428 3306 nat
1456 3257 1624 3305 mm
1649 3246 1875 3313 attium,

820 3343 947 3411 abac
968 3347 1014 3403 it
1039 3351 1140 3406 nea
1168 3355 1309 3404 munt
1326 3359 1452 3412 mun
1478 3348 1645 3413 nubea
1672 3345 1890 3401 minen.

422 3454 1125 3519 Recentioresversiones
1153 3454 1405 3533 Belgicae
1446 3462 1582 3513 sunt
1627 3472 1760 3532 quae
1799 3451 1949 3511 vidit
1998 3451 2186 3510 lucem
2237 3445 2568 3508 Dordraci'

346 3549 521 3613 1654.
556 3562 648 3615 12.
678 3560 738 3612 et
780 3552 1098 3613 novissima
1125 3553 1215 3611 M.
1242 3550 1534 3630 Gargonii
1573 3553 1763 3610 Amst.
1818 3556 1990 3618 1703.
2037 3555 2094 3607 8.
2137 3542 2215 3604 de
2243 3564 2363 3622 qua
2393 3545 2529 3604 vide

340 3647 604 3709 Diarinm
635 3648 935 3726 Belgicam
961 3647 1116 3708 illius
1140 3647 1299 3718 anni,
1321 3646 1613 3706 Boeksaal
1634 3665 1746 3706 van
1768 3647 1999 3723 Europe
2016 3642 2194 3701 Tom.
2220 3651 2276 3703 2.
2303 3660 2363 3718 p.
2387 3650 2528 3711 489.
2634 3714 2641 3719 ,

345 3774 350 3779 ¹
423 3742 758 3823 Hispanico
784 3744 1105 3822 Augustini
1143 3743 1380 3822 Lopesii
1420 3761 1640 3803 excusa
1677 3752 1767 3802 est
1806 3741 2024 3802 Pinciae
2056 3739 2177 3799 sive
2205 3736 2528 3798 vallisoleti

348 3847 525 3910 1598.
551 3839 659 3900 fol.
686 3849 750 3901 et
778 3838 955 3902 1604.
985 3839 1090 3900 fol.

429 3937 797 3998 Germanicae
822 3937 1051 3997 Boethii
1094 3937 1168 3997 de
1208 3935 1617 3997 Consolatione
1654 3934 1850 4013 plures
1878 3941 2097 4004 extant,
2125 3940 2192 3992 ut
2237 3949 2372 4008 quae
2400 3929 2530 3989 No-

341 4034 520 4094 rimb.
551 4033 725 4095 1660.
777 4043 873 4096 12.
928 4034 1169 4111 prodiit.
1252 4033 1373 4095 Sed
1425 4032 1788 4111 praeferenda
1840 4030 2048 4092 ceteris
2093 4027 2377 4109 praeclara
2429 4026 2529 4085 illa

341 4129 561 4191 Christ.
590 4131 825 4191 Knorrii
871 4131 947 4190 de
995 4131 1350 4203 Rosenroth,
1381 4149 1515 4209 quae
1557 4125 1811 4187 auctoris
1841 4126 2075 4185 nomine
2102 4123 2392 4204 praeterito
2421 4123 2528 4181 So-

340 4227 553 4289 lisbaci
603 4231 681 4291 A.
725 4224 901 4299 1667.
951 4239 1045 4292 12.
1074 4229 1296 4308 prodiit
1341 4237 1403 4288 et
1455 4225 1639 4298 1697.
1677 4243 1886 4285 recusa
1930 4220 2286 4301 Luneburgi.
2367 4220 2527 4281 Inter
