3049 4928
1041 433 1571 484 PnlhosoPfflAE
1626 433 1692 479 m
1710 434 1770 480 Β.
1820 432 1898 480 11.

345 579 612 659 dedisti,
664 580 957 646 dominae
1020 579 1320 645 moribus
1381 582 1647 662 oportet
1693 577 2130 660 obtemperes,

2415 414 2544 479 155

2238 573 2347 638 Tu
2389 592 2546 642 vero

344 684 680 749 volventis
733 691 896 749 rotae
913 692 941 719 ¹²
973 684 1323 767 ⁴impetum
1371 682 1653 746 retinere
1707 678 2024 744 conaris?
2102 674 2220 756 At,
2250 675 2549 742 omnium

344 787 732 854 mortalium
762 787 1221 866 stolidissime,
1269 787 1330 851 si
1380 802 1653 852 manere
1696 781 1958 868 incipit,
1988 781 2166 847 fors⁶
2236 799 2387 847 esse
2433 778 2547 846 de-

343 888 542 954 sistit.

403 1045 428 1070 ⁸
460 1037 701 1090 Fortuna.

1336 1103 1557 1155 NOTAE

349 1267 352 1270 y
419 1207 446 1233 ¹²
485 1200 728 1250 Volcentis
755 1199 899 1264 νοέω]
932 1201 1209 1250 Fortunae:
1244 1200 1406 1249 Vete-

343 1292 428 1327 res
450 1278 647 1343 quippe
686 1276 964 1341 fortunam,
995 1291 1096 1325 non
1127 1274 1281 1325 modo
1307 1289 1406 1324 cae·

341 1368 455 1403 cam
478 1361 535 1403 et
557 1351 757 1403 furenti
776 1353 1014 1412 similem,
1050 1365 1232 1401 verum
1250 1350 1407 1400 etiam

342 1428 553 1480 volubili
594 1443 722 1477 saxo
766 1428 1082 1491 pendentem
1124 1424 1405 1488 effinxere;

342 1503 480 1574 quod
503 1502 720 1553 fortuna
750 1503 933 1553 iisdem
957 1503 1220 1553 videretur
1241 1503 1409 1552 omnia

340 1595 443 1629 non
464 1580 628 1630 solum
652 1586 850 1629 temere
868 1584 922 1628 et
942 1595 1083 1630 caeco
1099 1581 1299 1644 impetu
1317 1579 1407 1630 ud·

1486 1197 1712 1249 minibus
1754 1211 2021 1263 prospera,
2071 1195 2161 1247 sed
2199 1196 2363 1246 instar
2406 1196 2549 1261 globi

1486 1290 1642 1340 vaga,
1706 1275 2021 1325 necessitate
2075 1273 2296 1338 quadam
2350 1280 2548 1324 naturae

1489 1350 1655 1400 volvi:
1680 1349 1813 1399 adeo
1832 1356 1888 1398 ut
1911 1364 2013 1399 non
2037 1349 2244 1398 minoris
2266 1355 2406 1398 esset
2422 1351 2549 1399 stul-

1489 1427 1644 1489 titiae,
1683 1424 1923 1490 fortunae,
1959 1440 2113 1490 quam
2136 1424 2362 1474 siderum
2384 1425 2550 1476 relue-

1487 1504 1590 1554 tari
1612 1501 2051 1553 conversionibus.
2106 1500 2398 1565 Propterea
2413 1502 2551 1566 Bap-

1488 1581 1612 1630 tista
1624 1581 1897 1630 Mantum.
1911 1580 1926 1607 ‘
1942 1578 2114 1628 Fidite
2129 1578 2328 1643 virtuti,
2341 1576 2551 1630 fortuna

341 1658 636 1709 ministrare
678 1657 822 1707 bonis
859 1657 1100 1722 adversa,
1139 1658 1286 1708 malis
1320 1659 1408 1709 ho·
1485 1657 1723 1725 fugacior
1743 1657 1893 1707 undis
1915 1656 2036 1708 Non
2061 1654 2273 1707 manet!

1173 2120 1599 2187 METRUM
1676 2121 1735 2186 Ι.

521 2273 713 2339 HAEc
742 2295 900 2341 cum
930 2276 1223 2359 superba
1251 2277 1521 2342 verterit
1547 2277 1736 2343 vices
1758 2285 1785 2314 ⁰
1830 2277 2090 2356 dextra,
2194 2275 2201 2280 '

521 2376 614 2444 Et
638 2378 986 2444 aestuantis
1010 2386 1067 2416 ²0
1110 2398 1292 2443 more
1321 2380 1528 2445 fertur
1555 2380 1844 2466 Euripi,¹’

418 2545 517 2595 ven·
550 2508 862 2608 naessfortm
881 2547 1191 2598 numeru
1207 2548 1330 2599 vices
1349 2563 1493 2599 ma
1512 2549 1784 2613 imperiosa,
1812 2551 1972 2599 eadem
1993 2547 2183 2614 rapitur
2198 2547 2354 2597 instar
2377 2547 2554 2614 Euripi

409 2743 476 2789 20
510 2738 527 2767 ‘
553 2741 656 2791 Ms.
700 2739 899 2792 Erfurt.
917 2747 972 2792 et
1005 2741 1094 2792 ed.
1127 2740 1402 2794 Basiliens.
1448 2741 1667 2805 [Delph-
1702 2741 1897 2805 Hack.]
1931 2743 2277 2805 Exaestunntis,
2301 2756 2418 2806 quae
2453 2754 2553 2788 vox

348 2804 621 2855 reddenda
642 2805 898 2857 Boethio?
931 2807 1055 2856 δίει.
1089 2807 1238 2857 Vict.
1282 2813 1524 2871 uterque,
1547 2806 1676 2871 Reg.
1701 2813 1756 2856 et
1780 2807 1916 2857 Flor.
1940 2809 2011 2856 Et
2027 2808 2388 2856 ‹estuantia—1
2422 2805 2553 2855 Mss.

1343 2922 1395 2973 N
1400 2922 1560 2973 0¹1*AE

413 3026 438 3051 ⁰
476 3018 689 3068 Vei-terit
720 3017 869 3082 vices]
912 3020 1043 3070 Quae
1064 3018 1277 3070 alternis
1296 3016 1412 3069 fieri

346 3096 534 3157 solent,
551 3094 666 3144 haec
689 3097 1008 3160 appellamus
1036 3097 1052 3124 ‘
1072 3095 1209 3146 vices
1228 3096 1261 3145 :⁹
1290 3095 1413 3147 hinc

348 3172 574 3222 vicissim
595 3170 732 3221 idem
753 3173 891 3237 quod
911 3172 1143 3223 alternis.
1181 3173 1414 3222 Fortuna

351 3258 529 3299 autem
565 3256 783 3313 propter
807 3248 1037 3299 nativam
1060 3263 1204 3298 suem
1233 3248 1411 3298 incon-

350 3325 597 3375 stantiam
619 3324 793 3374 omnis
811 3325 1026 3373 alternis
1045 3330 1234 3387 mutat,
1256 3323 1411 3374 modo

347 3400 604 3464 pluribus,
635 3401 789 3450 modo
827 3402 917 3452 uni
953 3415 1206 3465 prospera
1232 3407 1291 3450 et
1322 3401 1410 3450 nd-

350 3492 528 3528 versa:
563 3477 701 3543 quod
744 3479 822 3527 ita
853 3475 1099 3541 frequens
1135 3483 1192 3526 et
1213 3483 1412 3540 notum,

351 3560 412 3604 ut
438 3554 616 3605 Latini
648 3554 665 3582 ‘
683 3552 973 3604 fortunem’
1005 3553 1271 3617 appellent
1301 3554 1317 3583 ‘
1338 3553 1411 3603 vi-

350 3643 462 3680 cem
479 3629 516 3680 ι’
550 3629 629 3680 ita
652 3630 839 3681 Cicero
861 3630 1076 3693 passim,
1105 3630 1121 3657 ‘
1141 3629 1298 3694 mihi,'
1334 3631 1411 3680 in·

349 3710 481 3774 quit,
500 3710 516 3739 ‘
533 3723 749 3758 necesse
766 3717 849 3760 est
864 3716 922 3758 et
938 3722 1104 3757 meam
1123 3715 1179 3757 et
1195 3709 1412 3759 aliorum

353 3786 513 3836 vicem
550 3786 959 3850 pertimescere:
995 3784 1148 3834 valde
1169 3794 1226 3835 et
1246 3799 1413 3837 meam

352 3868 406 3913 et
426 3868 654 3913 vestram
680 3862 845 3912 vicem
866 3859 1057 3912 doleo.'
1383 3896 1386 3901 v

365 3952 370 3957 ·
449 3939 668 4004 Superba
710 3937 907 4000 dextra]
958 3938 1088 3987 Pars
1131 3951 1225 4000 pro
1267 3943 1411 3987 toto:

350 4015 562 4067 fortuna
585 4021 761 4065 autem
785 4014 1006 4064 Horatio
1024 4020 1079 4063 et
1096 4014 1208 4063 aliis
1224 4014 1416 4064 dicitur

354 4091 614 4157 superba3
645 4090 783 4156 quod
804 4090 1097 4139 hominibus
1118 4090 1292 4153 altior,
1323 4091 1414 4141 lios

354 4168 419 4218 ad
451 4175 634 4219 nutum
657 4166 898 4217 videatur
930 4181 1132 4231 regere.
1199 4167 1287 4217 Sic
1322 4167 1416 4218 Se-

354 4257 482 4294 neca
516 4245 572 4295 in
608 4242 758 4295 Med.
779 4258 855 4293 vs.
878 4247 994 4294 205.
1027 4248 1041 4272 ⁸
1064 4242 1300 4306 Sceptris
1333 4258 1414 4295 su·

357 4321 542 4385 petbus
570 4320 805 4390 quisquis
824 4319 1054 4371 admovit
1076 4320 1286 4372 manus!

1558 3026 1585 3061 Ρ
1600 3019 1673 3069 Et
1684 3015 2330 3083 camliaffixaeemntis]
2356 3016 2557 3081 Euripi]

1494 3097 1720 3160 Euripus
1735 3111 1833 3146 vox
1845 3097 2033 3146 Groeca
2041 3091 2334 3159 significans
2342 3091 2559 3148 fretum.

1495 3176 1740 3238 Duplicis
1762 3181 1845 3224 est
1878 3172 2080 3238 generis
2099 3190 2115 3223 ε
2152 3173 2285 3221 alins
2316 3178 2464 3233 arte3
2500 3187 2554 3221 a·

1493 3251 1591 3300 lius
1613 3258 1804 3300 ustura
1823 3248 2015 3301 factus.
2068 3253 2117 3299 1.
2142 3249 2368 3313 Euripus
2392 3246 2557 3298 artifi-

1491 3327 1678 3390 ciosus,
1732 3329 1909 3377 alveus
1949 3333 2032 3376 est
2075 3324 2350 3389 magnifico
2393 3339 2556 3390 opere

1492 3417 1655 3469 aquas
1674 3404 1729 3453 in
1747 3417 1944 3453 morem
1964 3400 2109 3452 fluvii
2143 3400 2429 3463 deducens,
2468 3399 2557 3466 qui

1492 3481 1545 3530 in
1565 3479 1663 3530 hoc
1685 3478 1863 3530 differt
1883 3495 1915 3530 α
1945 3479 2068 3530 ΝἰΙο
2100 3479 2297 3545 pariter
2320 3476 2559 3528 artificio·

1492 3571 1570 3619 so,
1592 3556 1729 3621 quod
1754 3556 1905 3606 Nilus
1927 3554 2011 3605 hic
2037 3556 2106 3606 sit
2129 3555 2312 3619 major,
2332 3554 2557 3619 Euripus

1493 3651 1618 3686 vero
1640 3637 1835 3687 minor:
1860 3635 1928 3685 de
1950 3642 2168 3701 utroque
2186 3635 2421 3699 loquitur
2436 3634 2557 3684 'l'ul-

1492 3711 1593 3761 lius
1614 3725 1679 3762 n.
1701 3711 1768 3761 de
1792 3713 1919 3775 Leg.
1952 3712 1970 3741 ‘
1991 3709 2217 3772 ductus‚'
2250 3710 2441 3774 inquit,
2469 3710 2555 3759 ‘a-

1494 3802 1729 3852 quai-um,
1761 3802 1888 3852 quos
1922 3787 2012 3837 isti
2051 3786 2201 3836 Nilos
2237 3793 2295 3835 et
2331 3787 2557 3850 Euripos

1495 3870 1704 3925 vocant,
1744 3864 1857 3928 quis
1896 3877 2018 3927 non,
2053 3876 2173 3912 cum
2209 3862 2323 3912 haec
2361 3863 2558 3925 videat,

1495 3938 1757 3988 irriserit?
1774 3943 1822 3988 2.
1837 3940 2065 4002 Euripus
2079 3940 2328 3988 naturalis
2341 3947 2420 3989 est
2439 3953 2559 4002 pars

1495 4016 1655 4065 maris
1674 4017 1814 4067 inter
1832 4015 2073 4066 Aulidem
2092 4015 2313 4067 Boeotiae
2332 4022 2557 4080 portum,

1493 4101 1551 4142 et
1586 4092 1838 4144 Euboeam
1876 4093 2116 4156 insulam,
2148 4092 2291 4156 cujus
2323 4092 2557 4143 meminit

1492 4169 1681 4219 Strabo
1701 4169 1738 4217 l.
1762 4182 1845 4219 11.
1869 4177 1925 4219 et
1947 4170 2086 4220 Pliu.
2108 4170 2142 4218 l.
2166 4182 2228 4218 11.
2270 4170 2389 4218 Hoc
2409 4183 2555 4219 mare

1491 4259 1599 4296 non
1619 4245 1785 4295 instar
1801 4245 2006 4296 Oceani
2023 4251 2232 4306 aestunt,
2245 4243 2336 4293 sed
2359 4244 2556 4308 septies

1495 4321 1805 4387 saepiusque,
1825 4321 1976 4372 nnius
1991 4319 2097 4372 diei
2112 4326 2168 4371 et
2184 4319 2353 4375 noctis
2365 4321 2556 4386 spatio,
