3049 4928
561 401 864 452 Bon'rfln
913 401 1009 452 DE
1055 401 1360 452 coNsoL.
1405 399 1849 451 rumosovn.
1900 401 2043 450 LIB.
2089 404 2202 451 111.

300 548 316 577 ‘
339 544 492 598 Filius
523 557 667 596 meus
702 546 1028 610 Caecilianus,
1051 545 1143 595 Vir
1165 545 1233 595 cl.
1258 545 1343 610 qui

297 637 425 673 nunc
454 622 736 673 communis
758 623 943 686 patriae
979 621 1234 686 gubernat
1254 636 1342 670 au·

295 700 501 760 nonam‚’
521 703 623 750 &c.
641 701 706 750 ad
745 715 896 767 quem
930 701 1097 750 locum
1120 697 1234 748 vide
1259 698 1343 749 Fr.

296 777 549 828 Juretum.
581 776 752 826 Siem.

358 853 564 914 Magnus
573 853 848 916 habebatur]
874 852 1174 917 Intelligere
1190 853 1343 902 Poni-

299 930 458 993 peinm
474 930 703 995 videtur,
722 946 875 996 quem
899 931 965 980 ob
986 945 1068 979 res
1091 930 1340 993 praeclare

295 1015 480 1070 gestas,
503 1007 596 1056 sed
621 1008 885 1071 praecipue
921 1007 985 1056 ob
1010 1011 1340 1070 procuratam

293 1086 474 1148 populo
498 1085 648 1134 Rom.
671 1099 780 1134 rem
812 1082 1219 1144 frumentariam,
1239 1091 1344 1148 qua

295 1158 448 1211 fames
471 1161 656 1226 ingens
678 1160 857 1211 sedata
888 1169 987 1222 est,
1021 1158 1156 1207 idem
1179 1173 1342 1223 popu·

294 1238 369 1285 lus
391 1239 636 1301 Magnum
674 1236 913 1287 vocavit:
975 1243 1033 1285 ut
1069 1242 1125 1284 et
1165 1236 1342 1287 existi·

292 1319 392 1362 mat
412 1314 651 1364 Cassiod.
674 1315 802 1364 Var.
826 1314 915 1363 lib.
934 1326 1011 1361 vr.
1034 1312 1084 1361 in
1102 1313 1343 1361 Formnla

294 1388 534 1440 Praefecti
558 1404 796 1440 annonoe.
844 1390 925 1439 De
960 1403 1024 1439 ea
1046 1404 1100 1440 re
1137 1388 1342 1438 videndi

291 1464 386 1515 Dio
406 1473 462 1515 et
483 1467 794 1516 Plutarchus
821 1466 872 1515 in
909 1466 1179 1529 Pompeio.
1247 1465 1340 1514 Ni-

289 1541 354 1590 hil
376 1557 436 1592 ea
454 1541 786 1594 Praefectura
801 1550 1037 1606 tempore
1057 1541 1227 1591 Boetii
1251 1541 1341 1591 ab·

279 1616 484 1681 jectius,
521 1634 588 1669 ex
628 1634 728 1684 quo
766 1619 968 1688 scilicet
1005 1632 1221 1667 annonae
1245 1631 1341 1681 per

290 1695 569 1758 provincias
592 1696 864 1760 cogendae,
888 1711 986 1746 non
1005 1709 1222 1744 anuonae
1246 1694 1339 1744 sed

291 1774 526 1834 praetorio
551 1771 845 1824 Praefectus
865 1779 1128 1838 potestate
1158 1771 1339 1837 funge-

292 1855 457 1899 retur:
514 1850 589 1900 ita
628 1857 686 1899 ut
718 1851 861 1900 nulla
894 1850 964 1900 illi
992 1857 1341 1914 praeterquam

287 1923 338 1971 in
358 1925 494 1975 urbis
511 1927 743 1991 pistores
759 1934 816 1977 et
829 1927 1025 1977 suarios
1045 1942 1264 1978 censura
1286 1935 1343 1977 et

287 2000 660 2055 animadversio
688 2011 1015 2069 superesset:
1052 2012 1111 2055 ut
1132 2019 1197 2055 ex
1220 2003 1339 2054 ead.

290 2076 577 2131 Cassiodori
611 2082 853 2132 For-mula
872 2082 1041 2148 quivis
1061 2081 1341 2146 intelligat.

347 2236 557 2300 Magnus
592 2238 869 2304 habebatur]
916 2240 1255 2291 Cassiodorus
1286 2240 1342 2290 in

287 2309 518 2365 Formula
559 2315 816 2366 Praefecti
865 2331 1081 2368 annoaae
1126 2319 1341 2382 ejusque

287 2389 626 2444 Excellentiae
648 2396 683 2445 1.
704 2409 779 2447 v1.
812 2396 1013 2446 Variar.
1060 2397 1077 2426 ‘
1103 2397 1222 2446 Non
1245 2396 1339 2444 irn-

286 2469 464 2520 merito
484 2471 769 2535 Pompeius
800 2471 967 2523 fertur
988 2472 1150 2536 copiae
1179 2486 1337 2537 quan-

284 2542 427 2594 titate
451 2548 699 2611 praeviss,
723 2562 886 2613 usque
926 2549 990 2598 ad
1030 2563 1201 2598 rerum
1225 2563 1335 2613 per·

285 2620 475 2672 venisse
496 2622 728 2684 fastigia.
794 2625 931 2677 Quia
959 2625 1148 2675 merito
1170 2625 1338 2689 siugu-

283 2694 400 2746 lsris
438 2707 517 2750 est
542 2715 693 2750 amor
723 2703 922 2767 populi,
959 2717 1078 2753 cnm
1117 2703 1287 2766 potuit
1309 2717 1341 2751 a

286 2776 493 2834 penuria
531 2776 762 2829 liberari.
829 2778 970 2828 Hinc
1010 2778 1097 2827 ille
1140 2777 1338 2842 gratifi-

284 2851 530 2901 cationem
572 2854 780 2918 meruit,
801 2856 1140 2920 plausumque
1175 2870 1338 2920 popu·

285 2922 461 2977 lorum.
529 2927 676 2978 Hinc
710 2929 862 2979 unice
896 2944 1105 2994 semper
1140 2938 1339 2981 amatus

281 3007 380 3065 est,
401 3009 458 3053 et
478 3003 531 3052 in
560 3004 729 3067 gratia
747 3006 935 3057 civium
968 3006 1191 3057 omnium
1213 3008 1339 3059 vicit

278 3075 413 3129 facta
433 3081 726 3145 majorum:
775 3083 863 3148 qui
897 3097 965 3132 ne
987 3084 1261 3149 aliquando
1283 3085 1338 3135 in

283 3152 469 3205 bonore
496 3156 785 3219 diceretur,
809 3173 924 3207 cum
949 3160 1169 3209 nominis
1192 3167 1336 3210 taxa-

282 3229 417 3281 tione
442 3232 725 3282 vocabatur
747 3235 1006 3296 Magnus!
1037 3235 1207 3287 Sitzm.

341 3308 538 3372 Proprii
556 3310 762 3374 decoris]
799 3311 1116 3363 Aristoteles
1132 3328 1337 3379 qnoque

282 3381 370 3432 lib.
403 3385 579 3436 Ethic.
606 3399 648 3436 1.
687 3401 807 3451 cap.
830 3393 877 3438 5.
920 3404 984 3438 ex
1008 3403 1070 3438 eo
1088 3389 1222 3454 quod
1245 3391 1336 3441 ho-

280 3471 374 3508 nor
405 3461 473 3512 sit
510 3463 687 3527 potius
725 3462 780 3512 in
800 3464 1084 3514 honorante
1108 3480 1261 3530 quam
1284 3467 1335 3516 in

277 3534 540 3600 honorato,
570 3539 813 3590 honorem
833 3556 935 3591 non
970 3556 1086 3592 esse
1117 3541 1334 3592 felicita-

281 3614 384 3662 tem
422 3616 712 3679 concludit,
746 3626 798 3667 et
825 3616 869 3666 τ’
902 3618 1077 3680 ἀγαθὸν
1105 3618 1272 3669 οῑκεῖόν
1287 3639 1338 3669 τι

279 3686 353 3737 καὶ
391 3690 729 3756 δυσαφαίρπον
768 3691 902 3758 εἶναι,
937 3697 1174 3747 ‘Bonum
1219 3710 1336 3749 esse

279 3769 541 3831 proprium
580 3770 842 3836 quiddam,
876 3779 932 3822 et
964 3771 1098 3838 quod
1139 3772 1335 3823 auferri

280 3840 552 3895 difficulter
574 3847 785 3911 potest!
836 3848 1008 3898 Vallia.

342 3920 527 3972 Mz‘rn.
550 3927 599 3974 4.
666 3925 895 3980 Quamvis
924 3942 974 3976 ss
1006 3928 1150 3992 Tyrio
1169 3944 1331 3994 super·

281 3994 362 4045 bus
381 3999 532 4062 ostro]
565 4001 645 4050 De
662 4016 890 4065 purpura
909 4004 1020 4053 sive
1038 4012 1178 4054 ostro
1196 4020 1332 4070 qua:-

279 4071 401 4123 dam
419 4078 709 4127 notavimus
724 4078 790 4129 ad
813 4079 946 4131 Met.
970 4094 1023 4130 v·
1046 4080 1136 4131 lib.
1155 4094 1218 4130 11.
1256 4095 1331 4133 vs.

277 4153 322 4199 9.
386 4152 600 4203 Vestem
659 4162 831 4205 antem
887 4156 1225 4221 principalem
1264 4172 1331 4207 ex

277 4224 372 4276 hac
393 4227 577 4278 confici
594 4231 799 4297 solitam
813 4238 1002 4296 praeter
1024 4234 1150 4283 alios
1172 4234 1331 4284 etiam

275 4299 471 4356 indicat
492 4304 779 4360 Cassiodor.
799 4322 840 4359 1.
861 4310 987 4362 Var.
1007 4315 1058 4361 2.
1079 4310 1331 4377 simulque

2346 385 2477 453 489

1421 553 1623 596 tantum
1645 560 1748 596 non
1783 546 1850 597 ad
1889 547 2057 597 vivum
2099 548 2317 598 virtutes
2348 550 2478 599 ostri

1421 622 1690 687 depingit:
1725 624 1741 651 ‘
1768 622 1957 685 Color,’
1973 625 2066 686 ait,
2090 628 2104 655 ⁴
2123 624 2276 672 nimio
2298 624 2475 689 lepore

1418 713 1658 762 vernans,
1691 699 1975 748 obscuritas
2014 699 2204 749 rubens
2243 703 2475 764 nigreolo

1420 775 1670 836 sanguine
1710 784 2013 840 regnantem
2045 776 2317 841 discernit,
2353 778 2474 828 dum

1419 852 1753 916 conspicuum
1781 851 1911 902 facit
1932 870 1945 901 :
1994 860 2050 902 et
2071 861 2286 918 praestat
2306 854 2478 904 huma·

1418 944 1485 979 no
1523 930 1725 993 generi,
1759 944 1826 979 ne
1865 930 1927 978 de
1966 938 2181 994 aspectu
2224 929 2475 994 principis

1418 1008 1586 1070 possit
1626 1007 1807 1058 errari.
1873 1006 2067 1057 Mirum
2099 1014 2198 1056 est.
2239 1007 2477 1056 substan-

1420 1085 1543 1134 tiam
1565 1084 1704 1133 illam
1723 1092 1888 1134 morte
1913 1083 2222 1145 confectam,
2242 1091 2478 1133 cruorem

1417 1160 1484 1210 de
1506 1175 1564 1211 se
1587 1167 1706 1224 pest
1727 1162 1895 1225 spatia
1930 1168 2034 1210 tam
2068 1161 2207 1224 longi
2230 1162 2476 1225 temporis

1418 1237 1665 1301 exudare,
1685 1238 1774 1302 qui
1794 1239 1880 1286 vix
1915 1238 2049 1287 solet
2080 1238 2211 1286 vivis
2251 1239 2478 1302 corpori·

1417 1316 1511 1366 bus
1536 1317 1749 1365 vulnere
1785 1315 2025 1365 sauciatis
2047 1314 2275 1364 effluere.
2342 1317 2477 1365 Nam

1418 1407 1538 1442 eum
1560 1407 1651 1442 sex
1672 1406 1824 1456 paeue
1858 1390 2121 1440 mensibus
2147 1390 2360 1440 marina:
2386 1391 2477 1441 de·

1416 1469 1547 1519 litiae
1573 1485 1605 1519 a
1622 1468 1766 1518 vitali
1787 1467 1984 1518 fuerint
2006 1467 2181 1529 vigore
2197 1473 2478 1530 separatoe,

1416 1544 1691 1609 sagacibus
1721 1542 1929 1593 naribus
1966 1541 2205 1592 nesciunt
2226 1556 2338 1590 esse
2361 1556 2477 1605 gra·

1416 1621 1657 1672 vissimae:
1719 1620 1937 1670 Scilicet
1959 1632 2025 1668 ne.
2046 1618 2254 1682 sanguis
2284 1618 2371 1667 ille
2388 1633 2479 1668 uo-

1415 1697 1537 1748 bilis
1568 1697 1763 1763 aliquid
1795 1697 2016 1762 spiraret
2034 1695 2273 1745 horroris.
2342 1695 2479 1745 Haec

1416 1789 1535 1824 cum
1571 1773 1767 1825 infecta
1804 1775 1962 1823 semel
1994 1772 2281 1822 substantia
2304 1785 2478 1836 perse-

1415 1857 1586 1914 verat,
1629 1850 1798 1902 nescit
1840 1857 1962 1900 ante
2012 1848 2268 1911 subtrahi,
2325 1861 2477 1913 quam

1417 1928 1581 1977 vestis
1600 1928 1761 1993 possit
1782 1925 2015 1986 absumi!¹
2042 1924 2218 1978 Silarus.

1484 2005 1632 2069 Tyrio
1684 2003 1833 2067 ostro]
1914 2004 2130 2054 Senec..
2158 2001 2209 2049 in
2262 2001 2476 2065 Thyesta

1418 2096 1494 2131 vs.
1550 2086 1666 2133 952.
1723 2083 1739 2110 ‘
1762 2082 1920 2132 Libet
1973 2088 2029 2131 et
2064 2080 2219 2144 Tyrio
2272 2087 2478 2128 saturas

1415 2167 1559 2210 ostro
1614 2161 1892 2224 Rumpere,
1930 2159 2137 2211 vestes!
2192 2162 2476 2211 1n=Herc.·

1416 2238 1527 2287 OEt.
1566 2253 1640 2287 vs.
1664 2241 1777 2287 644.
1813 2238 1828 2265 ‘
1855 2238 2048 2302 Cespes
2077 2238 2241 2302 Tyrio
2275 2237 2479 2288 mollior

1416 2321 1562 2365 ostro
1599 2314 1745 2364 Solet
1784 2313 2070 2379 impavidos
2113 2313 2309 2364 ducere
2344 2325 2478 2363 som-'-

1415 2390 1548 2441 nos.'
1582 2391 1732 2441 Idem.
2017 2387 2021 2391 ’

1484 2470 1723 2533 Comeret]
1754 2467 2112 2518 Artemidorus
2128 2467 2219 2517 lib.
2241 2480 2283 2516 1.
2318 2466 2477 2516 Ouei·

1417 2543 1596 2594 rocrit.
1620 2559 1738 2606 cap.
1760 2548 1842 2595 20.
1897 2545 2067 2606 Κομοῒν
2080 2542 2140 2591 τὸ
2161 2543 2477 2604 ἐπιμελεῖσθαι

1416 2620 1564 2671 ἐστίν.
1630 2621 1851 2671 Suidas:
1889 2619 2186 2684 Κομμοτίζω,
2216 2619 2277 2668 τὸ
2319 2619 2476 2680 ἐπιμε-

1411 2692 1599 2760 λόῦμαι.
1672 2698 1876 2763 Κομψὸς,
1930 2697 2172 2763 περίεργος
2225 2695 2473 2758 κόσμησις.

1412 2776 1549 2826 Vide
1569 2776 1736 2826 Notas
1761 2776 1806 2824 N
1816 2776 1881 2825 ic.
1915 2775 2134 2839 Rigaltii
2160 2774 2225 2824 ad
2244 2773 2296 2824 d.
2316 2776 2352 2823 l:
2377 2771 2476 2821 Ar-

1412 2852 1675 2904 temidori.
1708 2854 1857 2902 Idem.
2073 2905 2080 2911 ,

1476 2932 1709 2981 Luxuria
1730 2931 1863 2980 Nero
1882 2926 2146 2990 sevientis]
2195 2927 2474 2977 Suetonius

1411 3007 1746 3071 Tranquillus
1782 3006 1914 3056 libro
1948 3013 2128 3055 sexto:
2185 3006 2201 3033 ‘
2224 3005 2476 3054 Petulan-

1412 3083 1556 3144 tiam,
1581 3082 1868 3144 libidinem,
1883 3082 2160 3143 luxuriam,
2182 3081 2472 3139 avaritiam,

1412 3159 1776 3210 crudelitatem
1821 3158 2009 3208 sensim
2055 3157 2263 3222 quidem
2304 3157 2473 3220 primo

1411 3244 1467 3288 et
1486 3239 1711 3303 occulte,
1748 3239 1890 3288 velut
1913 3237 2130 3303 juvenili
2170 3251 2370 3300 errore,
2386 3250 2474 3285 ex-

1412 3317 1610 3366 ercuit:
1667 3314 1756 3365 sed
1783 3321 1840 3364 ut
1867 3322 1991 3364 tunc
2028 3328 2233 3379 quoque
2257 3312 2470 3363 dubiuni

1408 3393 1605 3443 nemini
1638 3391 1796 3455 foret,
1833 3399 2032 3441 naturoe
2071 3390 2162 3439 ill-a
2189 3390 2334 3453 vitia,
2367 3403 2475 3439 non

1410 3470 1584 3521 aetatis
1607 3468 1753 3520 esse.’
1821 3470 1893 3519 Et
1925 3469 2098 3532 psallo
2133 3474 2281 3531 post:
2337 3467 2353 3496 ‘
2376 3467 2472 3516 Dii

1409 3548 1652 3598 vitiatum
1697 3552 1753 3595 et
1797 3545 2039 3609 pecunioe
2085 3543 2310 3594 fractum
2366 3557 2470 3592 non

1409 3623 1565 3672 alium
1614 3622 1853 3686 putabat,
1894 3636 2044 3686 quam
2086 3618 2468 3684 profusionem:

1408 3698 1644 3748 sordidos
1668 3714 1729 3748 ae
1752 3697 2005 3762 deparcos
2028 3711 2158 3759 esse,
2177 3697 2363 3761 quibus
2387 3704 2469 3745 ra-·

1409 3775 1483 3824 tio
1513 3775 1858 3837 impensarum
1897 3781 2198 3824 constaret:
2246 3773 2468 3836 praelau-

1407 3856 1487 3900 tos
1524 3866 1752 3916 vereque
1789 3848 2111 3913 magnificos,
2158 3848 2244 3912 qui
2290 3847 2471 3898 abute-

1406 3933 1585 3976 rentur
1624 3942 1685 3976 ac
1725 3923 2040 3990 perderent!
2102 3925 2184 3973 De
2238 3924 2469 3974 Luxuria

1405 4005 1608 4054 Seneca
1629 4002 1681 4051 in
1703 4002 1825 4053 OEd.
1846 4018 1921 4053 vs.
1959 4005 2074 4052 417.
2109 4002 2125 4029 ‘
2148 4001 2332 4050 Totum
2370 4004 2469 4065 perf

1404 4080 1583 4131 orbem
1605 4079 1880 4128 maximum
1918 4084 2154 4127 exortum
2173 4083 2254 4126 est
2276 4078 2469 4127 malum

1405 4155 1650 4219 Luxuria,
1672 4155 1830 4218 pestis
1861 4154 2068 4217 blanda,
2103 4154 2187 4203 cui
2219 4155 2354 4203 vites
2377 4153 2464 4203 de·

1404 4233 1484 4283 dit
1506 4232 1784 4296 Roburque
1814 4232 2022 4293 longum
2060 4236 2464 4294 tempus,atque'

1404 4323 1547 4364 error
1560 4306 1761 4375 gravis?
1805 4306 2035 4358 Eandem
2052 4305 2288 4371 depingit
2309 4304 2463 4361 Clau·
