3049 4928
529 391 659 458 142
1238 403 1541 452 aon'ruu
1592 404 1687 451 nn
1736 404 2046 454 consor„

530 551 1162 635 Quidni,'inquam,¹
1202 549 1663 615 meminerim?
1755 547 1944 627 Quid
1970 549 2172 631 igitur
2206 550 2406 614 homo
2438 549 2547 629 sit,
2600 563 2727 632 'po-

529 658 770 723 terisne
801 655 1179 739 proferre'l‘*
1270 653 1342 717 H
1347 652 1584 725 occine
1613 651 2023 734 interrogas?
2047 651 2069 689 ⁶
2115 672 2205 738 an
2233 671 2385 716 esse
2430 653 2731 716 nesciam

526 759 853 823 rationale
882 756 1151 832 animal,
1184 760 1384 838 atque
1413 753 1697 819 mortale
1720 756 1750 818 ‘t
1828 755 2011 832 Scio,
2045 761 2112 820 et
2139 754 2211 818 id
2245 774 2349 818 me
2383 774 2536 818 esse
2567 774 2729 819 con-

529 862 739 928 fiteor.
827 860 919 925 Et
959 859 1083 925 illa
1107 881 1123 925 z
1146 871 1169 898 ⁰
1215 859 1490 923 Nihilne
1538 866 1606 923 te
1659 858 1847 922 aliud
1897 879 2048 923 esse
2096 858 2394 924 novisti?
2489 857 2558 921 N
2563 857 2734 923 ihil:i

528 964 574 1028 J
578 976 687 1029 a'm
718 965 862 1030 scio
893 964 1112 1029 morbi
1143 963 1266 1041 tui,
1291 960 1618 1046 inquit‚⁶¹⁶
1648 962 1853 1027 aliam
1883 962 1991 1026 vel
2020 962 2384 1026 maximam
2414 975 2730 1040 causam3

530 1068 693 1151 quid
719 1070 868 1152 ipse
899 1069 1020 1147 εἰς,
1050 1087 1250 1133 nosse
1280 1067 1572 1133 desisti.¹’
1661 1065 1893 1145 Quare
1918 1065 2302 1150 plenissime
2323 1065 2433 1130 vel
2464 1064 2735 1148 aegrim-
2762 1118 2766 1122 .

559 1261 562 1264 ’
597 1274 619 1299 2
652 1267 759 1327 Ego
777 1265 1022 1316 Boethius.
1150 1273 1175 1299 ⁶
1208 1266 1371 1331 Inquit
1393 1264 1720 1328 Philosophia.

530 1329 558 1364 ὖ
592 1331 790 1395 Inquam
811 1347 897 1394 ego
924 1330 1171 1383 Boethius.
1301 1340 1320 1364 θ
1352 1331 1682 1395 Philosophia.

1458 1457 1604 1477 “O“
1610 1457 1815 1477 NO‘OOO

1839 1263 1861 1297 ὓ
1892 1264 2092 1329 Inquam
2111 1279 2200 1328 ego
2229 1263 2474 1315 Boethius.
2573 1270 2595 1296 θ
2628 1264 2736 1315 Ait.

532 1545 676 1598 datio
699 1564 823 1613 pro:
866 1548 1040 1601 Verum
1062 1550 1113 1600 1ιὶ
1143 1548 1574 1615 perturbationibus
1594 1564 1745 1598 mores
1775 1555 1903 1613 sunt,
1923 1554 2127 1600 εει-16
2160 1548 2295 1599 Edd.
2334 1548 2528 1613 Delpli.
2565 1549 2736 1599 Hack.

1533 1664 1750 1715 NOTAE

534 1763 705 1825 ipsum
742 1761 932 1825 partim
969 1776 1298 1826 cognoscere,
1328 1763 1596 1828 ipsumque

537 1839 603 1888 ad
622 1839 752 1888 lianc
773 1839 1021 1903 suiipsius
1044 1840 1344 1889 memoriam
1363 1846 1598 1902 revocat,

1678 1761 1850 1811 milior
1883 1760 2004 1825 erit,
2043 1762 2265 1812 humana
2297 1761 2400 1810 erit
2434 1757 2740 1825 perfectior,

1672 1839 1735 1899 si,
1760 1840 2148 1903 propugnandae
2174 1839 2448 1903 praedictae
2472 1838 2734 1888 definitio-

536 1915 674 1980 quod
718 1914 871 1963 homo
911 1915 964 1963 in
1002 1915 1179 1978 primis
1214 1915 1279 1965 de
1314 1916 1598 1980 semetipso
1676 1916 1757 1965 nis
1798 1930 1970 1980 causa,
2003 1916 2212 1966 dicatur
2249 1916 2388 1964 canis
2419 1930 2736 1979 cognoscere

534 1992 773 2043 convinci
814 1993 1006 2043 debeat
1029 2010 1045 2044 ι
1100 1994 1221 2043 hinc
1275 2001 1599 2059 praeceptum

536 2067 821 2132 Apollinis,
846 2085 948 2134 quo
970 2077 1162 2133 monet,
1187 2071 1202 2097 ‘
1217 2078 1277 2120 ut
1299 2084 1354 2119 se
1378 2070 1598 2134 quisque

534 2146 748 2195 noscat?
779 2147 976 2195 Verum
1000 2145 1052 2194 id
1094 2146 1231 2195 ultro
1259 2152 1475 2210 praestat
1490 2146 1596 2195 Bo-

536 2220 729 2283 ethius,
750 2236 851 2270 non
876 2221 1119 2271 dubitans
1153 2237 1211 2271 se
1247 2222 1262 2249 ‘
1286 2236 1401 2271 esse
1435 2221 1596 2271 ratio-

538 2297 656 2345 nale
700 2297 888 2346 animal
932 2305 1091 2363 atque
1137 2298 1360 2347 mortale
1393 2297 1429 2348 :'
1481 2313 1596 2363 quae

538 2373 745 2438 quidem
769 2373 987 2422 hominis
1021 2373 1253 2424 definitio
1284 2381 1339 2424 et
1361 2382 1596 2424 veterum

538 2457 594 2500 et
627 2449 971 2500 recentiorum
1017 2451 1449 2517 Philosophorum
1482 2458 1595 2504 est:

537 2527 861 2578 nihilominus
882 2535 938 2579 ut
952 2529 1293 2580 animadverti
1312 2537 1505 2595 potest,
1520 2530 1596 2580 sic

539 2612 764 2655 anostro
790 2606 1018 2656 Auctore
1040 2607 1248 2657 videtur
1265 2609 1433 2672 rejici.
1468 2608 1599 2659 Ani·

537 2683 798 2733 madverti
819 2683 1027 2748 quidem
1052 2692 1230 2749 potest
1252 2686 1343 2734 illa
1376 2685 1598 2735 hominis

538 2759 797 2825 definitio,
821 2775 924 2810 non
946 2751 1111 2810 solu'm
1138 2762 1276 2827 quod
1301 2761 1601 2812 obscurissi-

535 2851 619 2886 ma
634 2837 718 2900 sit,
736 2843 793 2886 ut
814 2836 1105 2887 attendenti
1124 2845 1307 2902 patet:
1334 2839 1426 2887 sed
1446 2839 1599 2887 etiam

538 2914 659 2980 quia
706 2914 750 2963 si
802 2915 988 2964 bestiae
1050 2915 1284 2979 cogitare
1342 2915 1602 2978 dicautur,

537 2989 970 3054 quemadmodum
995 2990 1241 3040 dicuntur
1274 2991 1341 3040 ab
1364 2991 1488 3054 ipsis
1510 2991 1599 3039 hu·

528 3067 616 3130 jus
652 3065 967 3116 definitionis
1001 3066 1255 3130 patroniS,
1280 3067 1478 3131 quippe
1513 3068 1602 3132 qui

540 3149 729 3207 putant
745 3143 936 3193 bestias
950 3158 1051 3192 nou
1062 3143 1603 3208 ‘inadaequate'solum

539 3218 636 3268 sed
656 3217 987 3283 ‘adaequate,'
1004 3219 1078 3267 uti
1096 3219 1394 3284 loquuntur,
1406 3220 1603 3270 sentire

540 3293 779 3360 adeoque
814 3308 1152 3357 cognoscere,
1184 3295 1439 3358 ejusmodi
1475 3296 1603 3346 defi·

538 3371 670 3419 nitio
703 3368 863 3418 etiam
890 3369 1074 3418 bestiis
1108 3373 1406 3423 conveniet.
1447 3373 1603 3423 Canis

539 3446 679 3496 enim
695 3460 746 3494 v.
762 3459 811 3507 g.
825 3443 1110 3494 fatentibus
1131 3445 1244 3502 istis
1254 3446 1605 3513 Philosophis,

539 3529 623 3572 est
664 3524 680 3549 ‘
698 3520 885 3570 animal
907 3522 1128 3570 mortale
1147 3522 1179 3571 :’
1214 3523 1418 3586 sivero,
1441 3532 1498 3575 ut
1520 3542 1606 3576 vo-

539 3600 674 3659 lunt,
691 3597 827 3646 idem
847 3597 991 3646 canis
1006 3597 1282 3648 sentiendo
1301 3610 1604 3666 cognoscat,

542 3673 722 3738 negari
753 3687 856 3722 non
896 3680 1093 3736 potest,
1118 3675 1240 3740 quin
1281 3679 1493 3728 rationis
1531 3681 1602 3731 sit

546 3749 835 3814 particepS‚
859 3749 1187 3817 proindeque
1209 3755 1469 3805 vocandus
1489 3758 1505 3785 ‘
1522 3773 1601 3807 ra·

540 3825 750 3875 tionalis
767 3825 799 3874 :'
854 3824 1109 3891 siquidem
1149 3830 1450 3881 ratiocinari
1490 3834 1603 3899 qui·

543 3905 661 3950 dam
686 3909 769 3949 est
800 3904 1145 3966 cognoscendi
1180 3906 1382 3969 moduS,
1411 3914 1467 3959 et
1491 3909 1603 3974 qui·

540 3977 659 4026 dem
694 3977 859 4028 minus
893 3978 1176 4046 perfectus,
1201 3998 1353 4048 quam
1388 3986 1529 4035 clare
1548 3993 1604 4036 et

545 4055 789 4104 distincte
812 4057 1085 4120 percipere
1106 4076 1118 4108 :
1156 4068 1441 4124 propterea
1463 4063 1604 4111 enim

544 4134 716 4195 Deus,
732 4132 817 4197 qui
850 4134 989 4184 clare
1013 4141 1068 4185 et
1092 4137 1339 4189 distincte
1363 4138 1608 4203 percipit,

545 4215 768 4272 negatur
786 4210 1113 4261 ratiocinari:
1136 4213 1467 4277 quamobrem
1486 4229 1604 4279 cog·

542 4288 673 4341 nitio
697 4289 904 4351 canina,
940 4296 1125 4355 utpote
1160 4308 1274 4357 quae
1309 4293 1500 4343 divinae
1536 4293 1602 4343 si-

1680 1991 1907 2056 quidem,
1940 2006 2037 2041 nec
2072 1999 2247 2041 tamen
2281 1990 2599 2041 ratiocinari.
2665 1988 2740 2039 At

1680 2084 1802 2120 vero
1818 2069 2002 2119 eadem
2020 2069 2239 2119 hominis
2257 2067 2495 2118 definitio
2514 2083 2545 2118 a
2560 2076 2738 2118 nostro

1676 2143 1910 2194 Auctore
1928 2145 2134 2194 videtur
2156 2145 2328 2209 rejici;
2365 2153 2455 2195 aut
2479 2145 2652 2207 potius
2674 2144 2739 2193 ab

1676 2220 1791 2284 ipsa
1808 2222 2156 2285 Philosophia,
2173 2237 2290 2287 quae
2308 2220 2585 2271 Boethium
2603 2231 2741 2269 nunc

1677 2297 1990 2362 alloquitur:
2031 2304 2303 2362 postquam
2345 2298 2480 2346 euim
2502 2296 2738 2346 Philoso-

1678 2374 1804 2438 phia
1838 2391 1868 2424 a
1889 2374 2114 2424 Boethio
2137 2373 2483 2439 quaesivisset,
2531 2373 2546 2400 ‘
2572 2374 2740 2430 Nihil-

1679 2468 1743 2501 ne
1767 2458 1822 2502 te
1839 2452 1976 2502 aliud
1999 2467 2114 2502 esse
2132 2450 2323 2503 novisti
2337 2450 2370 2500 ?’
2406 2459 2463 2501 et
2485 2450 2740 2501 Boethius

1680 2528 2057 2592 respondisset,
2090 2529 2107 2557 ‘
2128 2528 2300 2578 Nihil:
2326 2529 2444 2579 Jam
2479 2527 2629 2590 scio,'
2664 2528 2740 2576 iu-

1681 2604 1811 2670 quit,
1835 2603 2028 2652 ‘morbi
2052 2604 2129 2653 tui
2159 2605 2317 2653 aliam
2351 2605 2432 2652 vel
2467 2604 2741 2653 maximum

1676 2696 1884 2732 causam
1905 2698 1921 2743 ;
1958 2681 2083 2746 quid
2102 2682 2216 2746 ipse
2234 2682 2323 2744 sis,
2345 2696 2492 2730 nosse
2517 2680 2735 2731 desisti!

1681 2758 1872 2823 Igitur,

1744 2841 1770 2875 1³
1795 2835 1927 2891 Quid
1941 2833 2042 2898 ipse
2056 2835 2141 2903 sis,
2158 2850 2292 2884 nosse
2313 2833 2503 2897 desisti]
2537 2848 2592 2883 v.
2617 2835 2740 2883 Phi-

1681 2911 1913 2974 losophia
1937 2912 2081 2975 cogit
2095 2911 2370 2961 Boethium
2394 2910 2572 2973 fateri,
2587 2926 2645 2961 se
2661 2927 2744 2962 se-

1682 2989 1962 3051 metipsum
1987 2989 2174 3051 partim
2215 2990 2488 3052 ignorare:
2525 3004 2664 3051 nam,
2689 2996 2746 3039 ut

1683 3066 1953 3129 eleganter
1966 3066 2045 3116 ait
2073 3066 2270 3114 Tullius
2293 3080 2332 3116 1.
2354 3065 2514 3116 Tusc.
2549 3067 2660 3115 ‘est
2684 3067 2746 3119 il-

1685 3141 1774 3191 lud
1794 3141 2003 3206 quidem
2028 3143 2111 3192 vel
2135 3142 2744 3208 maximum‚animoipso

1685 3219 1908 3267 animum
1929 3219 2134 3269 videre:
2172 3225 2227 3269 et
2242 3219 2482 3268 nimirum
2501 3219 2633 3269 hauc
2655 3220 2746 3269 ha-

1682 3296 1777 3345 bet
1819 3296 1921 3344 vim
1955 3303 2279 3360 praeceptum
2316 3294 2594 3359 Apollinis,
2627 3311 2743 3360 *quo

1683 3378 1880 3436 monet,
1916 3379 1975 3423 ut
2017 3388 2074 3421 se
2111 3373 2328 3438 quisque
2374 3379 2584 3422 noscat:
2639 3387 2742 3422 non

1685 3451 1825 3500 enim
1851 3451 2009 3501 credo
2043 3451 2097 3500 id
2132 3450 2388 3514 praecipit,
2421 3458 2480 3499 ut
2511 3450 2747 3499 membra

1678 3534 1866 3583 ,nostra
1900 3535 1989 3577 aut
2022 3534 2275 3577 staturam
2310 3526 2595 3590 figuramve
2629 3541 2746 3576 nos-

1683 3617 1890 3653 camus:
1937 3616 2106 3667 neque
2149 3617 2240 3651 nos
2274 3616 2494 3665 corpora
2531 3616 2741 3650 sumus:

1682 3695 1853 3746 neque
1870 3695 1970 3742 ego
1983 3680 2078 3730 tibi
2095 3680 2274 3730 dicens
2290 3680 2408 3739 hoc,
2425 3681 2637 3743 corpori
2654 3685 2744 3730 tuo

1685 3757 1822 3807 dico.
1890 3757 2018 3806 Cum
2053 3757 2230 3820 igitur,
2273 3757 2448 3806 Nosce
2468 3764 2541 3821 te,
2574 3757 2742 3818 dicit3

1684 3834 1781 3883 hoc
1802 3832 2139 3896 dicit,Nosce
2156 3828 2383 3883 animum
2403 3841 2546 3883 tunm
2570 3849 2582 3882 ε
2625 3848 2743 3883 nam

1683 3925 1871 3974 corpus
1895 3910 2106 3975 quidem
2130 3911 2277 3975 quasi
2301 3924 2392 3959 vas
2415 3917 2515 3972 est,
2538 3917 2632 3960 aut
2650 3911 2741 3959 ali-

1684 3987 1820 4052 quod
1848 3986 2003 4036 animi
2026 3988 2447 4049 receptaculum=
2485 3987 2549 4036 ab
2572 3987 2741 4036 animo

1687 4071 1779 4114 tuo
1803 4063 2051 4129 quicquid
2087 4064 2277 4126 agitur,
2299 4061 2352 4110 id
2389 4062 2558 4126 agitur
2581 4077 2613 4110 a
2650 4069 2736 4112 te:

1684 4141 1822 4190 hunc
1842 4140 2004 4205 igitur
2021 4133 2173 4189 nosse
2194 4140 2295 4188 uisi
2317 4139 2550 4188 divinum
2583 4147 2740 4198 esset,

1683 4231 1785 4266 non
1807 4222 1949 4266 esset
1971 4218 2079 4267 hoc.
2096 4216 2309 4266 acrioris
2331 4215 2600 4279 cujusdam
2635 4216 2740 4265 ani·

1683 4293 1753 4343 mi
1779 4301 2118 4356 praeceptum,
2140 4292 2233 4356 sic,
2257 4300 2314 4343 ut
2338 4291 2591 4341 tributum
2620 4294 2736 4342 Deo
