3049 4928
996 446 1515 500 PHILOSOPHIAE
1570 450 1710 498 1218.
1758 449 1837 498 11.

2382 437 2511 500 197

822 588 1115 674 Liquido
1147 590 1553 657 confundere
1585 593 1803 669 melle,

823 692 975 758 Nec
1005 693 1237 760 lucida
1268 696 1523 761 vellera
1553 696 1836 760 Serumd

821 794 1034 876 Tyrio
1065 796 1345 861 miscere
1377 812 1656 862 veneno.

817 895 1106 961 Somnos
1136 896 1343 964 dabat
1370 899 1575 964 herba
1604 902 1947 981 salubres3

815 996 1069 1062 Potum
1099 1019 1367 1083 quoque
1398 1001 1693 1067 lubricus
1725 1006 1973 1084 amnis;

819 1098 1112 1166 Umbras
1144 1102 1479 1169 altissima
1506 1106 1729 1189 pinus,

293 1262 382 1320 do,-
412 1279 562 1328 neque
582 1264 774 1330 inficere
789 1266 923 1316 lanas
942 1269 1170 1318 candidas
1201 1269 1370 1319 Serum
1387 1272 1660 1335 populorum
1675 1288 1809 1321 succo
1832 1288 2064 1337 purpureo
2087 1276 2224 1338 Tyri.
2297 1277 2507 1327 Gramen

292 1329 454 1379 iisdem
475 1328 717 1379 tribuebat
738 1345 949 1395 soporem
983 1333 1316 1396 salutiferum,-
1336 1336 1527 1400 fluvius
1558 1337 1765 1400 liquidus
1797 1338 2029 1387 tribuebat
2058 1340 2298 1403 potionem
2311 1358 2334 1400 ‚-
2362 1343 2506 1406 pinus

1294 1462 1516 1515 NOTAE

294 1550 463 1614 sophia
486 1554 729 1606 meminit
764 1563 918 1620 potus
942 1572 1115 1609 aureae
1138 1558 1270 1610 illius
1295 1574 1363 1608 at·

294 1628 430 1691 tatis,
460 1645 621 1695 quem
653 1634 794 1684 dicet
816 1650 966 1685 versu
988 1636 1262 1686 undecimo
1282 1636 1363 1686 fu·

292 1704 389 1754 isse
410 1720 617 1771 aquam,
642 1707 657 1735 ‘
675 1710 868 1761 Potum
892 1726 1095 1777 quoque
1124 1712 1355 1763 lubricus

293 1784 505 1833 amnis:'
537 1786 682 1835 nude
721 1789 1001 1851 praemittit
1038 1791 1131 1840 hos
1154 1798 1356 1842 veteres

290 1872 382 1909 nec
417 1860 595 1911 vinum
628 1863 928 1915 ‘Bacchica
969 1868 1220 1929 munera‚’
1258 1882 1357 1918 nec

291 1936 504 1987 mulsum
544 1938 562 1966 ‘
580 1939 756 1989 vinum
794 1942 948 1994 melle
987 1944 1225 1993 mistum’
1269 1959 1358 1994 no·

292 2012 434 2061 visse.
515 2016 713 2065 Vinum
758 2018 897 2068 enim
937 2020 1129 2070 dicitur
1173 2036 1355 2072 munus

292 2090 502 2153 Bacchi,
519 2095 662 2158 quod
684 2095 965 2159 Dionysius
984 2097 1092 2147 vini
1112 2098 1357 2149 inventor

291 2166 457 2218 dictus
482 2169 647 2221 fuerit
670 2171 908 2222 Bacchus
929 2173 1038 2223 sive
1058 2173 1268 2239 Ἴακκος,
1289 2175 1354 2226 ab

288 2240 406 2307 ἴακὴ,
424 2246 561 2312 quod
581 2249 860 2299 clamorem
875 2256 1053 2313 notat3
1079 2253 1202 2316 quia
1217 2252 1354 2303 forte

290 2321 456 2374 vinum
474 2324 543 2373 ad
565 2324 885 2389 loquendum
904 2327 1142 2391 primum,
1158 2328 1352 2380 deinde

289 2396 436 2447 etiam
459 2400 529 2449 ad
551 2400 877 2451 clamandum
901 2411 1111 2467 potores
1133 2406 1347 2456 excitet.

290 2473 471 2527 Horat.
509 2479 686 2542 Epist.
709 2480 743 2529 l.
766 2494 806 2529 ι.
830 2481 930 2544 Ep.
949 2487 1000 2530 5.
1035 2483 1051 2512 ‘
1071 2483 1213 2537 Quid
1245 2498 1349 2534 non

289 2550 506 2604 ebrietas
546 2554 821 2619 designat?
872 2564 1060 2620 operta
1098 2560 1353 2622 recludit3

289 2626 413 2691 Spes
426 2629 595 2694 jubet
616 2642 728 2681 esse
752 2637 890 2682 ratas
912 2649 926 2682 ε
967 2634 1019 2684 ἰιι
1043 2636 1225 2698 praelia
1245 2643 1355 2687 trua

291 2701 364 2753 dit
399 2706 692 2757 inermem:
735 2708 966 2758 Solicitis
1007 2711 1190 2761 animis
1227 2727 1354 2763 onus

287 2779 490 2832 eximitz
525 2782 759 2834 addocet
780 2790 943 2835 artes.
1000 2786 1248 2836 Foecundi
1271 2804 1355 2838 ca·

285 2855 404 2906 lices
453 2866 616 2924 quem
666 2875 768 2910 non
821 2860 1000 2913 fecere
1048 2863 1298 2915 disertum
1318 2866 1354 2917 2⁷

289 2930 511 2984 Mulsum
545 2941 725 2985 autem
761 2945 845 2987 est
876 2939 1021 3002 potio
1055 2954 1123 2990 ex
1158 2942 1275 2992 vino
1299 2950 1356 2994 et

286 3008 432 3059 melle
469 3012 739 3074 permistis
775 3011 950 3065 facta:
986 3016 1124 3067 unde
1154 3018 1355 3069 Graecis

284 3080 476 3147 οἰνόμελι
497 3093 562 3138 et
580 3087 869 3153 μελίκρατον
891 3092 1203 3155 appellatur.
1258 3095 1309 3144 N
1313 3095 1351 3143 i·

286 3160 461 3213 mirum
479 3164 922 3229 quemadmodum
938 3167 1056 3218 vino
1075 3182 1255 3220 recens
1276 3171 1351 3221 in·

287 3244 432 3289 vento
458 3255 623 3306 aqua,
645 3240 790 3305 prior
810 3243 1070 3294 bominum
1092 3248 1255 3310 potio,
1276 3248 1353 3298 in·

285 3310 393 3365 fusa
411 3315 541 3380 fuit,
562 3318 719 3381 juxta
756 3318 887 3369 illud
923 3320 1072 3388 Yirg.
1112 3334 1153 3373 1.
1190 3323 1350 3375 Geor.

286 3402 359 3438 vs.
385 3396 431 3443 9.
467 3395 483 3422 ‘
503 3395 813 3460 Poculaque
848 3396 1080 3448 inventis
1104 3398 1353 3451 Acheloia

285 3467 490 3519 miscuit
505 3469 624 3519 uvis
642 3469 678 3531 ς’
718 3471 795 3521 sic
811 3479 1085 3524 crescente
1106 3476 1349 3538 gulonum

285 3538 510 3608 libidine,
545 3546 718 3597 eidem
752 3548 874 3598 vino
906 3551 1010 3600 mel
1033 3548 1137 3602 fuit
1158 3554 1351 3604 immis-

287 3622 407 3682 tum,
437 3622 554 3671 sive
577 3623 645 3672 ad
680 3625 1028 3689 voluptatem,
1057 3628 1166 3679 sive
1188 3630 1347 3683 etiam

288 3694 346 3742 ad
362 3697 752 3758 producendam
769 3701 954 3753 vitam:
980 3709 1135 3768 potus
1151 3707 1348 3772 quippe

285 3768 367 3820 ille
383 3788 540 3825 venas
557 3790 748 3826 vacuas
765 3790 860 3828 sua
879 3779 1098 3832 lenitate
1118 3785 1349 3836 mulcere

286 3842 479 3900 fertur:
515 3865 585 3900 ex
621 3867 723 3917 quo
757 3851 897 3904 forte
922 3871 954 3906 a
974 3859 1248 3911 mulcendo
1271 3860 1350 3912 di·

290 3920 422 3973 citur
466 3928 709 3978 mulsum.
798 3931 941 3983 Hinc
985 3934 1165 3986 Catius
1206 3939 1349 4002 apud

287 3995 558 4050 Horatium
578 4004 919 4067 reprehendit
933 4008 1220 4076 Aufidium,
1242 4029 1349 4064 non

287 4074 418 4135 quod
441 4077 545 4126 mel
565 4079 789 4131 Falerno
816 4082 1081 4150 misceret,
1093 4087 1184 4137 sed
1211 4091 1350 4154 quod

286 4147 496 4202 Falerno
518 4165 760 4207 austero-2
793 4159 810 4187 ‘
828 4158 1066 4212 Aufidius
1087 4162 1210 4215 forti
1230 4168 1351 4217 mis-

287 4224 432 4277 cebat
465 4230 620 4280 mella
654 4233 886 4289 Falerno,
914 4239 1189 4305 Mendose,
1222 4258 1349 4307 quo·

287 4299 416 4354 niam
435 4307 606 4357 vacuis
623 4310 953 4365 committere
968 4317 1122 4379 *venis
1137 4317 1229 4369 Nil
1248 4319 1347 4371 nisi

1441 1560 1558 1609 lene
1575 1559 1750 1622 decet,
1768 1561 1875 1610 leni
1892 1562 2181 1624 praecordia
2200 1563 2361 1612 mulso
2380 1563 2510 1613 Pro-

1442 1636 1603 1686 lueris
1640 1636 1858 1686 melius!
1923 1638 2064 1687 Hinc
2104 1639 2259 1688 etiam
2301 1638 2509 1689 Asinius

1444 1713 1616 1763 Pollio
1654 1712 1996 1764 centesimum
2038 1714 2297 1763 excedens
2336 1716 2509 1766 aetatis

1437 1803 1648 1853 annum,
1682 1803 1799 1840 cum
1833 1790 1899 1841 ab
1921 1790 2161 1855 Augusto
2194 1792 2402 1855 hospite
2427 1806 2508 1842 ro-

1439 1873 1674 1931 garetur,
1707 1883 1926 1933 quanam
1961 1869 2186 1919 maxime
2214 1870 2419 1918 ratione
2442 1869 2505 1919 il·

1437 1943 1544 1998 lum
1570 1944 1803 2008 corporis
1841 1945 2102 2009 animique
2133 1946 2365 2009 vigorem
2400 1960 2506 1996 ser·

1439 2027 1632 2082 vasset,
1656 2021 1944 2087 respondit,
1977 2024 2148 2073 ‘intus
2171 2024 2356 2086 mulso,
2379 2022 2507 2073 foris

1436 2099 1591 2149 oleo.’

1498 2177 1524 2211 ἃ
1560 2179 1664 2228 Nec
1683 2178 1839 2227 lucida
1860 2178 2030 2229 vellera
2052 2176 2245 2244 Serum]
2288 2188 2342 2227 v.
2380 2177 2507 2227 Phi·

1433 2255 1669 2319 losophia
1692 2254 1878 2304 transit
1903 2254 1967 2303 ad
2004 2255 2199 2319 primas
2240 2254 2503 2318 Majorum

1434 2335 1626 2387 vestes,
1658 2344 1785 2395 quas
1817 2328 2112 2393 designavit
2144 2328 2421 2379 nominatis
2442 2328 2505 2378 il-

1428 2406 1599 2457 lorum
1636 2408 1762 2459 toris
1799 2411 1856 2457 et
1891 2409 2161 2458 tentoriis:
2197 2410 2317 2472 tori,
2355 2415 2505 2459 erant

1435 2487 1635 2549 berbae,
1683 2488 1699 2517 ‘
1718 2501 1926 2537 somnos
1965 2487 2130 2536 dabat
2171 2487 2333 2536 herba
2368 2489 2505 2537 saln-

1433 2563 1554 2614 bres
1571 2563 1605 2624 ;'
1641 2564 1885 2626 tentoria,
1908 2562 2139 2626 arbores,
2160 2565 2176 2593 ⁶
2200 2562 2408 2612 umbras
2433 2564 2505 2615 al.

1432 2640 1636 2691 tissima
1655 2642 1804 2705 pinus
1817 2641 1851 2690 ε’
1871 2640 2204 2706 quamobrem
2226 2640 2367 2704 prius
2391 2636 2505 2689 dix·

1433 2717 1493 2780 it,
1524 2717 1617 2766 hos
1641 2724 1848 2766 veteres
1869 2731 1974 2766 non
1994 2717 2201 2766 novisse
2226 2723 2502 2766 vestesse·

1434 2794 1585 2853 ricem,
1609 2800 1699 2843 aut
1719 2807 2019 2858 purpuram,
2041 2806 2142 2857 qua
2160 2793 2504 2855 tingerentur.

1432 2871 1585 2921 Seres
1625 2884 1751 2935 ergo
1791 2878 1914 2921 sunt
1952 2871 2149 2937 populi,
2197 2886 2325 2936 quos
2364 2872 2504 2922 inter

1436 2946 1566 2997 duos
1614 2961 1789 2997 amnes
1815 2982 1818 2985 »
1840 2947 2147 3012 Hydaspem
2201 2955 2259 2998 et
2311 2944 2503 2999 Indum

1435 3024 1746 3075 constitutos
1780 3022 1997 3074 Orosius
2038 3024 2218 3074 scribit
2254 3026 2292 3074 l.
2329 3036 2418 3075 ιιι.
2454 3039 2502 3077 c.

1434 3102 1519 3152 23.
1583 3098 1743 3165 Apud
1765 3100 1858 3150 hos
1884 3100 2120 3166 quaedam
2142 3106 2263 3150 sunt
2286 3100 2503 3152 arbores

1435 3177 1743 3228 tenuissima
1766 3177 1989 3244 quadam
2011 3177 2129 3226 lana
2150 3182 2380 3228 onustae:
2407 3177 2506 3229 sic·

1431 3258 1493 3303 ut
1516 3255 1748 3318 plurimis
1770 3254 2187 3319 gravissimorum
2212 3252 2502 3306 Auctorum

1432 3330 1741 3382 testimoniis
1777 3332 2063 3395 probatur:
2097 3339 2158 3383 ut
2185 3333 2397 3397 Virgilii
2435 3348 2501 3386 ιι.

1431 3407 1629 3470 Georg.
1653 3422 1729 3458 vs.
1755 3413 1869 3460 121.
1909 3409 1925 3438 ‘
1946 3409 2260 3474 Velleraque
2284 3416 2343 3460 ut
2365 3409 2503 3461 foliis

1431 3481 1722 3546 depectant
1744 3485 1924 3534 tenuia
1954 3481 2144 3537 Seres?
2210 3488 2425 3538 Senecae
2446 3489 2501 3537 in

1429 3559 1544 3608 OEt.
1567 3573 1644 3610 vs.
1666 3562 1779 3609 667.
1800 3560 1818 3588 ⁴
1837 3561 1953 3609 Nec
1976 3561 2207 3611 Maeonia
2229 3561 2503 3626 distinguit

1427 3646 1548 3696 acu,
1597 3635 1734 3688 Quae
1785 3636 2024 3686 Phoebeis
2067 3638 2303 3689 subditus
2345 3641 2500 3689 Euris

1427 3711 1587 3772 Legit
1608 3711 1733 3761 Eois
1754 3711 1855 3761 Ser
1875 3711 2191 3765 arboribus!
2223 3715 2501 3768 Claudiani

1427 3788 1599 3838 Carm.
1621 3801 1661 3838 1.
1680 3801 1755 3836 vs.
1778 3792 1892 3838 179.
1914 3794 1930 3817 ⁴
1946 3789 2176 3840 Stamine
2200 3791 2338 3856 quod
2358 3794 2501 3844 molli

1426 3864 1649 3914 tondent
1669 3864 1737 3913 de
1759 3865 1941 3928 stipite
1961 3865 2152 3916 Seres?
2196 3866 2302 3917 Sed
2325 3871 2499 3934 gravis

1427 3945 1510 3993 est
1554 3940 1845 4004 disputatio
1890 3941 1957 3992 de
1999 3943 2197 4007 origine
2240 3946 2499 4009 ejusmodi

1426 4017 1581 4080 lanae,
1615 4033 1683 4067 an
1703 4017 1815 4070 haec
1838 4018 1904 4068 ab
1927 4019 2210 4081 arboribus,
2233 4034 2297 4070 an
2323 4023 2499 4086 potius

1430 4110 1463 4145 a
1482 4096 1779 4145 vermiculis
1801 4096 1909 4145 illic
1933 4096 2275 4161 degentibus?
2298 4099 2394 4149 hoc
2419 4102 2496 4149 ul·-

1429 4173 1615 4222 timum
1645 4171 1857 4221 videtur
1890 4172 2226 4236 probabilia,
2259 4179 2318 4222 ut
2351 4173 2498 4225 bom-

1427 4247 1593 4311 byces
1610 4249 1749 4312 apud
1765 4249 1896 4298 istos
1919 4252 2158 4314 populos,
2175 4251 2337 4300 veluti
2355 4256 2495 4317 apud

1426 4331 1771 4390 nos‚·stamen
1807 4325 1874 4377 ab
1909 4327 2026 4376 alvo
2047 4324 2259 4390 gravida
2279 4326 2496 4385 ducant.
