3049 4928
535 429 667 495 424

537 589 813 639 discrimen
838 588 971 638 inter
1007 586 1291 637 ordinarios
1328 593 1384 637 et
1408 584 1596 637 suffec-

537 678 620 717 tos
643 666 910 717 Consules.
976 664 1196 716 Constat
1219 679 1286 714 ex
1306 662 1472 727 fastis,
1492 677 1595 712 non

537 743 699 793 semel
721 742 812 793 sed
838 741 1028 806 saepius
1061 742 1374 792 ordinarium
1397 742 1596 791 Consu·

536 823 640 870 lem
696 819 939 871 Boetium
982 817 1162 868 fuisse.
1250 818 1395 868 Nota
1437 818 1598 867 etiam

538 896 837 962 Magisterii
887 900 943 945 et
987 893 1310 945 Patriciatus
1352 893 1596 957 dignitas.

537 975 678 1025 inter
703 974 879 1025 titulos
914 985 1045 1042 vero⁸
1078 970 1310 1020 inferiori
1348 985 1461 1019 aevo
1485 969 1599 1020 haec

536 1053 723 1115 relata,
746 1051 834 1116 qui
858 1050 940 1099 vel
973 1047 1268 1099 cassiodori
1303 1048 1482 1097 decem
1507 1061 1596 1110 pa-

539 1128 685 1192 ginas
724 1127 996 1189 evolverit,
1031 1139 1133 1175 non
1170 1124 1393 1188 ignorat.
1463 1124 1597 1174 Con-

538 1206 651 1255 sule
684 1204 852 1268 Epist.
875 1216 980 1253 xn.
1014 1201 1150 1250 libro
1186 1215 1226 1250 1.
1264 1201 1390 1249 Var.
1428 1200 1597 1264 Epist.

537 1297 598 1332 11.
650 1282 783 1331 libro
821 1294 886 1330 11.
953 1278 1122 1342 Epist.
1163 1290 1344 1327 nvn.
1382 1276 1475 1327 lib.
1512 1291 1596 1326 ιν.

539 1358 786 1423 Denique
824 1362 885 1405 ut
927 1356 1084 1418 plene
1119 1361 1174 1404 et
1211 1355 1364 1417 plane
1399 1354 1598 1418 capias,

534 1436 652 1498 lege
694 1432 937 1484 formulas
979 1431 1306 1495 Consulatus,
1342 1431 1597 1481 Patricia-

537 1516 641 1572 tus,
664 1516 721 1559 et
740 1506 1055 1571 Magisterii,
1075 1505 1212 1571 apud
1234 1506 1453 1557 eundem
1474 1507 1599 1557 Cas-

537 1586 793 1637 siodorum
816 1586 908 1635 lib.
933 1598 1008 1635 v1.
1042 1584 1274 1635 Ber-aare.

605 1662 953 1712 Consolationis
995 1660 1330 1725 Philosophioe]
1382 1662 1471 1711 Sic
1516 1677 1597 1712 re·

537 1740 762 1804 positum
802 1755 867 1788 ex
914 1745 1044 1789 vett.
1082 1737 1234 1789 codd.
1272 1740 1596 1804 manuscrip-

537 1817 627 1879 tis,
647 1817 813 1881 iisque
831 1816 1042 1878 optimae
1056 1819 1196 1863 notae
1218 1831 1232 1863 ε
1257 1829 1425 1879 neque
1440 1816 1594 1866 aliam

534 1897 846 1961 scripturam
885 1894 1078 1943 habent
1111 1893 1345 1957 plerique
1379 1894 1595 1956 Senecae

537 1971 960 2023 Consolationum
978 1968 1099 2018 libri
1121 1967 1173 2017 in
1198 1976 1327 2020 vett.
1345 1972 1594 2021 membra·

536 2049 632 2099 nis.
699 2048 877 2098 Sensit
933 2046 1124 2112 quippe
1167 2046 1405 2110 Boetius,
1447 2056 1508 2099 ut
1538 2062 1596 2101 et

537 2126 623 2175 alii
660 2124 970 2188 scriptores,
1009 2126 1317 2175 saeculorum
1361 2128 1593 2191 superio-

535 2216 650 2250 rum
674 2199 986 2261 barbariem,
1019 2199 1139 2249 dum
1164 2203 1380 2266 quisque
1411 2202 1595 2254 infelix

533 2278 797 2340 interpres
834 2284 926 2327 aut
966 2277 1272 2327 temerarius
1291 2278 1595 2331 scholiastes

536 2352 699 2405 audet
719 2359 776 2403 et
798 2352 1006 2403 titulum
1030 2361 1087 2404 et
1124 2356 1371 2406 orationis
1403 2359 1593 2409 seriem

537 2430 1092 2498 turbare,·plerumque
1131 2439 1188 2484 et
1215 2436 1594 2488 sententiarum

533 2510 761 2573 ipsarum
798 2509 900 2558 vim
934 2524 1256 2576 acumenque
1299 2513 1595 2565 adulterare

535 2602 599 2636 ac
619 2586 900 2652 frangere,
933 2588 1071 2652 quod
1093 2589 1148 2640 iu
1179 2596 1356 2641 nostro
1377 2591 1456 2641 ita
1487 2607 1594 2642 ma·

531 2661 780 2713 nifestum
819 2671 919 2728 est,
937 2670 996 2714 ut
1030 2679 1165 2729 pene
1205 2667 1335 2717 alius
1368 2668 1436 2717 sit
1458 2669 1594 2720 Boii·

535 2740 660 2802 tius,
680 2740 770 2806 qui
793 2755 912 2791 cum
949 2741 1348 2794 Commentariis
1371 2746 1444 2796 D.
1459 2747 1594 2797 Tho·

531 2832 630 2866 mae
652 2816 784 2868 falso
817 2818 1064 2882 ascriptis
1096 2820 1309 2884 legitur,
1330 2837 1483 2887 quam
1504 2824 1594 2888 qui

533 2894 587 2943 in
616 2895 837 2945 vetustis
859 2895 1144 2946 codicibus.
1186 2898 1365 2949 Vallia.
1399 2946 1405 2955 ,

601 2970 830 3020 Carmina
853 3006 867 3021 .
893 3007 909 3022 .
937 3006 953 3022 .
971 2972 1161 3036 peregi]
1197 2973 1304 3022 Diu
1349 2975 1592 3040 equidem

535 3044 795 3112 valdeque
841 3046 1097 3112 dubitavi,
1136 3063 1201 3098 an
1239 3051 1366 3099 satis
1406 3053 1593 3104 Latine

534 3119 638 3170 dici
656 3130 835 3185 posset
855 3128 870 3150 ¹
883 3124 1146 3189 Peragere
1164 3138 1373 3175 carmen
1386 3127 1418 3189 ;'
1438 3143 1595 3192 quem

534 3205 712 3249 tamen
737 3215 908 3250 meum
931 3204 1230 3267 scrupulum
1248 3204 1458 3268 probati
1475 3222 1594 3271 pos·

534 3282 619 3328 tea
639 3291 876 3328 exemere
910 3288 1152 3331 auctores
1183 3283 1422 3332 Valerius
1444 3285 1593 3336 Flac-

532 3369 626 3404 cus
663 3354 754 3406 lib.
797 3360 845 3406 4.
885 3355 1175 3421 Argonaut.
1229 3358 1297 3409 de
1341 3360 1589 3425 Orpheo:

531 3429 548 3458 ‘
570 3430 825 3481 Thracius
857 3439 914 3481 at
946 3447 1144 3482 summa
1163 3435 1315 3485 sociis
1348 3451 1378 3485 e
1413 3452 1591 3503 puppe

529 3506 780 3561 sacerdos
822 3509 951 3559 Fata
985 3511 1180 3569 Deum,
1203 3519 1260 3562 et
1291 3514 1490 3565 miserae
1514 3533 1593 3567 so·

528 3583 644 3632 lans
659 3583 980 3634 incommoda
1002 3586 1124 3635 vitae
1140 3587 1390 3639 Securum
1413 3606 1591 3644 nume-

528 3660 602 3708 ris
638 3659 767 3723 agit,
795 3667 853 3710 et
886 3660 1193 3711 medicabile
1215 3667 1462 3717 carmen!
1488 3669 1592 3720 Au.

532 3736 708 3786 sonius
729 3735 797 3786 de
814 3736 963 3786 Ludo
989 3751 1095 3786 vu.
1119 3740 1413 3803 sapientum
1435 3761 1448 3794 ε
1481 3749 1497 3775 ‘
1517 3748 1591 3798 U.

528 3826 648 3862 nam
699 3813 947 3864 trecentis
1004 3815 1239 3866 versibus
1278 3825 1589 3876 sententiam

527 3889 759 3939 Tandem
795 3889 1019 3954 peregit,
1058 3905 1246 3956 meque
1287 3908 1589 3962 respectans

529 3965 680 4016 abit.'
760 3966 1060 4030 ‘Peragere
1104 3970 1414 4038 volumina,'
1455 3977 1590 4027 dixit

530 4041 735 4091 Plinius
772 4042 1060 4107 Secundus,
1089 4045 1179 4098 lib.
1216 4062 1303 4100 ιιι.
1341 4051 1514 4115 Epist.
1540 4060 1587 4103 5.

529 4117 682 4171 &Hac
722 4117 1016 4171 intentione
1057 4128 1139 4172 tot
1181 4124 1283 4174 ista
1331 4129 1589 4180 volumina

528 4194 759 4258 peregit,
810 4196 1219 4265 Elector-umque
1276 4214 1588 4254 commenta·

528 4274 632 4323 rios
656 4280 867 4325 centum
892 4276 1165 4341 sexaginta
1199 4280 1323 4329 mihi
1341 4282 1590 4347 reliquit.'

529 4349 633 4401 Etx
663 4350 680 4378 ‘
706 4350 971 4416 Pet-agere
992 4352 1191 4416 libros,'
1217 4355 1308 4406 lib.
1331 4360 1379 4411 9.
1412 4359 1586 4424 Epist.

1227 437 1441 492 NOTAE
1494 440 1898 491 VARIORUM
1953 439 2032 488 IN

1675 590 1722 636 1.
1787 583 2002 635 ‘Libros
2037 584 2285 635 incolumi
2320 597 2385 635 eo
2426 583 2704 649 peregisti!

1674 662 1774 711 Isti
1809 661 2051 727 loquendi
2076 648 2311 712 forinulae
2348 676 2451 711 non
2476 662 2717 712 absimilis

1675 737 1761 787 illa
1785 736 1972 788 Horat.
1996 738 2152 788 Carm
2178 751 2264 789 ιιι.
2299 738 2403 789 od.
2426 738 2523 788 ult.
2585 740 2601 767 ‘
2619 740 2717 787 Ex-

1676 813 1760 877 egi
1816 821 2202 864 monumentum
2249 828 2356 864 aere
2402 813 2719 878 perennius.'

1675 892 1745 941 Et
1778 889 1937 940 ovid.
1970 890 2023 939 in
2055 889 2158 940 fine
2196 890 2413 942 Metam.
2474 890 2724 955 ‘Jamque

1672 983 1801 1034 opus
1819 965 2009 1030 exegi!
2038 966 2209 1016 Sitzm.

1737 1047 1952 1097 Fletibus
1993 1062 2079 1095 oro
2108 1045 2299 1109 rigant]
2334 1046 2553 1095 Senecae
2590 1045 2725 1094 testi·

1676 1124 1849 1174 monio
1887 1123 2310 1188 frequentissime
2343 1129 2466 1171 utar
2503 1122 2558 1170 in
2587 1122 2724 1172 hisce

1674 1202 1844 1264 Notis,
1880 1201 2188 1264 annitarque
2220 1199 2581 1249 demonstrare
2616 1199 2726 1260 uulf

1672 1279 1776 1328 lum
1798 1276 1910 1327 fere
1939 1277 2040 1341 legi
2061 1290 2273 1326 carmen
2292 1274 2521 1338 Boethii,
2544 1290 2612 1324 ex
2625 1288 2725 1339 quo

1673 1368 1775 1404 non
1796 1363 2068 1419 appareat,
2103 1366 2220 1402 eum
2247 1350 2539 1406 studiosum
2572 1349 2727 1400 fuisse

1671 1432 1985 1482 imitatorem
2025 1430 2160 1479 illius
2180 1428 2414 1492 Tragici,
2436 1428 2527 1493 qui
2563 1428 2635 1476 ita
2672 1428 2729 1475 in

1674 1508 1867 1560 Octav.
1909 1524 1987 1559 vs.
2021 1512 2136 1558 322.
2181 1514 2237 1557 et
2275 1521 2420 1571 seqq.
2492 1504 2726 1555 ‘St-indit

1675 1592 1845 1636 vestes
1870 1584 2116 1648 Augusta
2144 1597 2281 1645 suas,
2313 1583 2623 1647 laceratque
2643 1595 2724 1630 co·

1671 1678 1801 1726 mas,
1825 1663 1983 1725 Rigat
2020 1667 2075 1711 et
2115 1659 2312 1710 maestis
2344 1657 2557 1709 fletibus
2583 1656 2724 1716 toral

1669 1741 1822 1790 Idem.
2527 1729 2530 1732 Δ

1733 1817 1845 1867 Has
1863 1814 2055 1877 saltem]
2077 1814 2321 1865 Imitatus
2345 1828 2461 1863 esse
2476 1812 2728 1865 Ovidium

1671 1895 1899 1952 videtur,
1946 1908 2012 1941 ex
2059 1907 2134 1942 tv.
2179 1891 2428 1941 Tristium
2469 1891 2655 1955 Elegia
2689 1903 2730 1939 1.

1668 1987 1767 2020 uon
1788 1971 1972 2031 semel,
2012 1975 2027 1997 ¹
2046 1970 2138 2019 Me
2170 1982 2371 2033 quoque
2397 1968 2553 2017 Musa
2586 1968 2729 2016 levat

1669 2048 1826 2098 Ponti
1858 2048 1974 2097 loca
2003 2047 2152 2109 jussa
2183 2052 2469 2109 petentem,
2498 2044 2625 2093 Sola
2642 2058 2726 2093 co·

1667 2138 1777 2174 mes
1800 2129 1992 2173 nostrae
2017 2120 2247 2184 perstitit
2280 2120 2368 2169 illa
2400 2118 2542 2183 fugae
2560 2135 2576 2167 ι
2609 2118 2730 2168 Sola

1669 2215 1765 2250 nec
1788 2199 1997 2249 insidias
2019 2200 2173 2259 inter,
2196 2212 2295 2247 nec
2317 2197 2497 2246 militis
2529 2210 2733 2257 ensem,

1668 2278 1784 2329 Nec
1806 2290 1968 2338 mare,
1988 2290 2085 2323 nec
2107 2282 2308 2337 ventos,
2332 2273 2730 2339 barbariamque

1667 2354 1819 2404 timet
1840 2352 1872 2402 ε’
1926 2353 2148 2415 aliisque
2175 2352 2404 2401 versibus
2428 2351 2559 2401 ibid.
2626 2352 2727 2400 Pa·

1666 2440 1850 2498 tetque
1881 2445 1948 2480 ex
1969 2430 2067 2480 hoc
2105 2430 2218 2479 loco
2247 2429 2451 2479 exulem
2474 2435 2729 2491 nostrum,

1665 2507 1972 2560 Theodorici
1994 2513 2084 2556 aut
2115 2514 2257 2556 metu
2291 2513 2380 2556 aut
2416 2513 2641 2567 terrore,
2663 2505 2728 2554 ab

1666 2586 1902 2639 omnibus
1919 2586 2099 2635 amicis
2118 2585 2379 2639 desertum
2392 2599 2410 2632 ι,
2432 2583 2559 2647 qnid
2571 2582 2729 2645 enim,

1666 2671 1789 2731 post
1818 2676 2053 2713 eversam
2093 2662 2329 2723 Romam,
2347 2675 2379 2708 a
2402 2659 2582 2710 Gotho
2624 2675 2725 2710 non

1666 2749 1939 2794 cruentum
1964 2739 2398 2804 exspectaretur?
2441 2739 2629 2789 Vallia.

1731 2822 1811 2870 Ne
1848 2824 2062 2869 nostrum
2104 2817 2297 2866 comites
2328 2821 2721 2879 persequerentur

1663 2897 1785 2962 iter]
1832 2896 2003 2944 Tanta
2043 2898 2126 2943 est
2171 2892 2265 2954 vis,
2308 2897 2459 2941 tanta
2491 2890 2728 2942 efficacia

1663 2976 1953 3026 liberalium
1980 2971 2191 3034 artium,
2207 2979 2264 3020 ut
2283 2971 2584 3035 conjunctae
2608 2985 2728 3020 cum

1666 3053 1847 3104 animis
1869 3051 2012 3101 nullo
2054 3058 2289 3112 tempore
2325 3047 2596 3111 deficiant,
2632 3048 2726 3099 sed

1662 3135 2005 3197 permaneant
2049 3125 2311 3175 stabiliter
2352 3125 2419 3175 ad
2465 3140 2725 3175 summum

1668 3206 1870 3256 exitum
1889 3204 2028 3253 vitae.
2056 3201 2214 3252 Ovid.
2230 3215 2320 3252 ιιι.
2334 3201 2495 3251 Trist.
2511 3202 2662 3265 Eleg.
2678 3207 2724 3253 7.

1663 3284 1679 3310 ⁴
1705 3282 1795 3332 Nil
1819 3294 1921 3329 non
1954 3280 2173 3328 mortale
2209 3285 2446 3328 tenemus
2482 3279 2729 3329 Pectoris

1664 3356 1901 3422 exceptis
1940 3356 2234 3419 ingeniique
2273 3355 2438 3405 boniS.
2506 3356 2589 3407 En
2626 3370 2728 3420 ego

1663 3449 1781 3484 cum
1815 3432 1987 3497 patria
2008 3446 2231 3495 caream,
2271 3433 2518 3497 vobisque
2553 3431 2729 3481 dumo·

1669 3525 1789 3578 que,
1812 3511 2092 3574 Raptaque
2116 3509 2222 3558 sint
2240 3507 2398 3558 adimi
2431 3523 2549 3574 quae
2583 3516 2730 3572 potu-

1664 3603 1756 3638 ere
1800 3587 1955 3636 mihi:
2008 3586 2222 3648 Ingenio
2246 3596 2421 3636 tamen
2459 3585 2575 3649 ipse
2608 3601 2723 3636 meo

1663 3667 1982 3730 comitorque
2021 3665 2282 3730 fruorque,
2316 3666 2498 3716 Caesar
2538 3669 2598 3717 in
2632 3668 2726 3716 hoc

1663 3742 1839 3808 potuit
1866 3741 2005 3806 juris
2044 3742 2239 3792 habere
2272 3741 2437 3794 nihil:
2504 3745 2576 3793 Et
2599 3743 2727 3793 illud

1662 3825 1778 3870 erat
1798 3819 1940 3885 quod
1961 3819 2132 3883 Stilpo
2149 3818 2288 3882 apud
2311 3819 2608 3884 Diogenem
2628 3821 2723 3870 La·

1660 3897 1850 3947 iirtium
1893 3895 1985 3945 lib.
2027 3898 2075 3944 1.
2143 3894 2415 3945 Demetrio
2476 3895 2721 3960 Antigoni

1660 3972 1789 4036 filio,
1811 3970 2025 4035 scriptis
2049 3970 2146 4020 sibi
2162 3970 2372 4020 tradere
2387 3985 2452 4020 ea
2468 3987 2588 4037 quae
2601 3973 2722 4023 ami·

1662 4057 1806 4101 serat
1826 4049 2021 4099 volenti
2045 4047 2168 4096 nihil
2191 4061 2340 4096 suum
2355 4062 2410 4097 se
2435 4049 2722 4112 perdidisse

1661 4125 1931 4191 respondit
1952 4141 1965 4174 ι
1999 4124 2194 4189 quippe
2219 4122 2513 4174 doctrinam
2536 4130 2591 4174 et
2611 4139 2721 4173 eru-

1665 4204 1916 4254 ditionem
1936 4201 2033 4251 sibi
2057 4199 2311 4250 ademisse
2335 4203 2617 4265 neminem,
2641 4217 2717 4252 re..

1659 4282 1910 4346 liqnaque
1932 4278 2032 4328 sibi
2056 4292 2170 4327 esse
2208 4283 2265 4326 et
2285 4277 2640 4342 eloquentiam
2664 4284 2719 4327 et

1662 4359 2003 4422 disciplinam.
2083 4354 2270 4420 Neque
2305 4353 2390 4408 hic
2430 4353 2714 4407 omittenda
