3049 4928
505 396 636 465 §.²86
1200 405 1509 462 sos-run
1563 404 1662 455 ns
1708 402 2018 454 consot..

442 552 450 568 ’
507 560 570 624 si
600 558 843 625 salutis
872 574 1085 623 causa
1113 553 1455 640 quispiam
1481 550 1652 616 velit
1679 549 1998 635 equitare,
2033 567 2165 614 non
2198 554 2336 613 tam
2366 546 2707 631 equitandi

504 670 762 728 motum
791 659 1145 735 desiderat,
1177 676 1384 742 quam
1431 654 1675 719 salutis
1722 652 2050 718 effectum.
2140 649 2308 715 Cum
2339 650 2539 733 igitur
2568 669 2702 715 om-

506 765 624 831 nia
649 764 807 829 boni
835 761 1053 845 gratia
1076 765 1400 845 petantur,
1425 778 1559 822 non
1578 758 1693 821 illa
1711 755 1965 840 potiuS,
1985 773 2187 838 quam
2215 755 2466 818 bonum
2488 755 2706 839 ipsum

510 868 927 936 desideratur
951 871 1001 904 ¹²
1047 865 1134 929 ab
1162 862 1490 928 omnibus,
1580 859 1718 924 Sed
1762 864 2034 945 propter
2085 857 2273 943 quod
2327 862 2551 922 cetera
2585 876 2704 942 op-

508 978 752 1050 tantur,
783 967 1274 1035 beatitudinem
1290 985 1443 1031 esse
1469 964 1964 1030 concessimus:
1983 970 2031 1010 ¹³
2079 981 2286 1046 quare
2314 962 2412 1026 sic
2436 978 2709 1045 quoque

511 1076 661 1143 sola
688 1072 1010 1158 quaeritur
1038 1067 1407 1135 beatitudo.
1463 1067 1575 1133 Ex
1602 1087 1738 1151 quo
1780 1065 2045 1150 liquido
2068 1076 2094 1103 ³
2137 1069 2444 1150 apparet,
2480 1064 2704 1147 ipsius

509 1178 670 1244 boni
700 1184 769 1243 et
810 1174 1243 1241 beatitudinis
1270 1192 1471 1238 unam
1501 1176 1703 1256 atque
1729 1169 2005 1236 eandem
2039 1189 2194 1234 esse
2223 1171 2702 1235 substantiam.

514 1280 705 1347 Nihil
727 1280 948 1358 video,
978 1297 1097 1343 cur
1123 1276 1483 1342 dissentire
1510 1274 1855 1359 quispiam
1883 1273 2132 1358 possit.
2184 1273 2320 1338 Sed
2344 1274 2570 1338 Deum
2591 1293 2702 1340 ve·

510 1403 790 1469 rumque
810 1380 1297 1449 beatitudinem
1322 1399 1533 1443 unum
1555 1385 1757 1463 atque
1777 1378 1961 1443 idem
1985 1397 2138 1444 esse
2176 1378 2705 1443 monstravimus.

509 1489 639 1567 Ita,
666 1488 965 1572 inquam.
1053 1486 1299 1550 Secure
1319 1487 1374 1533 ¹4
1411 1483 1656 1567 igiturr
1719 1482 2119 1548 concludere
2146 1481 2330 1560 licet,
2383 1481 2520 1545 Dei
2550 1499 2711 1564 quo-

512 1611 643 1676 que
671 1592 740 1656 in
769 1592 925 1676 ipso
954 1593 1153 1669 bono,
1179 1608 1301 1655 nec
1329 1607 1612 1673 usquam
1642 1588 1802 1668 alio,
1832 1589 2029 1652 sitam
2067 1602 2221 1652 esse
2250 1584 2712 1651 substantiam.

575 1767 603 1792 ¹¹
635 1761 911 1812 Evidenter.
1038 1769 1068 1804 ν
1104 1760 1264 1811 Certo.

1435 1853 1583 1875 “O“
1586 1853 1735 1874 “Q“
1737 1853 1795 1874 θ’

513 1938 737 2002 primus:
770 1953 880 1987 vere
900 1936 1019 1986 bona
1032 1936 1147 1986 sint.
1150 1941 1280 1986 —12
1313 1936 1417 1988 Ms.
1445 1936 1693 1988 Rittersb.
1716 1952 1854 2001 quam
1870 1935 2037 1986 bonum
2052 1936 2396 1987 desiderantur.
2400 1937 2530 1983 -13
2564 1936 2581 1964 ‘
2600 1933 2722 1984 Non

511 2004 754 2067 improbo
776 2010 1006 2053 veterem
1028 2003 1357 2067 scripturam,
1390 2017 1487 2053 esse
1505 2004 1784 2054 censuimus.
1790 2003 2083 2053 ’.Bernart
2085 2006 2215 2053 -14
2249 2002 2485 2067 Uterque
2518 1997 2723 2051 Tbuan.

516 2070 646 2134 Reg.
668 2076 727 2119 et
747 2069 885 2118 Vict.
908 2075 1156 2133 uterque:
1191 2083 1353 2118 securo
1366 2067 1542 2131 igitur.

1507 2180 1724 2232 NOTAE
1766 2180 1769 2185 ’

515 2278 921 2345 unumquodque
960 2279 1083 2343 tale,
1105 2279 1234 2331 illud
1274 2279 1439 2344 magis
1474 2281 1584 2332 tale
1662 2295 1789 2331 nere
1809 2286 1981 2330 tamen
2004 2278 2139 2343 finis,
2160 2279 2215 2329 in
2241 2293 2342 2345 quo
2365 2289 2562 2342 genere
2584 2289 2722 2331 nunc

516 2358 656 2421 est3'
692 2357 829 2422 quod
856 2357 1058 2407 etiamsi
1082 2357 1137 2407 in
1162 2358 1275 2407 aliis
1303 2357 1441 2408 forte
1465 2373 1583 2409 cau·
1662 2356 1959 2419 adhibetur,
1978 2362 2208 2407 constat.

517 2449 693 2488 aarum
708 2436 982 2502 generibus
999 2435 1181 2489 fallere
1199 2436 1359 2502 possit
1378 2452 1394 2500 ς
1423 2436 1476 2488 in
1493 2452 1584 2502 ge·

1326 2896 1755 2972 METRUM
1803 2896 1907 2964 X.

870 3067 1046 3167 Huc
1066 3076 1093 3116 ‘¹
1137 3087 1365 3133 omnes
1392 3068 1640 3152 pariter
1665 3070 1883 3136 venite
1912 3072 2122 3155 capti,

867 3168 1060 3249 Quos
1088 3172 1302 3237 fallax
1330 3171 1497 3255 ligat
1524 3172 1843 3256 improbis
1872 3175 2136 3239 catenis

868 3274 1194 3341 Ten-enas
1223 3276 1551 3341 hebetans
1569 3283 1619 3323 ¹⁵
1663 3276 1879 3342 libido
1908 3284 2186 3344 menteS.

591 3453 849 3504 Conuenite
882 3454 971 3506 lm
1006 3470 1163 3506 emm
1198 3457 1398 3522 decepti,
1425 3472 1550 3522 quos
1577 3453 1724 3509 libido
1754 3462 1978 3527 mendax,
2007 3476 2240 3526 occupans
2262 3433 2445 3511 ‘intentes
2466 3464 2737 3522 terr-estre«,

1447 3581 1808 3609 eeeeeeeeeeee

587 3668 647 3714 16
686 3661 932 3717 Habitum
944 3668 1100 3744 Vulg.
1127 3668 1260 3732 Regi
1264 3684 1357 3721 us·
1392 3670 1644 3726 hebetans.-
1724 3674 1823 3725 uod
1846 3674 2064 3725 verbum
2088 3672 2210 3738 quia
2232 3672 2457 3724 Boethio
2479 3670 2732 3727 familiare

522 3735 626 3792 est,
658 3730 773 3781 haec
805 3732 1031 3796 genuina
1063 3684 1273 3784 Vallino
1309 3736 1411 3787 loci
1442 3738 1589 3803 hujus
1626 3691 1846 3792 vitietur
1879 3755 1992 3791 esse
2029 3742 2308 3805 scriptura.

1511 3867 1728 3920 NOTAE

562 3980 613 4063 ‘¹1
645 3971 784 4062 H.¹⁴⁶]
808 3972 893 4025 Ad
928 3975 1236 4040 praedictam
1272 3980 1458 4030 summi
1492 3955 1584 4032 bo·
1672 3982 1848 4033 venite
1871 3982 1907 4046 ς’
1937 3984 2023 4034 vel
2060 3999 2178 4035 cum
2199 3983 2477 4049 participio
2513 3985 2531 4014 ‘
2552 3986 2734 4052 capti?

523 4064 579 4100 m
597 4058 881 4103 notionem.
949 4097 951 4099 ,
1669 4068 1728 4110 ut
1768 4059 2109 4127 significetur,
2159 4060 2433 4121 ‘similiter
2471 4061 2733 4128 decepti?

575 4128 766 4176 :Omnes
801 4130 992 4192 pariter
1035 4131 1192 4183 venite
1223 4133 1375 4198 capti]
1406 4132 1587 4183 ‘Pau-i·
1670 4137 1687 4167 ‘
1712 4137 1919 4202 eaptus’
1959 4138 2100 4190 enim
2124 4137 2414 4201 generatim
2447 4138 2493 4188 is
2522 4139 2733 4200 dicitnr,

526 4203 627 4253 ter’
660 4204 885 4270 intelligi
925 4214 1102 4272 potest
1133 4208 1287 4273 jungi
1342 4209 1425 4258 vel
1466 4224 1587 4260 cum
1643 4215 1760 4280 qui
1792 4214 1846 4264 in
1881 4213 2094 4264 alterius
2135 4219 2402 4276 potestate
2435 4222 2559 4268 este
2596 4214 2730 4265 unde

523 4281 684 4332 verbo
708 4282 724 4311 ‘
749 4285 962 4350 venite‚'
986 4292 1045 4336 ut
1067 4285 1409 4351 significetur,
1424 4286 1439 4314 ‘
1461 4301 1587 4338 con·
1668 4290 1686 4319 ⁶
1705 4290 1944 4355 captivus
1962 4288 1997 4339 ε’
2021 4290 2295 4354 speciatim
2315 4304 2440 4340 vero
2460 4290 2502 4340 is
2524 4297 2630 4355 est,
2644 4290 2729 4355 qui
