3049 4928
490 418 627 496 218

1186 430 1490 481 Bossrun
1544 431 1644 479 1)ss
1685 429 1923 479 CONSO
1936 430 1997 478 b·

754 547 1052 646 Involvit
1077 580 1329 645 humile
1360 579 1629 664 pariter,
1658 584 1728 642 et
1758 576 2017 642 celsum
2044 582 2272 660 eaput,

843 683 1231 767 AEquatque
1264 684 1545 748 summis
1584 682 1833 746 infima.
2237 701 2238 704 ¹

755 783 896 850 Ubi
926 806 1101 851 nune
1129 786 1347 851 fidelis
1375 804 1537 850 ossa
1567 783 1865 850 Fabricii
1889 792 1916 820 ⁸
1945 784 2186 869 jacent
2203 784 2233 846 't

2611 781 2701 846 15

842 886 1028 968 Quid
1059 889 1361 968 Brutus,b
1405 899 1519 955 aut
1544 887 1800 972 rigidus
1833 886 2009 953 Cato
2030 889 2060 951 't

497 1079 656 1127 eodem
676 1077 898 1129 similiter
919 1080 1094 1129 tumulo
1125 1078 1332 1140 abiectus
1349 1080 1658 1144 sublimesque
1675 1078 1900 1141 cervices,
1920 1082 1970 1128 et
1988 1082 2144 1143 σφωε
2164 1076 2263 1125 ϋηο
2280 1074 2534 1140 supremis.

2608 1074 2706 1123 Ubi

500 1157 606 1192 ossa
634 1143 851 1195 Fabricii
867 1144 971 1211 fidi
1001 1145 1328 1208 nuncjucent?
1394 1146 1529 1203 Quia
1547 1161 1669 1195 nuuc
1690 1150 1762 1196 est
1784 1146 1995 1208 Brutus,
2017 1148 2102 1193 unt
2124 1143 2247 1192 Cato
2268 1137 2492 1193 severus?
2559 1138 2708 1190 Levis

1493 1274 1710 1330 NOTAE

504 1389 675 1440 Carm-
696 1388 801 1442 Od.
821 1394 905 1443 28.
936 1392 952 1421 ‘
976 1392 1081 1444 Sed
1102 1408 1281 1444 omues
1317 1408 1420 1444 una
1457 1408 1564 1444 ma-

505 1473 598 1516 net
621 1481 743 1529 nox,
778 1469 846 1518 Et
869 1469 1119 1520 calcanda
1151 1472 1314 1521 semel
1350 1472 1435 1521 via
1455 1471 1569 1522 leti.

503 1543 647 1594 Dant
688 1545 816 1595 alios
860 1547 1030 1598 Furiae
1071 1554 1223 1598 torvo
1267 1549 1571 1613 spectacula

503 1621 698 1673 Marti:
723 1622 900 1673 Exitio
925 1630 1009 1674 est
1030 1624 1196 1674 avidis
1218 1640 1363 1674 mare
1383 1625 1570 1676 nautis.

505 1699 669 1748 Mista
691 1713 890 1762 senum,
922 1714 984 1750 ac
1005 1700 1257 1765 juvenum
1288 1700 1572 1751 densantur

502 1775 718 1827 funera:
756 1778 951 1827 nullum
987 1778 1141 1828 Saeva
1176 1785 1338 1842 caput
1359 1778 1572 1828 Proser-

505 1852 632 1915 pina
669 1850 842 1916 fugit.'
910 1854 983 1903 Et
1025 1853 1204 1903 eodem
1248 1853 1344 1904 lib.
1391 1853 1498 1903 od.
1520 1857 1572 1904 4.

505 1932 521 1957 ‘
545 1929 755 1984 Pallida
774 1945 912 1980 mors
935 1945 1083 1996 aequo
1103 1931 1278 1995 pulsat
1294 1929 1432 1995 pede
1446 1945 1572 1995 pau·

508 2021 690 2071 perum
715 2008 957 2058 tabernas
983 2008 1284 2073 Regumque
1320 2015 1512 2072 turres,
1540 2024 1572 2059 o

507 2084 664 2135 beate
677 2084 865 2135 Sexti!
880 2085 1037 2138 Quod
1050 2085 1278 2136 feliciter
1288 2087 1449 2137 vertit
1462 2102 1576 2137 nos·

509 2167 595 2211 ter
615 2162 986 2225 Malberbaeus‚
1012 2162 1104 2211 lib.
1129 2176 1210 2214 vr.
1243 2165 1260 2192 ‘
1284 2165 1360 2213 La
1383 2171 1576 2214 morta

509 2236 602 2285 des
614 2238 853 2300 rigueurs
867 2237 1053 2287 anullo
1063 2245 1210 2289 autre
1219 2241 1575 2305 pareillemon

510 2329 542 2362 a
564 2314 699 2364 beau
722 2315 775 2363 la
797 2315 957 2378 prier,
991 2317 1066 2367 La
1087 2316 1282 2367 cruelle
1303 2318 1473 2383 quelle
1493 2325 1577 2370 est

509 2404 566 2439 se
589 2391 788 2441 bouebe
812 2394 886 2442 les
909 2394 1169 2457 aureilles,
1186 2395 1256 2444 Et
1268 2409 1400 2444 nous
1420 2395 1578 2446 luisse

511 2469 666 2518 crier.
734 2470 807 2519 Le
833 2485 1026 2534 pauvre
1054 2485 1119 2521 en
1160 2486 1217 2522 sa
1254 2472 1471 2535 (tubane,
1507 2471 1576 2523 ou

510 2545 563 2594 le
598 2546 812 2596 chanme
839 2548 885 2596 le
926 2563 1136 2611 couvre,
1169 2548 1263 2599 Est
1284 2549 1418 2613 sujet
1441 2547 1473 2599 a
1494 2564 1577 2599 ses

511 2622 641 2685 loix,
690 2624 761 2672 Et
798 2625 848 2673 la
890 2624 1085 2682 Garde,
1137 2626 1225 2689 qui
1268 2626 1420 2675 veille
1476 2642 1579 2676 aux

515 2698 769 2749 barrieres
813 2700 883 2749 du
932 2703 1158 2766 Louvre,
1204 2701 1343 2753 N’eu
1385 2700 1581 2753 defend

513 2789 608 2837 pas
627 2788 721 2824 nos
740 2776 905 2826 Rois?

576 2858 604 2885 ⁸
631 2852 1114 2920 Fidelis...Fab=-icii]
1149 2856 1419 2907 Fabricius
1442 2857 1581 2908 Con·

515 2929 594 2977 sul
611 2929 889 2994 Romanus,
899 2931 1037 2994 apud
1064 2932 1308 2996 plurimos
1330 2947 1446 2982 cum
1465 2946 1584 2981 ora-

516 3010 656 3054 tores
701 3014 810 3056 tum
855 3007 1042 3071 poetas
1090 3022 1234 3056 suam
1285 3008 1582 3070 presertim

516 3084 584 3135 ob
606 3083 762 3135 fidem
793 3087 1187 3150 celeberrimus,
1218 3088 1406 3137 merito
1444 3100 1584 3136 nune

518 3168 734 3211 vocatur
757 3161 943 3212 fidelis.
1002 3163 1233 3212 Primum
1253 3162 1376 3228 quia
1398 3177 1429 3211 a
1452 3162 1586 3227 Pyr-

518 3236 613 3286 rho
629 3238 961 3301 Epirotarum
981 3240 1123 3304 Rege
1142 3240 1341 3304 magnis
1361 3240 1588 3289 muneri·

519 3313 640 3376 bus,
667 3316 824 3365 etiam
862 3323 1049 3379 quarta
1092 3317 1238 3380 regui
1278 3323 1427 3380 parte
1466 3330 1587 3379 pro-

520 3390 680 3440 missa
701 3398 952 3450 tentatus,
973 3392 1163 3442 adduci
1187 3408 1291 3444 non
1316 3394 1505 3458 potuit,
1527 3400 1590 3444 ut

523 3467 747 3531 patriam
763 3467 1048 3518 desereret.
1069 3469 1273 3518 Deinde
1286 3470 1407 3534 quia
1425 3470 1588 3520 medi-

519 3558 637 3593 eum
689 3543 1052 3592 Timocharem
1113 3552 1296 3596 contra
1355 3546 1587 3610 ejusdem

521 3621 711 3684 Pyrrhi
751 3621 908 3684 Regis
941 3622 1018 3669 sui
1057 3631 1214 3685 caput
1257 3637 1351 3686 spe
1387 3625 1588 3687 praemii

522 3713 779 3748 venenum
821 3696 1142 3748 deferentem
1201 3699 1268 3748 ad
1322 3699 1586 3750 dominum

520 3789 666 3824 snum
691 3773 871 3823 reduci
894 3775 1111 3837 curavit,
1144 3775 1281 3839 quod
1300 3776 1588 3828 admiratus

523 3850 642 3900 Rex
665 3850 760 3911 ait,
795 3850 1084 3899 Fabricium
1108 3850 1368 3902 difficilius
1400 3853 1470 3904 ab
1496 3853 1588 3903 ho·

523 3931 730 3976 nestate
789 3941 940 3992 quam
978 3927 1138 3977 solem
1198 3944 1230 3978 a
1279 3944 1373 3980 suo
1431 3943 1588 3979 cursu

524 4004 709 4054 averti.
763 4005 918 4054 Unde
937 4005 1208 4057 claudian.
1228 4007 1402 4058 Cam.
1425 4019 1588 4059 xxvr.

526 4094 604 4129 vs.
630 4084 742 4131 130.
778 4086 792 4108 ‘
820 4082 891 4131 Et
914 4083 1040 4132 nulli
1063 4084 1243 4148 pervia
1266 4085 1436 4148 culpae
1453 4085 1590 4135 Pec-

529 4163 647 4208 tora
682 4158 907 4212 Fabricii
951 4159 1099 4210 donis
1141 4161 1338 4213 invicta
1378 4163 1464 4211 vel
1508 4177 1589 4212 ar·

531 4235 664 4287 nnis!

592 4311 617 4347 ⁶
652 4314 781 4370 Quia
802 4315 1015 4382 Brutus]
1052 4318 1110 4368 L.
1133 4319 1347 4384 Brutus,
1379 4318 1454 4370 sic
1479 4319 1590 4370 dic·

1640 1400 1724 1444 tus
1746 1397 1966 1458 propter
1987 1387 2368 1454 stupiditatem,
2386 1399 2537 1452 quam
2562 1390 2712 1436 metu

1639 1469 1905 1535 Tarquinii
1929 1465 2225 1517 simulabat.
2269 1463 2386 1527 Ille,
2406 1461 2710 1528 Tarquiniis

1641 1547 1709 1597 ob
1726 1546 1970 1596 violatam
1981 1542 2277 1593 Lucretiam
2293 1538 2717 1605 expulsis,liber-

1641 1632 1808 1676 tatem
1852 1622 2098 1674 Romanis
2154 1619 2394 1684 assernit,
2444 1633 2548 1669 una
2590 1634 2715 1669 cum

1643 1701 1936 1753 Collatino:
1984 1698 2124 1749 unde
2168 1698 2387 1763 populus
2440 1695 2717 1747 Romanus

1643 1778 1915 1841 imperium
1950 1777 2005 1826 in
2045 1772 2259 1825 eosdem
2299 1773 2555 1826 libertatis
2599 1788 2714 1824 suae

1644 1854 1878 1904 vindices
1900 1851 2192 1914 transtulit,
2222 1856 2423 1901 mutato
2446 1858 2628 1917 tamen¹
2658 1855 2718 1900 et

1634 1932 1758 1996 jure
1778 1938 1836 1981 et
1854 1931 2093 1980 nomine:
2129 1928 2326 1994 quippe
2350 1942 2416 1977 ex
2453 1932 2716 1991 perpetuo

1646 2023 1871 2058 annuum
1887 2007 2103 2072 placuit,
2121 2020 2187 2056 ex
2208 2004 2458 2068 singulari
2479 2004 2682 2069 duplex
2698 2019 2715 2053 ι

1645 2100 1713 2138 ne
1737 2092 1972 2151 potestas
1995 2083 2273 2135 solitudine
2296 2083 2380 2132 vel
2418 2096 2563 2131 mora
2598 2096 2718 2131 cor·

1647 2168 1996 2229 rumperetur,
2026 2161 2383 2225 consulesque
2422 2159 2720 2224 appellavit

1648 2255 1744 2304 pro
1766 2237 2018 2305 Regibus,
2050 2244 2109 2289 ut
2129 2238 2399 2289 consulere
2421 2250 2479 2285 se
2509 2233 2717 2285 eivib'us

1649 2320 1756 2368 suis
1799 2317 1993 2367 debere
2034 2314 2409 2365 meminissent.
2478 2312 2569 2361 De
2614 2311 2719 2361 hoe

1653 2397 1824 2445 Bruto
1865 2394 2150 2457 saepissime
2194 2392 2431 2457 loquitur
2472 2389 2718 2440 Claudia-

1652 2489 1766 2535 nus,
1789 2480 1849 2524 ut
1871 2474 2044 2524 Carm.
2064 2483 2211 2522 χχιι.
2232 2485 2307 2521 vs.
2329 2474 2447 2521 322.
2471 2470 2489 2499 ⁶
2508 2468 2596 2519 Sit
2614 2475 2723 2519 tra·

1654 2550 1764 2601 beis
1786 2550 1925 2600 ultor
1945 2549 2185 2612 Stilicho,
2217 2548 2516 2611 Brutusque
2538 2558 2717 2608 reper-

1655 2635 1755 2679 tor.
1800 2628 2040 2679 Libertas
2056 2626 2237 2691 populi
2256 2624 2425 2689 primo
2441 2630 2569 2674 tune
2586 2623 2722 2673 Con·

1652 2707 1764 2755 sule
1804 2706 1973 2754 Bruto
2008 2703 2237 2752 Reddita
2271 2715 2369 2765 per
2398 2699 2599 2750 fasces:
2638 2698 2723 2750 bie

1653 2782 1883 2832 fascibus
1905 2781 2111 2845 expulit
2142 2779 2272 2844 ipsis
2293 2777 2608 2828 Servitium:
2642 2776 2720 2826 iu·

1657 2859 1832 2909 stituit
1853 2857 2123 2908 sublimem
2144 2857 2342 2905 Brutus
2361 2852 2655 2905 honorem!

1722 2935 1936 2998 Riguus
1968 2936 2111 2999 Cato]
2153 2932 2304 2984 Sicut
2341 2933 2539 2982 Brutus
2578 2945 2612 2980 a
2657 2931 2726 2980 si-

1656 3017 1854 3065 mulata
1912 3015 2153 3077 stultitia,
2219 3015 2295 3064 sie
2340 3013 2475 3062 Cato
2521 3026 2555 3061 a
2598 3026 2726 3062 vera

1658 3092 1941 3158 prudentia
1981 3098 2384 3156 cognomentum
2426 3095 2538 3139 est:
2574 3096 2726 3139 catus

1661 3170 1876 3235 qnippe,
1897 3168 2036 3217 unde
2060 3168 2214 3230 Cato,
2236 3173 2319 3216 est
2337 3165 2565 3230 sapiens.
2621 3164 2731 3216 Au·

1659 3247 1836 3296 sonius
1860 3246 1913 3294 in
1948 3244 2195 3306 Mosella,
2221 3243 2538 3307 ‘legumque
2577 3250 2729 3293 catos

1658 3321 1905 3388 fandique
1922 3319 2203 3386 potentes?
2231 3318 2529 3384 Propterea
2547 3319 2730 3384 plures

1660 3416 1693 3450 a
1734 3415 1828 3450 sua
1862 3396 2119 3462 sapientia
2156 3396 2284 3446 dicti
2320 3400 2444 3445 sunt
2479 3394 2731 3445 Catones.

1660 3477 1903 3530 Juvenal.
1945 3476 2056 3526 Sat.
2090 3488 2154 3524 11.
2197 3489 2273 3524 vs.
2292 3477 2377 3524 40.
2403 3472 2423 3501 ‘
2444 3473 2664 3523 Tertius
2700 3488 2731 3523 e

1662 3554 1794 3604 coelo
1819 3552 2013 3602 cecidit
2035 3550 2208 3602 Cato?
2259 3551 2387 3600 Duo
2406 3556 2585 3600 tamen
2607 3555 2733 3600 sunt

1662 3629 2080 3696 praestantissimi
2119 3628 2237 3690 viri,
2270 3628 2357 3692 qui
2402 3626 2501 3676 hoe
2538 3641 2734 3690 cogno-

1661 3708 1801 3757 mine
1825 3707 2006 3757 donati
2044 3705 2263 3768 fuerint,
2297 3718 2525 3769 quosque
2554 3704 2732 3753 Philo·

1663 3785 1843 3848 sophia
1875 3785 1960 3835 hic
1999 3784 2170 3848 potuit
2193 3782 2518 3845 intelligere;
2553 3782 2735 3846 MaJor

1662 3860 1930 3923 videlieet,
1946 3865 2002 3909 et
2024 3859 2231 3920 Minor;
2250 3857 2421 3919 ambo,
2441 3855 2536 3906 sed
2557 3857 2734 3907 diver·

1662 3936 1732 3986 sis
1754 3936 2095 4000 temporibus,
2127 3949 2158 3984 e
2184 3933 2388 3996 Portis,
2422 3938 2585 3996 gente
2606 3934 2733 3982 Tus-

1664 4014 1772 4064 culi
1800 4013 2043 4075 obscura‚
2068 4013 2189 4064 orti.
2257 4012 2389 4061 Cato
2419 4010 2614 4074 Major,
2647 4009 2735 4075 qui

1638 4092 1943 4144 'Censorius
1988 4091 2161 4140 dictus
2196 4095 2297 4151 est,
2327 4086 2551 4139 florebat
2596 4102 2730 4139 auno

1664 4169 1823 4220 Urbis
1852 4168 2079 4218 conditae
2101 4170 2217 4216 570.
2249 4172 2305 4215 et
2341 4166 2407 4215 ad
2440 4173 2728 4216 extremam

1665 4261 1826 4312 usque
1869 4252 2194 4296 senectutem
2249 4244 2515 4308 pervenit.
2597 4244 2729 4294 Cato

1665 4330 1840 4372 autem
1872 4321 2066 4386 Minor,
2105 4322 2191 4385 qui
2223 4326 2441 4371 vocatus
2469 4328 2552 4372 est
2588 4321 2724 4371 Prae-
