3049 4928
1013 417 1538 474 nnmosorfflae
1587 420 1733 468 ms.
1782 420 1831 468 ι.
2393 408 2522 475 109

305 559 800 626 mendacium.⁴
885 558 1143 629 Verum
1182 563 1252 628 id
1301 580 1436 648 quo
1463 563 1707 629 modo⁵
1755 563 1868 642 sit,
1918 569 2060 641 tuo,
2089 565 2521 650 sapientium-

305 683 438 749 que
477 662 776 747 judicio,
820 664 1288 742 aestimandum
1319 666 1636 751 relinquo.
1726 665 1938 753 CuJus
1985 667 2080 732 rei
2133 669 2390 747 seriem,
2419 677 2521 736 at-

308 785 442 851 que
473 766 845 847 veritatem,
897 787 978 832 ne
1008 768 1217 834 latere
1246 773 1556 853 posteros
1586 775 1816 853 queat,
1859 770 2036 855 stylo
2050 769 2080 808 ²
2118 771 2342 850 etiam,
2386 791 2522 837 me-

307 868 678 952 moriaeque
705 869 1039 936 mandavi.
1135 870 1319 938 Nam
1349 870 1434 937 de
1463 873 1866 957 compositis
1885 872 2062 938 salso
2087 874 2341 953 literis,t
2368 874 2520 959 qui-

308 971 436 1034 bus
466 970 840 1037 libertatern
868 990 1111 1055 arguor
1141 993 1454 1058 sperasse
1484 974 1894 1054 Romanam,
1945 975 2109 1060 quid
2153 975 2393 1046 attinet
2421 976 2522 1044 di÷

312 1074 507 1137 cere?
597 1072 899 1152 Quarum
947 1076 1127 1141 fraus
1181 1083 1416 1161 aperta
1460 1078 1816 1161 patuisset,
1864 1079 1923 1144 si
1962 1079 2163 1144 nobis
2217 1080 2521 1164 ipsorum

311 1174 741 1241 confessione
771 1176 1164 1258 delatorum,
1198 1178 1380 1263 quod
1411 1179 1481 1243 in
1512 1181 1829 1245 omnibus
1857 1181 2151 1263 negotiis
2178 1182 2520 1262 maximas

312 1278 492 1342 vires
521 1278 752 1358 habet,
800 1281 898 1345 uti
944 1281 1267 1347 licuisset.
1358 1280 1539 1346 Nam
1573 1302 1726 1366 quae
1756 1282 2013 1368 sperari
2040 1283 2298 1366 reliqua
2320 1285 2517 1350 liber·

313 1386 422 1444 tas
450 1382 728 1464 potest?
819 1380 1047 1467 Atque
1078 1384 1337 1449 utinam
1365 1390 1603 1468 posset
1645 1384 1821 1451 ulla!
1865 1385 2360 1470 respondissem
2393 1385 2522 1451 Ca-

312 1482 400 1547 nii
430 1483 676 1550 verbo:
722 1485 840 1568 qui
870 1505 1027 1554 cum
1057 1506 1099 1552 a
1129 1486 1207 1553 C.
1240 1487 1515 1554 Caesare
1546 1486 1936 1555 Germanioi
1965 1487 2109 1554 filio
2134 1497 2161 1528 '⁴'
2207 1491 2521 1554 conscius

374 1650 402 1685 ⁴¹
437 1654 655 1707 Calamo-

309 1832 340 1877 4
370 1828 575 1880 Tbnan.
591 1829 819 1895 primus:
854 1823 1137 1875 consensisse
1160 1824 1513 1874 mendacia—5
1550 1824 1654 1874 Ms.
1676 1822 1877 1874 Erfurt.
1906 1821 2078 1873 Verum
2094 1823 2147 1873 id
2161 1837 2338 1891 quoquo
2359 1825 2493 1874 modo
2509 1840 2528 1874 .·

1308 1971 1361 2021 N
1366 1971 1524 2022 01·AE

306 2074 432 2125 tatis
453 2073 588 2126 illud
614 2074 823 2137 dicitur,
856 2072 996 2139 quod
1019 2078 1106 2122 est
1128 2072 1377 2122 adversus

307 2153 558 2203 honorem
577 2153 900 2217 principibus
920 2150 1186 2200 debitum:
1218 2164 1378 2214 quare

307 2244 427 2279 cnm
451 2228 626 2279 forma
640 2228 843 2294 imperii
861 2227 1082 2277 Romani
1099 2225 1378 2291 aliquando

304 2305 471 2358 fuerit
492 2307 510 2336 ⁴
527 2306 913 2372 populistatns‚'
931 2306 1049 2355 ideo
1063 2304 1260 2355 crimen
1273 2319 1378 2354 ma·

296 2382 674 2447 jestatisapnd
686 2382 1101 2436 jurisconsultos
1122 2386 1221 2448 est,
1240 2380 1378 2447 quod

308 2460 566 2512 adversus
588 2460 832 2526 populum
853 2461 1162 2524 Romanum,
1179 2459 1263 2509 vel
1298 2473 1379 2510 se·

306 2538 591 2590 ctu-itatem
627 2540 741 2605 ejus
785 2539 1163 2591 committitur:
1202 2543 1256 2588 et
1281 2537 1382 2588 Rei

305 2615 606 2679 majestatis
632 2616 685 2665 d.
710 2618 744 2667 1.
769 2630 808 2665 ι.
831 2613 887 2666 ff.
913 2615 980 2665 ad
1015 2617 1084 2666 le.
1112 2616 1216 2680 jul.
1253 2615 1378 2680 maj.

307 2690 557 2742 dicuntur
591 2693 679 2759 qui
714 2692 968 2758 ejusmodi
1002 2693 1197 2744 crimen
1238 2707 1378 2743 com-

308 2767 567 2819 mittuntz
602 2783 899 2835 quanquam
923 2769 1061 2820 enim
1102 2769 1267 2818 honor
1311 2768 1381 2819 sit

310 2859 477 2907 genus
540 2845 858 2909 majestatis,
910 2859 1148 2896 sermone
1206 2851 1379 2895 tamen

310 2922 590 2986 communi,
610 2928 669 2973 ut
687 2922 920 2988 loquitur
937 2923 1119 2988 Vives,
1137 2923 1301 2973 honor
1325 2927 1381 2975 et

309 3000 558 3065 majestas
575 3001 655 3051 ita
676 3000 1089 3066 distinguuntur,
1109 3007 1170 3051 ut
1192 2999 1380 3065 majes-

313 3082 393 3126 tas
414 3076 627 3127 dicatur
641 3092 864 3141 persona
886 3078 998 3143 ipsa
1020 3092 1175 3144 quam
1200 3091 1379 3142 supre-

311 3168 394 3205 mo
416 3155 615 3206 bonore
632 3153 919 3207 afficimus:
954 3157 1090 3206 sicut
1103 3155 1289 3206 Cicero
1313 3168 1379 3205 η.

314 3230 379 3281 de
423 3232 556 3283 Nat.
612 3232 686 3283 D.
751 3232 771 3261 ⁷‘
791 3231 1103 3295 sustinendi,
1119 3230 1136 3253 ’
1191 3230 1380 3297 inquit,

310 3307 327 3333 ⁴
343 3309 570 3358 muneris
586 3314 804 3374 propter
822 3307 1234 3359 imbecillitatem
1248 3305 1380 3357 diffi-

313 3384 478 3445 cultas
521 3384 735 3435 minime
775 3385 917 3435 cadit
960 3386 1011 3435 in
1051 3384 1380 3448 majestatem

314 3459 546 3510 Deorum
573 3459 609 3511 ε’
640 3461 778 3513 sicut
799 3462 962 3513 etiam
1003 3476 1096 3512 nos
1130 3460 1270 3511 Galli
1306 3461 1381 3511 lo-

312 3533 519 3600 quendo
536 3535 603 3586 de
623 3536 772 3615 R‚ege
789 3537 1009 3588 dicimus
1027 3553 1045 3600 ς
1067 3537 1139 3588 Sa
1155 3537 1382 3602 queete.

311 3609 537 3661 Senatus
562 3625 719 3676 porro
759 3612 1021 3663 Romanus
1059 3612 1381 3678 temporibus

316 3684 533 3737 Boethii
576 3694 853 3738 accusatus
887 3686 1010 3752 fuit,
1034 3688 1172 3753 qnod
1196 3688 1381 3739 adver-

260 3818 265 3823 ,
312 3775 398 3812 sus
434 3762 823 3815 Theodericum
846 3765 1018 3815 Italiae
1043 3765 1267 3832 Regem,
1288 3766 1378 3816 ho·

314 3853 596 3906 noremque
618 3840 694 3891 illi
731 3841 991 3908 debitum,
1010 3842 1210 3908 aliquid
1235 3843 1380 3894 moli·

315 3921 396 3964 tus
427 3914 626 3967 fuerit:
663 3914 755 3966 sed
774 3916 910 3967 bunc
933 3918 1269 3969 innocentem
1290 3919 1380 3970 de-

315 3988 484 4042 fendit
522 3992 869 4060 liberavitque
923 3994 1193 4060 Boethius,
1242 3996 1381 4061 quod

317 4068 514 4118 crimini
527 4068 701 4119 eidem
721 4070 979 4122 vertitur:
1013 4073 1029 4101 ‘
1052 4072 1381 4139 delatorem}

315 4140 503 4209 inquit,
523 4146 541 4175 ⁴
564 4161 631 4195 ne
654 4145 970 4199 documenta
986 4148 1241 4213 deferret,
1272 4151 1382 4217 qui·

319 4216 408 4268 bus
428 4216 684 4272 Senatum
718 4223 1011 4286 majestatis
1055 4240 1198 4278 reum
1237 4226 1378 4278 face·

323 4303 417 4360 ret,
448 4298 729 4364 impedisse
753 4299 1119 4352 criminamur!

1528 2073 1544 2105 ⁸
1575 2069 1657 2121 De
1671 2071 1941 2136 compositis
1947 2073 2081 2134 falso
2102 2070 2522 2136 literis]'1'ertium

1461 2148 1668 2197 Boethii
1690 2149 1887 2200 crimen
1911 2150 1964 2199 in
1980 2151 2080 2200 hoc
2106 2156 2361 2208 versatur,
2384 2148 2522 2213 quod

1458 2222 1666 2274 feratur
1704 2226 2055 2289 composuisse
2092 2227 2293 2290 literas,
2337 2226 2523 2291 quibus

1463 2301 1750 2352 Romanam
1771 2302 2073 2354 libertatem
2095 2309 2359 2368 sperasset
2380 2319 2394 2352 ι
2430 2302 2522 2353 sed

1460 2378 1641 2428 literas
1684 2378 1811 2429 istas
1851 2394 1954 2432 non
1991 2394 2023 2429 a
2055 2378 2297 2443 Boethio,
2332 2377 2422 2428 sed
2457 2378 2525 2428 ab

1461 2456 1575 2520 ejus
1610 2454 1833 2508 inimicis
1869 2457 2094 2525 scriptas
2131 2457 2408 2523 probasset
2442 2457 2525 2510 vel

1460 2533 1575 2599 ipsa
1613 2534 1908 2589 delatorum
1955 2535 2236 2598 confessio,
2280 2536 2323 2586 si
2348 2535 2527 2589 eidem

1462 2610 1572 2661 Boe
1580 2611 1689 2662 thio
1708 2613 1835 2663 data
1846 2611 2033 2663 suisset
2054 2613 2347 2663 delatorum
2365 2613 2524 2664 inter·

1461 2690 1816 2754 rogandorum
1840 2689 2090 2751 facultas.
2170 2748 2175 2755 ‚

1529 2773 1552 2798 ¹¹
1590 2767 1652 2815 C.
1680 2767 1872 2816 Gaesare
1897 2766 2180 2816 Germanici
2182 2766 2323 2831 filio]
2346 2767 2361 2796 ‘
2391 2766 2526 2816 Ger-

1463 2841 1735 2906 manicus,’
1772 2857 1839 2892 cx
1877 2843 2126 2893 Suetonio
2166 2843 2220 2892 in
2267 2842 2526 2906 Caligula,

1461 2921 1478 2948 ⁶
1497 2920 1661 2970 Drusi
1705 2927 1763 2971 et
1810 2921 2022 2972 minoris
2069 2920 2314 2972 Antoniae
2373 2919 2530 2983 filius,

1462 3012 1643 3050 omnes
1689 2998 1924 3063 corporis
1993 2997 2254 3064 animique
2301 2997 2524 3049 virtutes

1462 3074 1664 3138 habuit,
1699 3082 1755 3126 et
1789 3080 2012 3139 quantas
2060 3075 2251 3125 nemini
2286 3074 2526 3139 cuiqnam

1462 3152 1747 3217 contigisse
1773 3152 1904 3203 satis
1935 3157 2160 3202 constat.
2224 3150 2274 3201 A
2307 3149 2526 3203 Tiberio

1463 3234 1653 3293 patruo
1684 3229 1983 3293 adoptatus,
2026 3235 2344 3295 quaesturam
2378 3227 2529 3294 quin·

1461 3307 1687 3373 quennio
1718 3313 1994 3372 antequam
2020 3321 2113 3371 per
2136 3307 2281 3371 leges
2306 3305 2531 3368 liceret,

1462 3388 1519 3433 ct
1546 3387 1663 3447 post
1684 3397 1798 3431 eam
1820 3383 2148 3432 consulatum
2184 3382 2364 3433 statim
2404 3395 2522 3445 ges·

1462 3460 1547 3510 sit.
1613 3458 1818 3510 Habuit
1852 3458 1905 3510 in
1931 3459 2261 3517 matrimonio
2280 3456 2532 3523 Agrippi·

1464 3550 1603 3601 nam,
1619 3551 1686 3586 ex
1704 3551 1805 3602 qua
1821 3550 2006 3586 novem
2018 3535 2210 3586 liberos
2228 3533 2369 3597 tulit,
2387 3533 2527 3585 inter

1463 3629 1592 3680 quos
1616 3612 1719 3664 fuit
1741 3613 1897 3664 Caius
1927 3613 2124 3676 Caesar,
2144 3612 2253 3677 qui,
2275 3610 2399 3677 quia
2418 3624 2527 3659 ma·
2562 3605 2569 3611 “

1461 3691 1723 3757 nipnlario
1747 3691 1929 3741 habitu
1954 3690 2092 3740 inter
2121 3688 2317 3739 milites
2336 3686 2527 3738 educa-

1462 3768 1638 3833 batur,
1660 3767 1917 3832 Caligulae
1937 3780 2126 3816 nomen
2143 3763 2399 3815 castrensi
2412 3763 2527 3814 loco

1463 3844 1661 3897 traxit!
1732 3844 1839 3895 Hic
1863 3850 2041 3896 antem
2076 3841 2211 3893 ‘non
2244 3841 2445 3892 minore
2466 3840 2526 3890 li·

1462 3937 1589 3974 vore
1621 3937 1685 3972 ac
1728 3919 2074 3985 malignitate,
2108 3932 2260 3984 quam
2284 3915 2529 3983 superbia

1463 3998 1772 4063 saevitiaque
1798 4010 1949 4062 paeue
1965 3995 2212 4046 adversus
2226 3992 2400 4044 vomnis
2422 3991 2527 4042 sevi

1459 4073 1692 4125 homines
1726 4077 1996 4138 grassatus
2020 4069 2155 4122 cst2’
2187 4069 2279 4120 sed
2302 4069 2524 4121 eundem

1460 4150 1477 4179 ‘
1500 4150 1839 4201 bacchantem
1880 4155 2040 4214 atque
2074 4153 2399 4212 grassantem
2420 4158 2524 4195 non

1459 4225 1633 4277 defuit
1659 4224 1920 4291 plerisque
1943 4223 2140 4274 animus
2164 4221 2387 4272 adoriri:
2423 4234 2524 4269 una

1460 4318 1584 4357 vero
1601 4304 1867 4369 alteraque
1889 4300 2273 4365 conspiratione
2290 4297 2522 4360 detecta,
2606 4300 2611 4303 ’
