3049 4928
977 442 1493 495 rmnosornun
1542 441 1688 492 mn.
1735 442 1803 489 v.
2356 415 2488 494 393

305 589 516 656 Omne
576 588 751 655 enim
807 589 992 674 quod
1051 588 1504 673 cognoscitur,
1555 608 1688 653 non
1746 584 2110 652 secundum
2162 586 2271 651 sui
2328 587 2488 667 vim,

302 694 417 759 sed
460 692 829 758 secundum
894 692 1438 775 cognoscentium
1488 693 1717 775 potius
1771 689 2349 774 comprehenditur
2387 691 2488 756 fa-

301 792 658 860 cultatem!
756 794 937 858 Nam
1004 799 1081 859 ut
1139 793 1268 858 hoc
1334 794 1522 858 brevi
1595 794 1851 878 liqueat
1919 793 2256 877 exemplo,
2328 812 2487 859 ean·-

299 897 442 962 dem
501 896 806 980 corporis
860 895 1337 961 rotunditatem
1393 897 1581 961 aliter
1619 897 1832 974 visus,
1875 895 2070 961 aliter
2113 902 2338 961 tactus
2375 916 2490 980 ag-

296 999 561 1065 noscit!
664 999 791 1064 Ille
830 999 1091 1064 eminus
1152 1019 1450 1078 manenS,
1494 1006 1708 1066 totum
1770 1001 1969 1066 simul
2030 999 2241 1084 jactis
2282 999 2489 1064 radiis

297 1102 618 1184 intuetur;
719 1102 831 1167 hic
901 1121 1062 1168 vero
1137 1104 1482 1169 cohaerens
1555 1105 1719 1180 orbi,
1793 1109 1996 1187 atque
2066 1102 2489 1186 conjunctuS,

297 1206 470 1271 circa
498 1206 727 1290 ipsum
772 1212 997 1270 motus
1028 1207 1377 1284 ambitum,
1431 1206 1910 1273 rotunditatem
1953 1207 2253 1291 partibus
2305 1225 2488 1271 com-

294 1308 667 1392 prehendit.
753 1309 993 1402 Ipsum
1038 1329 1305 1395 quoque
1348 1310 1689 1375 hominem
1738 1310 1929 1375 aliter
1970 1318 2258 1386 sensuS,'‘
2302 1309 2490 1373 aliter

294 1411 697 1496 imaginatio,
729 1412 927 1478 aliter
953 1414 1153 1492 ratio,
1183 1413 1377 1478 aliter
1413 1413 1848 1496 intelligentia
1873 1419 2234 1478 contuetur.
2324 1412 2489 1476 Sen-

295 1533 407 1579 sus
453 1516 636 1579 enim
679 1514 958 1598 figuram
1002 1516 1074 1580 in
1116 1516 1425 1601 subJecta
1470 1518 1748 1582 materia
1775 1517 2230 1593 constitutam,
2258 1515 2489 1598 imagi-

293 1618 470 1682 natio
490 1624 583 1710 ¹0·
619 1638 779 1683 vero
832 1620 1050 1684 solam
1091 1620 1235 1685 sine
1285 1619 1573 1683 materia
1592 1617 1860 1704 judicat
1896 1618 2191 1702 figuram.
2280 1616 2489 1682 Ratio

290 1737 445 1786 vero
474 1721 655 1786 hanc
684 1739 959 1806 quoque
989 1722 1419 1800 transcendit,
1446 1721 1875 1805 speciemque
1904 1722 2124 1805 ipsam
2169 1739 2322 1803 quae
2351 1719 2488 1784 sin·

290 1821 630 1903 gularibus
673 1822 869 1903 inest,
922 1824 1288 1890 universali
1339 1823 1867 1889 consideratione
1919 1821 2287 1908 perpendit.
2377 1821 2488 1888 In·

291 1924 670 2009 telligentiae
695 1944 853 1992 vero
883 1926 1126 1992 celsior
1158 1927 1391 1993 oculus
1436 1925 1723 1991 existit!
1810 1925 2259 2009 Supergressa
2303 1944 2488 1989 nam-

289 2044 410 2108 que
434 2028 892 2093 universitatis
923 2030 1268 2108 ambitum,
1313 2030 1537 2114 ipsam
1582 2030 1771 2095 illam
1803 2028 2182 2113 simplicem
2207 2026 2488 2093 formam

288 2147 446 2210 pura
473 2132 722 2196 mentis
748 2133 899 2198 acie
928 2139 1297 2199 contuetur.
1387 2133 1468 2198 In
1514 2153 1654 2218 quo
1714 2132 1876 2198 illud
1923 2132 2217 2197 maxime
2263 2132 2487 2196 consi·-

289 2228 645 2298 derandum
688 2241 831 2301 est:
903 2256 1061 2301 nam
1120 2238 1417 2321 superior
1434 2245 1485 2276 ¹¹
1556 2239 1662 2303 vis
1705 2233 2306 2321 comprehendendi
2351 2254 2490 2299 am·

287 2332 599 2415 plectitur
647 2336 1056 2404 inferiorem:
1134 2338 1416 2404 inferior
1470 2354 1634 2406 vero
1693 2339 1778 2404 ad
1837 2339 2251 2423 superiorem
2307 2336 2490 2400 nullo

286 2436 478 2503 modo
530 2441 890 2524 consurgit.
982 2440 1228 2527 Neque
1277 2442 1454 2508 enim
1503 2462 1743 2508 sensus
1797 2441 2058 2526 aliquid
2108 2446 2308 2506 extra
2345 2457 2487 2504 ma·

286 2539 505 2604 teriam
533 2541 741 2621 valet,
770 2543 880 2609 vel
908 2544 1324 2609 universales
1382 2547 1653 2629 species
1695 2544 2093 2628 imaginatio
2124 2547 2487 2620 contuetur,

287 2643 387 2707 vel
411 2644 590 2709 ratio
621 2644 802 2728 capit
831 2644 1208 2730 simplicem
1257 2645 1581 2712 formam:
1650 2646 1770 2711 sed
1818 2641 2264 2727 intelligentia
2291 2640 2488 2725 quasi

287 2745 573 2832 desuper
604 2754 951 2831 spectans,
981 2755 1317 2833 concepta
1343 2748 1581 2828 forma,
1631 2769 1786 2834 quae
1816 2748 2117 2825 subsunt,
2171 2749 2409 2809 cuncta
2434 2748 2488 2782 ¹²

284 2936 311 2970 ι
340 2941 811 3007 Qnoedoenosdtr,
842 2944 1093 2996 unauna
1122 2946 1532 3010 modumoegnili,
1566 2947 1944 2997 seddmodm
1976 2943 2140 3007 potius
2168 2937 2488 3003 cognoscentia

200 3054 203 3055 ν
282 3014 588 3067 matur·
715 3006 733 3040 ⁶
767 3011 949 3073 Corpus
969 3014 1220 3060 rotundum
1242 3013 1345 3061 visu
1367 3013 1554 3072 absens,
1590 3017 1723 3062 tactu
1754 3024 1962 3075 proesens
1980 3009 2262 3059 solummodo
2277 3004 2487 3068 pereipi-

284 3072 374 3121 ἐν.
504 3071 531 3106 ¹¹
568 3073 894 3136 Intelligentia
915 3075 1161 3125 sublimior
1176 3083 1246 3128 εει
1265 3079 1572 3140 cog-exandi
1594 3079 1774 3127 modus.

1200 3204 1571 3225 “qu

286 3276 315 3326 9
350 3280 574 3334 Habeant
603 3283 725 3334 edd.
760 3284 1104 3338 eandem—10
1143 3289 1482 3339 Constitutam.
1516 3288 1811 3349 Imaginatio
1844 3286 1964 3336 edd.
1998 3284 2342 3335 eandem—11
2377 3281 2485 3332 Ms.

286 3343 530 3399 Rittersh.
567 3350 968 3400 Considerandum
1000 3357 1092 3416 est,
1125 3355 1248 3418 quod
1289 3354 1652 3419 superiora—12
1686 3352 1894 3403 Subsunt
1926 3352 2070 3401 etiam
2101 3355 2269 3400 cuncta
2294 3348 2484 3412 Delph.

1275 3478 1495 3529 No'rAE

285 3569 670 3635 cognoscendae,
701 3585 818 3622 cum
841 3577 1015 3624 tamen
1035 3574 1343 3641 accipienda
1408 3577 1659 3642 ‘subjecta
1682 3591 1731 3626 v.
1756 3591 1805 3642 g.
1829 3574 1896 3626 de
1934 3573 2116 3624 eodem
2150 3586 2367 3636 corpore
2401 3586 2483 3621 ro-

280 3643 350 3694 sit
387 3646 672 3697 secundum
712 3654 952 3700 naturam
990 3654 1180 3702 mentis
1219 3668 1342 3718 cog·
1422 3654 1606 3714 tundo,
1622 3650 1885 3703 differant.
1951 3651 2207 3700 Nimirum
2230 3663 2371 3697 mens
2389 3647 2484 3696 hu-

287 3723 538 3771 noscentis
557 3739 573 3772 z
626 3724 764 3774 sicut
796 3725 1130 3793 Philosophia
1152 3729 1344 3794 probat
1421 3745 1591 3794 mana,
1611 3744 1727 3796 quae
1747 3744 1851 3779 non
1873 3728 1972 3778 nisi
1995 3728 2061 3777 ab
2080 3726 2193 3783 ,alio
2216 3722 2484 3775 informari

287 3798 503 3860 primum
557 3800 791 3865 pluribus
836 3806 1110 3871 exemplis,
1151 3805 1341 3858 deinde
1420 3812 1619 3871 potest,
1650 3804 1848 3855 duobus
1887 3802 2173 3867 generatim
2207 3799 2374 3851 modis
2408 3799 2485 3848 in-

288 3875 503 3928 ratione.
1422 3883 1647 3934 formata
1685 3884 1965 3944 cognoscit,
2001 3880 2240 3929 nimirum
2276 3893 2307 3927 a
2342 3878 2482 3940 Deo,
2554 3917 2560 3928 .

348 3954 552 4004 ‘Aliter
585 3970 760 4023 sens-us,
799 3959 904 4023 ξω]
953 3960 1188 4011 Primum
1228 3960 1339 4026 qui·
1420 3960 1570 4024 cnjus
1585 3959 1697 4024 ipsa
1716 3963 1799 4007 est
1814 3946 2090 4017 effectum
2123 3958 2485 4017 etacorpore,

289 4026 400 4078 dem
416 4033 655 4096 exempla
679 4034 778 4085 ista
800 4041 920 4086 sunt
943 4051 1120 4086 sensus
1139 4036 1338 4101 specia-
1421 4036 1570 4100 cujus
1608 4033 1790 4084 eadem
1833 4039 1917 4083 est
1956 4031 2139 4083 forma.
2203 4031 2357 4079 Mens
2388 4029 2483 4078 hu-

289 4104 397 4175 iim‚
414 4120 589 4158 sensus
606 4112 908 4178 generatim,
923 4113 1243 4177 imaginatio,
1261 4128 1341 4162 ra·
1420 4128 1573 4164 mana
1594 4128 1626 4162 a
1646 4113 1764 4162 Deo
1793 4108 2075 4161 informata
2113 4122 2291 4158 rursus
2312 4104 2479 4170 dupli·

292 4181 381 4246 tio,
417 4191 473 4235 et
505 4185 878 4252 intelligentia3
912 4205 1028 4256 quae
1061 4191 1136 4240 ita
1162 4189 1341 4254 ,accipi
1419 4188 1550 4240 citer
1582 4188 1777 4238 dicitur
1810 4199 2142 4250 cognoscere,
2165 4196 2351 4246 nempe
2375 4180 2479 4243 pri-

292 4257 482 4312 debent
503 4277 566 4313 ex
591 4274 740 4329 parte
773 4266 932 4331 ipsius
967 4268 1342 4332 cognoscentis,
1419 4280 1522 4329 ma,
1542 4272 1597 4316 et
1618 4264 1921 4316 continuata
1958 4259 2277 4313 attentione:
2313 4257 2480 4321 prima

294 4338 352 4386 ut
388 4341 614 4404 quamvis
655 4342 760 4393 sint
800 4342 867 4394 de
909 4341 1088 4394 eadem
1120 4342 1341 4394 materia
1416 4342 1640 4394 attentio
1664 4345 1882 4393 vocatur
1901 4339 1917 4368 ‘
1938 4329 2328 4400 intelligentia?
2357 4346 2479 4384 con·
