3049 4928
995 458 1515 513 virtuosorum
1564 466 1708 521 ma.
1758 471 1825 519 v.
2380 464 2509 532 387

657 599 794 664 Sed
825 620 941 666 cur
971 607 1158 671 tanto
1193 609 1428 692 flagrat
1455 612 1711 679 amore¹

661 701 826 767 Veri
857 709 1072 773 tectas
1102 714 1387 795 reperire
1415 722 1611 782 notas
1633 720 1663 780 ’.Ρ

658 805 881 873 Scitne
910 812 1089 893 quod
1122 817 1383 899 appetit
1415 821 1624 886 anxia
1650 828 1904 890 nosse?

661 906 795 972 Sed
828 912 988 995 quid
1017 920 1176 979 nota
1201 919 1504 985 rescirem
1547 921 1854 992 laborati
1881 937 1931 977 ¹⁷

657 1008 746 1073 Et
777 1013 837 1075 si
865 1017 1154 1095 nescit‚¹⁸
1175 1027 1202 1055 ¹¹
1245 1021 1408 1103 quid
1445 1042 1628 1090 caeca
1657 1029 1875 1110 petit?

654 1111 829 1192 Quis
857 1118 1034 1184 enim
1063 1122 1425 1207 quicquam
1454 1129 1717 1195 nescius
1744 1138 1937 1216 optet
1958 1138 1988 1200 'l

2422 1041 2508 1107 15

313 1335 464 1408 etium·
477 1346 636 1409 rte-nus·
659 1347 815 1383 rerum
826 1334 1162 1394 familiarium.
1233 1341 1393 1397 Quare
1423 1359 1533 1393 uero
1565 1346 1725 1395 eudem
1747 1362 1876 1397 mens
1895 1350 2171 1400 accenditur
2190 1357 2323 1402 tanto
2346 1356 2501 1404 studio

312 1399 574 1446 muentendt
593 1412 734 1459 sagma
767 1402 944 1475 occulta
978 1404 1195 1468 veritatis
1208 1402 1234 1456 2
1264 1410 1559 1468 cognoscitne
1592 1412 1715 1460 illud
1755 1415 1875 1475 quod
1900 1415 2087 1465 solicita
2120 1418 2354 1467 desiderat
2387 1435 2497 1480 cog·-

311 1458 527 1535 noscere?
557 1476 652 1538 non
664 1479 697 1539 t.
721 1480 827 1526 qaas
857 1467 983 1515 enim
1019 1470 1198 1518 nititur
1232 1485 1504 1532 cognoscere
1536 1489 1591 1523 ea
1624 1491 1729 1538 τινα»
1752 1477 1861 1537 jum
1881 1480 1975 1528 sibi
1995 1485 2105 1530 nota
2124 1480 2275 1533 sunt?
2342 1483 2439 1532 Sed
2459 1485 2503 1536 si

313 1532 517 1590 agnorant,
539 1529 656 1590 qma
676 1543 849 1590 ignara
877 1532 1050 1593 (μιαν-ὓ
1064 1532 1089 1584 2
1120 1549 1230 1584 nam
1266 1538 1370 1599 quis
1403 1539 1639 1589 desiderat
1670 1541 1740 1606 id,
1771 1542 1902 1603 cuius
1935 1544 2136 1607 ignarus
2156 1545 2267 1599 est?
2297 1537 2505 1611 nmquis

1227 1679 1522 1700 OO‘NO‘OOO
1529 1682 1585 1702 00

311 1776 411 1840 quis
428 1784 540 1828 nota
560 1780 684 1857 scire
701 1780 911 1833 loborat.-
980 1800 1096 1835 uam
1118 1787 1396 1838 lectionem
1422 1791 1709 1853 amplector
1729 1792 1932 1857 lubens,
1963 1795 2121 1858 idque
2152 1795 2412 1859 duplicem
2435 1798 2502 1847 ob

310 1844 548 1894 causam?
582 1845 754 1896 Sztzm.
778 1847 899 1899 Vid.
979 1855 1052 1901 ot.
1070 1852 1328 1904 Van—18
1351 1853 1423 1905 At
1439 1856 1483 1905 si
1501 1858 1651 1906 nescit
1666 1858 1821 1924 Vulg.
1854 1860 2053 1912 Thuan.
2076 1861 2366 1911 secundusz
2399 1862 2502 1912 Aut

1295 2002 1512 2053 NOTAE

304 2109 437 2161 sunt,
453 2102 749 2161 invenimus
769 2122 885 2159 cum
904 2108 1113 2173 labore;
1135 2126 1251 2176 quae
1273 2127 1361 2163 au·
1445 2116 1556 2167 dite
1580 2118 1782 2171 muros.⁹
1847 2121 1920 2171 Et
1942 2122 2219 2187 saepissime
2240 2122 2379 2187 apud
2404 2124 2500 2173 Ca-

307 2183 407 2228 tem
423 2180 473 2229 in
496 2181 646 2231 coelis
685 2191 823 2249 sunt,
844 2185 956 2248 quis
987 2186 1361 2252 investigabit?
1443 2196 1647 2262 tullum,
1683 2205 1740 2249 et
1778 2198 2110 2250 Martialem:
2167 2200 2286 2250 hinc
2330 2208 2505 2251 autem

308 2253 439 2305 Ecce
477 2258 825 2324 quaestionem
863 2261 1090 2321 Boethii,
1127 2281 1280 2330 quam
1304 2274 1364 2318 ut
1443 2269 1640 2323 factum
1676 2281 1822 2340 puto,
1844 2281 1903 2324 ut
1938 2283 2142 2326 veteres
2173 2275 2345 2340 poetae.
2385 2275 2504 2325 dili-

307 2336 485 2399 solvat,
501 2338 691 2387 statuit
728 2339 950 2404 primum
984 2349 1209 2393 mentem
1244 2360 1362 2396 nos·
1444 2348 1649 2411 gentius
1673 2351 1954 2402 vitaverint
1980 2366 2288 2402 concursum
2312 2353 2505 2403 vocalis

308 2417 435 2462 tram
470 2429 574 2464 non
604 2416 778 2466 omnia
812 2418 983 2480 scire3
1017 2418 1205 2471 deiude
1239 2436 1359 2473 ean·
1443 2426 1570 2476 alias
1593 2427 1781 2492 brevis,
1798 2435 1854 2478 et
1876 2429 2100 2493 plurium
2113 2429 2359 2494 ejusmodi
2381 2443 2506 2480 con·

307 2487 421 2540 dem
441 2505 543 2542 non
563 2493 734 2542 omnia
769 2494 929 2543 etiam
968 2495 1193 2561 nescire,
1211 2505 1274 2548 ut
1293 2513 1360 2549 ex
1439 2507 1748 2570 sonantium,
1782 2508 2014 2572 quamvis
2049 2509 2131 2558 hae
2170 2523 2349 2558 omnes
2385 2522 2509 2558 con·

307 2569 437 2618 notis
458 2577 698 2620 transeat
719 2572 786 2622 ad
810 2573 1004 2636 ignota.

364 2643 493 2697 ¹Sed
524 2662 612 2699 cur
646 2653 779 2698 tanto
801 2649 995 2714 flagrat
1042 2666 1217 2715 umore,
1250 2653 1359 2718 ξω]

301 2733 362 2772 11.
396 2723 651 2774 Boethius
690 2726 898 2789 probat,
935 2734 1162 2778 mentem
1184 2729 1358 2780 huma·

303 2812 414 2850 nam
429 2816 533 2852 uon
551 2803 724 2854 omnia
745 2805 913 2854 scire:
948 2806 1067 2870 quia
1087 2820 1203 2856 cum
1225 2808 1357 2858 desi-

302 2876 493 2929 derium
511 2895 619 2931 non
642 2883 714 2930 alt
740 2882 839 2930 nisi
857 2882 971 2946 ejus
993 2883 1130 2948 quod
1147 2899 1250 2934 non
1269 2884 1356 2935 ha-

301 2951 469 3019 betur,
487 2957 532 3006 si
553 2970 701 3007 meus
722 2957 946 3007 humana
964 2958 1117 3009 anxia
1139 2967 1358 3025 appetat

298 3032 487 3097 aliquid
505 3049 679 3099 nosse,
702 3043 847 3085 certe
862 3049 1004 3086 mens
1018 3038 1238 3089 humana
1253 3055 1358 3091 non

296 3105 455 3161 habet
475 3111 635 3176 illius,
658 3114 797 3177 quod
836 3128 988 3164 nosse
1024 3117 1248 3182 appetit,
1267 3133 1358 3170 ne-

300 3183 488 3236 tionem
509 3205 522 3237 :
582 3188 816 3254 adeoque
858 3190 985 3240 illud
1031 3198 1173 3242 certe
1211 3209 1357 3246 mens

297 3257 516 3314 humana
537 3280 644 3315 non
666 3266 786 3316 scit.
854 3266 1015 3332 Atqui
1038 3270 1359 3334 experientia

299 3337 502 3407 probat,
547 3347 777 3390 mentem
828 3341 1101 3393 humanam
1152 3348 1355 3398 anxiam

297 3422 546 3477 appetere
592 3418 608 3446 ‘
634 3418 743 3466 veri
786 3423 958 3469 tectas
996 3422 1227 3485 reperire
1267 3440 1358 3475 no·

300 3496 378 3542 tas
399 3498 430 3542 :’
459 3493 554 3545 has
576 3496 736 3559 igitur
754 3503 904 3547 notas
926 3499 1113 3551 nescit.

359 3577 393 3604 ¹¹¹
413 3572 543 3624 Nota
567 3575 741 3624 rescire
763 3574 930 3640 [scire]
954 3576 1239 3628 observari
1264 3594 1356 3643 po·

297 3651 403 3698 test
420 3653 682 3715 quantitas
703 3652 853 3716 hujus
872 3654 1037 3716 vocis,
1056 3655 1072 3683 ‘
1094 3657 1249 3719 nota,'
1270 3673 1355 3707 cu-

293 3725 376 3789 jus
398 3729 583 3779 ultima
605 3731 823 3794 syllaba,
851 3731 1042 3796 alioqui
1061 3731 1251 3796 brevis,
1272 3734 1356 3785 hic

297 3801 449 3869 longa
469 3814 569 3871 est,
590 3814 650 3857 ut
670 3808 831 3868 aiunt,
845 3808 1121 3872 positione,
1142 3817 1356 3876 propter

298 3877 559 3943 duplicem
598 3883 804 3934 literam
840 3894 1203 3936 consonantem
1241 3902 1354 3952 quae

299 3956 558 4020 sequitur:
595 3960 826 4024 quamvis
849 3953 983 4010 enim
1000 3967 1221 4028 utraque
1243 3962 1355 4014 haec

298 4027 448 4081 litera
476 4048 757 4084 consonans
800 4037 866 4088 ab
902 4037 1244 4089 antecedente
1266 4054 1356 4089 vo-

301 4107 398 4156 cali
430 4109 657 4161 dictione
691 4119 982 4177 separetur,
1019 4129 1122 4163 non
1161 4115 1356 4167 desinit

300 4185 472 4234 tamen
511 4188 725 4237 eandem
769 4190 1002 4238 vocalem
1050 4192 1357 4255 producere,

303 4260 360 4303 ut
379 4260 515 4322 apud
536 4263 720 4328 virgil.
745 4264 860 4314 AEn.
883 4279 962 4314 lx.
984 4281 1058 4316 vs.
1074 4272 1156 4319 3⁷.
1176 4269 1193 4297 ‘
1214 4266 1356 4317 tela!

300 4329 320 4361 ‘
344 4331 496 4388 Ferte
516 4338 610 4391 citi
643 4339 855 4408 ferrum,
885 4343 1008 4394 date
1047 4345 1170 4407 tela,
1207 4359 1350 4395 scan-

1439 2586 1684 2630 sonantes
1707 2582 1759 2630 in
1782 2582 2013 2632 dictione
2049 2590 2300 2647 sequente
2324 2597 2503 2633 occur-

1439 2661 1591 2705 rant:
1640 2657 1932 2721 praesertim
1967 2658 2011 2707 si
2050 2658 2320 2723 utriusque
2352 2658 2501 2721 hujus

1439 2735 1608 2786 literae
1631 2751 1785 2786 sonus
1806 2737 2054 2787 distincte
2076 2736 2398 2801 percipiatur
2414 2752 2503 2787 au·-

1439 2810 1600 2876 ribuS,
1619 2816 1831 2878 quat-hm
1853 2812 2103 2876 ,iudicium
2134 2819 2215 2862 est
2245 2813 2502 2877 superbis·

1438 2889 1656 2938 simum:
1706 2900 1767 2939 ut
1798 2888 1967 2938 omnia
2008 2889 2288 2954 stringunt,
2332 2889 2503 2940 omnia

1438 2972 1713 3029 spernunt,
1730 2966 1900 3016 omnia
1915 2965 2172 3028 scribunt,
2192 2970 2293 3017 &c-

1502 3049 1528 3076 ¹¹
1551 3044 1621 3092 Et
1656 3044 1701 3092 si
1736 3043 1908 3106 nescit,
1950 3043 2060 3108 εἷα]
2125 3058 2211 3093 111.
2249 3043 2500 3093 Boethius

1438 3119 1648 3185 probat,
1665 3126 1893 3170 mentem
1910 3122 2186 3171 humanam
2203 3135 2306 3171 non
2329 3122 2500 3172 omnia

1436 3198 1637 3247 nescire
1655 3214 1669 3247 ε
1701 3197 1822 3262 quia
1837 3204 2184 3261 praeterquam
2201 3196 2336 3260 quod
2355 3210 2500 3247 mens

1436 3273 1657 3323 humana
1671 3279 1820 3338 optat
1835 3287 1989 3323 nosse
2005 3273 2298 3336 veritatem,
2315 3279 2374 3321 ut
2387 3271 2499 3336 jam

1437 3347 1630 3399 dictum
1653 3355 1755 3411 est,
1772 3363 1922 3399 nemo
1944 3364 2069 3398 vero
2087 3354 2239 3413 optat
2256 3348 2462 3399 nescius
2484 3366 2501 3411 ς

1438 3425 1454 3453 ‘
1478 3427 1643 3489 ignoti
1687 3426 1829 3475 nulla
1864 3425 2054 3489 cupido
2070 3425 2103 3488 ς’
2155 3432 2350 3489 praeter
2386 3425 2502 3489 hoc,

1435 3503 1604 3568 inquit
1663 3501 1936 3565 Boethius,
1998 3501 2220 3565 primum
2288 3499 2498 3566 quidem

1435 3581 1452 3607 ‘
1474 3594 1629 3630 nemo
1657 3580 1800 3629 valet
1823 3579 2024 3629 nescita
2047 3578 2191 3643 sequi
2206 3577 2239 3638 ς’
2284 3591 2400 3627 cum
2422 3578 2499 3625 in-

1437 3655 1649 3721 quisitio
1672 3656 1780 3717 illa,
1804 3661 1992 3719 utpote
2011 3656 2179 3720 prima
2199 3653 2387 3704 mentis
2410 3668 2498 3704 co·

1436 3733 1640 3796 gitatio,
1659 3732 1892 3798 quaedam
1915 3730 1984 3780 sit
2005 3731 2237 3795 cognitio
2249 3730 2358 3780 sive
2382 3744 2500 3794 per·

1433 3809 1629 3872 ceptio.
1674 3807 1878 3858 Deinde
1902 3807 2132 3871 quamvis
2152 3807 2360 3870 ignarus
2384 3820 2502 3870 pos·

1435 3892 1518 3935 set
1539 3885 1819 3949 inquirere,
1851 3885 1934 3934 hic
1976 3891 2148 3933 tamen
2188 3898 2291 3932 non
2316 3888 2497 3947 posset

1431 3960 1671 4010 invenire
1693 3976 1706 4009 ε
1786 3975 1887 4024 quo
1950 3961 2105 4009 modo
2169 3959 2186 3987 ‘
2209 3959 2442 4009 inveniat
2458 3957 2497 4007 2’

1434 4035 1851 4102 quandoquidem
1872 4051 1977 4085 non
2000 4035 2261 4085 invenitur
2281 4035 2382 4083 nisi
2406 4048 2496 4082 no.-

1434 4115 1578 4164 tione
1599 4130 1613 4163 t
1664 4120 1724 4163 ut
1747 4120 1921 4163 autem
1944 4115 2090 4162 color
2115 4127 2279 4175 caeco,
2313 4110 2389 4160 sic
2413 4125 2496 4160 res

1432 4192 1640 4240 omnino
1662 4192 1841 4255 ignota
1880 4190 2042 4239 menti
2077 4190 2269 4252 ignarae
2300 4186 2495 4236 nullam

1433 4269 1583 4318 dabit
1618 4268 1697 4317 sui
1720 4268 2001 4316 notionem.
2067 4267 2344 4315 Postremo
2363 4263 2495 4313 licet

1433 4344 1644 4410 ignarus
1666 4351 1844 4410 posset
1884 4342 2113 4406 ignotum
2144 4347 2200 4390 et
2230 4338 2493 4403 inquirere
