3049 4928
526 382 822 434 noss‘rml
877 386 974 436 ΒΕ
1023 386 1331 455 βΟΝΒΟΙ...
1378 386 1824 438 PHILOSOPH.
1873 377 2016 438 mn.
2065 389 2174 439 111.

281 533 421 586 vam:
453 526 627 590 Egone
660 527 893 593 equestri
924 533 980 578 et
1015 529 1321 592 provinciali·

281 601 387 651 loco
407 609 564 665 ortus,
586 604 887 668 proceribus
908 604 1137 656 civitatis
1160 620 1332 655 annu-x

281 678 466 727 meror?
530 679 674 730 Inter
712 680 910 730 nobiles
946 691 1001 730 et
1042 682 1195 745 longa
1235 681 1320 731 de·

2322 373 2457 443 493

1392 530 1583 594 guntin.
1629 529 1763 581 libro
1808 541 1930 582 xlx.
1970 499 2088 583 vDe.
2125 534 2281 585 civit.
2328 515 2455 600 Dei,

1392 607 1569 671 capite
1587 612 1639 657 5.
1662 608 1812 658 Idem.

1458 685 1644 734 Mirm.
1680 691 1729 736 ⁵.
1765 686 1832 734 Ει
1869 685 2048 735 meiat
2069 687 2253 737 'ultima
2285 687 2456 753 Unde]

282 766 395 802 cora
433 754 784 819 praeferentes,
834 757 1037 807 novitas
1072 771 1183 807 mea
1215 759 1322 809 eni·
1390 761 1577 812 Senec.
1623 761 1769 811 Med.
1812 776 1887 811 vs.
1930 766 2046 813 ³59.
2112 753 2449 829 ‘Tiphysque

282 829 406 878 tuit?
427 830 511 880 ubi
534 837 616 881 est
632 834 828 883 animus
850 834 942 884 ille
960 834 1176 884 modicis
1189 850 1319 896 -con-

283 910 472 959 tentus?
534 912 685 960 Tales
706 910 885 962 hortos
903 911 1132 976 instruit,
1149 920 1207 962 et
1228 928 1322 978 per

280 982 381 1041 haec
398 985 681 1037 suburbana
699 987 914 1051 incedit,
934 995 989 1039 et
1003 992 1161 1039 tentis
1174 1005 1321 1053 agro-

282 1075 384 1129 rum
405 1065 602 1128 spatiis,
634 1073 740 1116 tam
773 1066 877 1116 lato
900 1065 1098 1117 foenore
1131 1068 1322 1118 exube-

280 1140 389 1188 rat?
439 1156 536 1191 una
589 1140 827 1193 defensio
880 1144 1130 1207 occurrit,
1181 1144 1321 1208 quod

281 1218 562 1267 muneribus
581 1220 683 1270 tuis
708 1220 872 1269 obniti
895 1235 995 1270 uon
1013 1221 1187 1271 debui.
1219 1221 1322 1271 Sed

280 1295 488 1358 uterque
512 1310 799 1345 mensuram
823 1297 1167 1364 implevimus,
1187 1304 1243 1347 et
1267 1304 1323 1347 tu

281 1377 513 1432 quantum
562 1372 819 1436 Princeps
876 1374 1103 1423 tribuere
1158 1374 1324 1425 amico

280 1454 462 1509 posset,
500 1454 554 1497 et
607 1463 705 1511 ego
755 1459 1000 1516 quantum
1056 1451 1249 1501 amicus
1294 1466 1324 1500 a

279 1521 511 1587 Principe
536 1527 799 1591 accipere.
867 1527 1058 1577 Cetera
1080 1527 1324 1577 invidiam

281 1608 491 1661 augent:
518 1618 635 1667 quae
661 1604 889 1667 quidem,
917 1610 976 1656 ut
998 1606 1169 1655 omnia
1192 1620 1327 1655 mor-

215 1730 222 1742 ·
282 1678 412 1740 talia,
434 1678 564 1728 infra
583 1687 723 1729 tuam
741 1671 1328 1746 magnitudinem‘jacet,

281 1753 363 1803 sed
396 1755 515 1805 mihi
544 1756 823 1806 incumbit:
862 1758 981 1806 mihi
1020 1759 1327 1808 subvenien-

281 1827 392 1879 dum
436 1840 531 1882 est.
602 1834 721 1885 Quo
759 1834 911 1882 modo
945 1834 998 1882 in
1033 1835 1213 1883 militia
1234 1842 1329 1886 aut

281 1906 353 1954 via
374 1907 534 1958 fessus
562 1908 924 1959 adminiculum
943 1925 1160 1973 orarem,
1182 1913 1255 1962 ita
1276 1913 1326 1962 in

278 1984 367 2035 hoc
389 1986 576 2037 itinere
601 1990 744 2050 vitae,
781 2004 960 2051 seneX,
985 1997 1038 2039 et
1061 1991 1328 2041 levissimis

279 2075 471 2127 quoque
492 2064 630 2115 euris
663 2065 846 2129 impar,
880 2080 996 2115 cum
1030 2081 1156 2131 opes
1188 2082 1329 2116 meas

277 2140 406 2189 ultra
443 2143 707 2191 sustinere
750 2156 851 2191 non
886 2157 1111 2206 possum,
1153 2149 1330 2208 proesl-

277 2215 409 2266 dium
444 2225 586 2282 peto.
650 2218 792 2270 ane
826 2234 914 2269 eas
955 2235 1048 2283 per
1087 2235 1327 2283 procura-

279 2298 409 2342 tores
434 2300 546 2344 tuos
572 2294 940 2352 administrari,
973 2295 1027 2345 in
1060 2302 1199 2346 tuam
1223 2296 1332 2350 for-⁷

278 2374 442 2421 tunam
482 2374 669 2438 recipi.
737 2373 851 2424 Nec
892 2389 974 2424 me
1015 2376 1066 2424 in
1111 2391 1331 2440 pauper·

280 2452 430 2498 tatem
473 2450 593 2514 ipse
648 2450 940 2514 detrudam,
984 2451 1077 2503 sed
1126 2453 1332 2503 traditis

278 2541 484 2591 quorum
538 2529 750 2594 fulgore
807 2532 1144 2595 perstringor,
1194 2533 1332 2596 quod

278 2608 518 2670 temporis
538 2609 808 2657 hortorum
832 2616 921 2657 aut
946 2609 1175 2658 villarum
1194 2623 1332 2657 curoe

277 2684 557 2744 seponitur,
585 2683 636 2732 in
661 2685 883 2733 animum
905 2684 1173 2735 revocabo.
1237 2684 1332 2733 Su-

280 2767 449 2817 perest
494 2759 594 2810 tibi
638 2759 810 2816 robur,
844 2766 900 2815 et
931 2767 1013 2810 tot
1047 2775 1139 2824 per
1171 2774 1332 2810 annos

275 2833 448 2882 nixum
493 2835 693 2897 fastigii
750 2836 1013 2899 regimen:
1065 2851 1333 2899 possumus

278 2911 503 2960 seniores
562 2910 715 2959 amici
770 2912 944 2975 quiete
990 2911 1333 2975 respondere:

277 2984 370 3035 boc
392 3001 604 3052 quoque
646 2987 696 3035 in
734 2992 871 3036 tuam
912 2988 1127 3050 gloriam
1161 2989 1335 3050 cedet,

275 3075 360 3109 eos
382 3063 448 3110 ad
472 3077 674 3111 summa
696 3063 916 3126 vexisse,
948 3063 1035 3128 qui
1059 3071 1113 3113 et
1135 3065 1337 3114 modica

279 3137 608 3190 tolerarent!
643 3140 870 3188 Bernart.

362 3217 516 3272 Quem
554 3215 777 3276 felicitas
824 3215 1028 3265 anticum
1065 3217 1209 3278 fecit,
1263 3219 1336 3267 in-

271 3289 548 3349 fortunium
569 3291 732 3363 saciet
762 3291 1030 3355 inimicum]
1087 3293 1173 3342 De
1208 3294 1337 3342 Ver-

279 3370 471 3418 tumnis
518 3369 637 3419 istis
692 3369 780 3434 qui
821 3370 1081 3420 amicitias
1112 3371 1337 3423 utilitate

279 3444 524 3508 probant,
560 3460 727 3510 neque
760 3447 1023 3511 indignum
1059 3453 1249 3511 putant
1281 3461 1338 3497 se

278 3518 394 3570 fieri
437 3521 656 3571 comites
706 3524 897 3572 stantis
930 3523 982 3572 in
1021 3522 1149 3572 orbe
1189 3525 1343 3588 Deae,

277 3605 499 3647 venuste
526 3599 741 3649 Petron.
764 3599 992 3649 arbiter:
1024 3602 1040 3629 ‘
1062 3600 1194 3649 Cum
1216 3602 1340 3649 For-

282 3681 409 3725 tuna
442 3681 625 3726 manet
662 3677 861 3726 vultum
899 3678 1117 3726 servatis
1153 3677 1335 3728 amici:

279 3753 411 3804 Cum
428 3754 629 3805 cecidit
665 3756 806 3819 turpi
837 3756 1038 3806 vertitis
1068 3771 1158 3806 ora
1179 3755 1344 3819 fuga!

282 3827 403 3878 Huc
438 3829 602 3879 etiam
638 3830 838 3880 faciunt
869 3833 959 3881 illa
997 3832 1158 3882 Ovio.
1184 3846 1248 3883 11.
1274 3832 1341 3882 de

279 3903 477 3967 Ponto,
517 3907 664 3970 Eleg.
702 3921 793 3958 ιιι.
859 3910 875 3938 ‘
900 3910 1151 3972 Diligitur
1194 3924 1343 3959 nemo

279 3983 381 4032 nisi
419 3983 505 4033 cui
539 3982 749 4034 fortuna
781 3985 1008 4035 secunda
1043 3992 1160 4035 est:
1210 3986 1343 4037 Quae

281 4059 435 4110 simul
458 4058 707 4126 intonuit,
740 4061 975 4126 proxima
1012 4076 1230 4126 quaeque
1263 4059 1343 4110 fir-

280 4136 411 4200 gat.'
446 4135 619 4185 Silva.

1395 851 1555 887 novos
1577 837 1813 900 Detegat
1849 838 2024 898 orbes,
2064 853 2160 890 nec
2198 840 2267 889 sit
2301 842 2469 898 terris„

1394 915 1595 964 Ultima
1651 914 1855 964 Thule.’
1943 915 2148 965 Solinus
2204 915 2458 981 Polyhist.

1396 1005 1512 1053 cap.
1558 995 1641 1041 25.
1707 994 1722 1019 ‘
1748 991 1932 1041 Multae
1986 998 2044 1042 et
2098 992 2214 1042 aliae
2259 994 2458 1043 circum

1395 1066 1718 1116 Britanniam
1751 1067 1954 1128 insulae,
1989 1082 2019 1117 e
2064 1069 2251 1133 quibus
2289 1070 2459 1119 Thule

1397 1143 1599 1206 ultima,
1622 1144 1674 1192 in
1689 1159 1792 1208 qua
1813 1144 1996 1193 aestivo
2017 1145 2242 1194 solstitio
2256 1146 2374 1195 Sole
2392 1146 2460 1196 de

1399 1220 1589 1271 Cancri
1656 1221 1826 1269 sidere
1869 1217 2101 1271 faciente
2163 1223 2462 1287 transitum,

1398 1311 1673 1361 noxpaene
1695 1296 1872 1347 nulla.'
1915 1299 2076 1346 Totus
2101 1311 2226 1347 vero
2244 1298 2333 1347 ille
2351 1313 2462 1348 ver-

1398 1386 1482 1421 sus
1505 1372 1804 1437 desumptus
1821 1388 1887 1422 ex
1919 1372 2010 1421 illo
2030 1372 2179 1437 Virg.
2201 1386 2236 1422 ι.
2263 1373 2462 1437 Georg.

1397 1450 1413 1477 ‘
1437 1447 1518 1499 Ac
1538 1454 1627 1499 tua
1648 1456 1834 1499 nautae
1859 1449 1909 1499 N
1915 1450 2088 1499 nmina
2108 1451 2218 1500 sola
2239 1460 2452 1514 canant,

1399 1524 1496 1574 tibi
1521 1525 1714 1575 serviat
1737 1526 1916 1575 ultima
1937 1525 2140 1577 Thule.’
2174 1527 2327 1577 Idem.

1464 1601 1691 1651 Potentia
1707 1617 1797 1650 non
1813 1601 1910 1664 est]
1933 1601 2051 1652 Huc
2073 1603 2339 1665 pertinent
2361 1618 2450 1653 ve-

1401 1690 1458 1725 re
1482 1691 1637 1726 aurea
1660 1676 1908 1727 Isocratis
1929 1678 2087 1728 verba
2122 1680 2175 1727 in
2200 1680 2348 1729 Orat.
2387 1680 2458 1730 ad

1402 1752 1671 1814 Nicoclem
1691 1770 1705 1802 ε
1729 1751 1895 1816 Ἄρχε,
1911 1755 2112 1803 σεαυτοῦ
2131 1752 2278 1815 μηδὲν
2296 1752 2462 1819 ἧττον,

1399 1828 1431 1887 ἢ
1453 1826 1534 1878 καὶ
1553 1831 1647 1878 τῶν
1673 1828 1851 1878 ἄλλων·
1885 1830 1962 1879 καὶ
1982 1831 2124 1880 τοῦτο
2139 1830 2260 1893 ἡγοῦ
2280 1835 2466 1888 βασιλι-Ι

1401 1905 1629 1969 κώτατον,
1654 1906 1735 1956 ἐὰν
1753 1909 1951 1971 μηδεμιᾷ
1972 1905 2194 1973 δουλεύῃς
2228 1910 2323 1957 τῶν
2357 1906 2473 1970 ἡδο·-

1402 1987 1509 2047 νῶν,
1543 1984 1673 2034 ἀλλὰ
1694 1986 1869 2051 κρατῇς
1888 1989 1984 2035 τῶν
2020 1986 2261 2048 ἐπιθυμιῶν
2280 1988 2467 2048 μᾶλλον

1401 2060 1433 2121 ἦ
1452 2065 1550 2111 τῶν
1568 2064 1792 2112 πολιτῶν.
1835 2063 1988 2114 Idem.

1469 2140 1659 2191 PnosA
1679 2146 1728 2190 6.
1765 2141 1880 2190 Nou
1914 2142 2096 2203 injuria
2120 2142 2354 2204 Tragicus
2386 2156 2468 2190 ex·

1406 2217 1606 2268 clamat.-
1627 2216 1698 2267 ’Ὦ
1729 2216 1856 2280 δόξα,
1895 2216 2023 2282 δόξα,
2052 2217 2252 2283 μυρίοισι
2273 2216 2331 2276 δὴ
2351 2222 2464 2282 βρο-

1404 2296 1504 2343 τῶν
1546 2292 1695 2343 Οὐδὲν
1724 2297 1904 2356 γεγῶσι
1930 2293 2094 2351 βίοτον
2131 2297 2357 2357 &etwas
2387 2294 2469 2356 μέ-

1405 2371 1523 2434 γαν]
1559 2372 1773 2421 Scilicet
1805 2371 2080 2435 Tragicum
2118 2371 2277 2433 illum,
2316 2373 2470 2435 quem

1408 2448 1494 2500 hic
1523 2449 1703 2499 laudat
1743 2448 2000 2499 Boethius
2037 2454 2236 2511 noster,
2264 2446 2471 2512 Euripi·

1409 2527 1528 2575 dem
1552 2540 1700 2577 essex
1737 2527 1887 2589 cujus
1923 2532 2047 2575 sunt
2080 2525 2170 2574 isti
2207 2538 2383 2573 versus
2411 2524 2468 2572 in

1409 2600 1806 2651 Andromacha:
1866 2617 1930 2650 ex
1978 2615 2080 2666 qua
2124 2600 2302 2650 fabula
2351 2615 2466 2664 pre-

1412 2681 1539 2731 tium
1584 2695 1757 2742 operae
1791 2686 1873 2729 est
1908 2678 2064 2728 etiam
2090 2677 2358 2742 sequentia
2379 2676 2471 2725 ad-

1409 2757 1656 2820 scribere,
1689 2771 1803 2805 cum
1845 2756 2004 2805 totius
2038 2754 2140 2803 loci
2176 2753 2362 2803 Latina
2397 2754 2474 2801 in·

1413 2833 1791 2895 terpretatione
1831 2831 2047 2894 Georgii
2085 2829 2335 2879 Ratalleri
2373 2829 2477 2881 JC.

1412 2909 1652 2974 praesidis
1699 2909 1895 2959 clariss.
1961 2907 2167 2957 Εὔκλεια
2207 2907 2246 2956 δ’
2285 2904 2354 2957 οἷς
2388 2905 2477 2967 μὲν

1414 2985 1513 3037 ἔστ’
1533 2985 1750 3046 ἀληθείας
1791 2985 1901 3047 ὕπο,
1935 2983 2260 3047 emmanita-
2292 2982 2403 3034 τοὺς
2434 2985 2474 3032 δ’

1415 3062 1504 3112 ὑπὸ
1518 3066 1714 3126 ψευδῶν,
1733 3061 1861 3125 ἔχειν
1876 3063 1975 3111 Οὔκ
1991 3061 2184 3124 ἀξιώσω,
2198 3059 2328 3119 πλὴν
2346 3057 2476 3124 τύχῃ

1412 3142 1598 3204 φρονεῖν
1613 3141 1754 3189 δοκεῖ.
1778 3141 1794 3168 ‘
1814 3138 2028 3202 Opinio,
2043 3153 2074 3187 o
2093 3138 2299 3201 opinio;
2323 3150 2478 3200 quam

1412 3219 1578 3267 multa
1602 3225 1660 3267 tu
1690 3217 1842 3267 Milia
1880 3217 2142 3265 hominum
2165 3215 2328 3272 nihili,
2353 3214 2480 3264 loci-

1413 3309 1515 3360 que
1543 3294 1751 3356 nullius,
1786 3291 1948 3342 Inflas
1983 3298 2222 3341 tumente
2258 3290 2475 3354 spiritu!

1415 3370 1515 3420 Sed
1538 3369 1774 3434 gloriam,
1793 3370 1922 3420 Quae
1941 3367 2086 3418 fonte
2100 3382 2226 3417 vero
2242 3366 2475 3432 profluit,

1414 3444 1676 3511 egregiam
1722 3452 1887 3508 puto:
1925 3445 2058 3497 Quae
2096 3443 2228 3494 falsa
2266 3443 2470 3508 origine

1415 3525 1667 3588 nascitur,
1724 3523 1879 3574 flocci
1924 3523 2144 3573 aestimo.
2231 3525 2477 3574 Fortuna

1416 3602 1555 3650 enirn
1569 3609 1845 3665 acceptum
1861 3601 1958 3650 hoc
1980 3598 2182 3650 referre
2201 3597 2484 3650 convenit.'

1417 3675 1591 3725 Alium
1615 3676 1851 3741 ejusdem
1875 3676 2146 3740 Euripidis
2170 3676 2342 3725 locum
2366 3675 2478 3724 lau-

1417 3751 1509 3801 dat
1530 3752 1861 3817 Philosophia
1881 3753 2171 3803 Boethiana
2192 3750 2332 3801 infra
2345 3750 2478 3799 Pro-

1418 3842 1476 3878 sa
1508 3842 1610 3879 vu.
1645 3831 1794 3879 Idem.

1488 3907 1622 3959 Unde
1652 3922 1746 3955 non
1775 3906 1958 3967 injuria
1983 3902 2215 3967 hagion
2245 3905 2483 3953 exclamat

1418 3980 1456 4031 ὦ
1475 3980 1603 4044 δόξα,
1623 3980 1751 4042 δόξα,
1781 3982 1979 4045 μυρίοισι
2016 3981 2072 4038 δὴ
2107 3981 2310 4044 βροτῶν,
2351 3977 2485 4029 οὐδὲν

1416 4061 1616 4120 maim,
1645 4057 1811 4115 βίοτον
1837 4060 2060 4119 ὥγκωσαε
2086 4055 2253 4120 μέγαν]
2293 4056 2358 4105 Id
2381 4062 2481 4117 est,

1419 4135 1477 4184 ‘o
1502 4135 1683 4198 gloria,
1706 4135 1886 4198 gloria,
1921 4134 2098 4184 decies
2137 4134 2278 4183 mille
2319 4132 2481 4182 homi·

343 4215 472 4269 Quoe
517 4214 664 4274 pestis
703 4214 938 4278 efficacior
977 4215 1041 4263 ad
1073 4214 1349 4278 nocendam,
1420 4212 1533 4274 bus,
1578 4225 1695 4268 cum
1736 4210 1864 4260 nihil
1905 4211 2030 4271 sint,
2066 4210 2288 4263 animum
2330 4207 2483 4258 tumi-

281 4289 700 4353 quamfamiliaris
719 4288 962 4353 iuimicus]
994 4290 1131 4341 Vide
1153 4291 1217 4340 B.
1241 4289 1348 4340 Au·

1421 4286 1778 4340 dumreddis.’
1797 4288 2031 4340 Bernart.
