3049 4928
1231 434 1539 486 Bon'rnu
1589 434 1635 482 D
1648 433 1687 482 Β
1734 430 2042 482 coNsoh.

878 586 979 652 Ut
1006 605 1161 670 quae
1192 578 1775 666 carptimsingula
1804 573 2185 655 constent,¹⁶

882 688 1136 753 Eadem
1167 685 1380 750 nolint
1407 684 1609 747 mista
1631 680 1851 766 jugari
1875 681 1905 743 'l
2690 673 2730 737 5

877 789 992 854 An
1019 786 1245 854 nulla¹
1289 792 1395 853 est
1425 784 1765 849 discordia
1796 782 2004 861 veriS,

885 893 1295 976 Semperque
1326 888 1459 953 sibi
1490 891 1674 951 certa
1704 885 2093 950 cohaerent'l

881 993 1014 1057 Sed
1045 1011 1257 1071 menS,
1288 990 1493 1056 caecis
1529 988 1767 1054 obruta
1794 981 2159 1063 membris}

886 1095 1151 1179 Nequit
1181 1092 1496 1179 oppressi
1523 1091 1800 1155 luminis
1829 1091 1980 1173 igne

884 1197 1130 1262 Rerum
1159 1202 1387 1262 tenues
1416 1212 1699 1260 noscere
1730 1210 1966 1256 nexus·

2663 1182 2740 1248 10

538 1397 749 1450 pugnam
787 1381 914 1431 inter
943 1382 1062 1431 duas
1092 1380 1211 1430 istas
1252 1394 1328 1429 res
1358 1392 1509 1439 veras,
1540 1375 1753 1426 divinum
1784 1375 1961 1424 scilicet
1996 1368 2370 1430 Providentiam,
2402 1372 2450 1417 et
2484 1366 2747 1416 libertatem

544 1451 810 1506 humanam,
829 1451 884 1495 ut
902 1461 1006 1495 cum
1031 1459 1317 1507 unaquoeque
1336 1457 1542 1492 seorsum
1569 1440 1812 1501 subsistat,
1833 1438 1984 1488 dmbae
2007 1440 2270 1500 repugnent
2292 1434 2546 1483 consistere
2569 1427 2742 1507 simpl?

547 1516 722 1563 Nonne
750 1516 822 1561 est
841 1511 997 1574 aliqud
1015 1510 1248 1559 discordia
1276 1509 1402 1558 inter
1423 1522 1478 1557 ea
1510 1520 1614 1569 quoe
1647 1520 1759 1553 vera
1777 1507 1907 1564 sunt,
1946 1516 2182 1564 semperne
2203 1500 2304 1548 haec
2324 1503 2457 1547 certa
2474 1500 2748 1545 conveniunt

543 1580 668 1628 inter
688 1594 737 1627 se
750 1574 775 1626 2
843 1578 935 1624 Est
954 1576 1205 1633 discordia,
1224 1589 1311 1623 nec
1330 1585 1512 1635 semper
1533 1571 1632 1619 hoec
1648 1569 1892 1618 convenire
1914 1568 2138 1616 videntur
2156 1565 2306 1613 menti
2326 1564 2562 1622 humane,
2585 1560 2750 1637 quippe

546 1658 650 1707 qua·
670 1656 889 1706 oppressa
903 1653 1092 1703 corpore
1112 1644 1315 1690 coecante
1344 1651 1434 1686 non
1452 1639 1609 1699 potest
1631 1635 1874 1697 splendore
1891 1632 2085 1698 luminis
2102 1630 2248 1694 sopiti
2264 1628 2508 1693 percipere
2539 1638 2756 1674 minimos

1473 1764 1533 1783 ‘O
1540 1760 1835 1786 “temo“

616 1858 680 1904 16
717 1854 946 1903 Constant
967 1850 1164 1916 Delph.
1190 1849 1493 1899 flach—17
1528 1849 1543 1877 ‘
1562 1848 1692 1898 Mss.
1724 1853 1780 1897 et
1815 1841 2163 1895 ed.Norimb.
2201 1833 2635 1906 [Delph.Hack.]
2666 1832 2761 1885 Sed

1534 1979 1586 2029 N
1592 1977 1760 2029 oTAE

518 2149 523 2154 .
618 2086 734 2137 ¹An
756 2085 907 2149 nulla]
961 2085 1125 2139 Quasi
1162 2085 1178 2114 ‘
1206 2100 1271 2135 an
1307 2100 1411 2134 non
1450 2084 1556 2134 ulla
1574 2082 1612 2133 ?'

559 2162 719 2213 ‘An'
754 2164 892 2212 enim
915 2162 1136 2227 quaestio
1174 2169 1274 2225 est,
1300 2176 1402 2226 qua
1432 2161 1507 2210 ita
1540 2162 1615 2210 in-

556 2246 875 2301 terrogatur,
905 2244 966 2287 ut
1000 2245 1170 2288 tamen
1192 2238 1520 2299 interrogans
1545 2237 1617 2286 vi-

559 2318 744 2368 deatur
767 2319 1032 2382 postulare
1048 2317 1102 2366 id
1126 2318 1221 2367 sibi
1240 2315 1460 2368 concedi
1480 2315 1616 2381 quod

559 2395 764 2460 qnaerit.
826 2396 911 2445 Sic
927 2396 1239 2445 Terentius:
1276 2401 1292 2424 ‘
1312 2409 1375 2444 an
1402 2409 1506 2443 non
1521 2393 1620 2443 hoc

558 2473 663 2522 dixi
683 2486 793 2522 esse
810 2471 1038 2522 futurum
1056 2472 1088 2521 ?’
1109 2472 1274 2534 n'ai·je
1290 2487 1380 2535 pas
1405 2471 1508 2520 bien
1529 2472 1622 2531 dit,

558 2564 647 2612 que
668 2551 763 2598 cela
781 2545 1068 2598 arriveroit?
1112 2549 1194 2598 Sic
1218 2562 1344 2612 ergo
1368 2546 1621 2598 Boethius

562 2626 671 2675 ait:
726 2625 969 2674 ‘nullane
1014 2625 1171 2674 etiam
1206 2625 1346 2674 inter
1381 2640 1464 2685 ea,
1507 2640 1623 2688 quae

559 2716 686 2751 vera
728 2709 865 2765 sunt,
900 2701 1129 2752 occurrit
1168 2701 1460 2751 discordia?
1501 2716 1625 2750 num

560 2791 768 2841 semper
789 2793 913 2828 vera
947 2778 1120 2828 omnia
1150 2778 1225 2829 ita
1262 2779 1399 2828 inter
1422 2793 1479 2828 se
1502 2792 1625 2827 con·

561 2854 798 2917 veniunt,
822 2861 883 2904 ut
900 2861 1142 2904 neutrum
1167 2869 1283 2904 cum
1306 2855 1473 2905 altero
1496 2868 1625 2917 pug-

562 2930 692 2980 net?
725 2945 826 2979 non
849 2938 1013 2992 certe,
1047 2945 1150 2980 non
1174 2944 1379 2994 semper
1401 2931 1479 2979 ita
1503 2944 1625 2979 con·

563 3006 824 3056 veniunt?
870 3007 1009 3071 quod
1033 3007 1297 3070 eleganter
1318 3005 1628 3069 exprimitur

563 3083 661 3132 bac
680 3084 935 3147 particula
947 3082 1181 3147 proxime
1191 3080 1445 3146 sequenti,
1461 3082 1477 3108 ‘
1489 3079 1627 3129 Sed.’

566 3160 822 3209 Nimirum
845 3161 887 3209 si
912 3159 1123 3210 insitum
1154 3159 1318 3209 menti
1338 3164 1526 3207 nostrae
1550 3157 1627 3205 lu-

565 3249 686 3284 men
730 3243 867 3294 esset
905 3236 1182 3299 infinitum,
1234 3251 1350 3302 quae
1396 3248 1625 3286 seorsum

566 3311 729 3359 menti
766 3318 978 3372 nostrae,
1019 3318 1204 3376 utpote
1249 3312 1389 3362 clare
1425 3318 1481 3362 et
1521 3311 1625 3361 dis-

567 3387 734 3436 tincte
763 3387 988 3451 cognita,
1013 3390 1132 3438 sunt
1167 3404 1312 3450 vera,
1332 3389 1446 3437 haec
1467 3388 1627 3438 etiam

567 3462 888 3525 conjunctIm
926 3464 1097 3514 eidem
1134 3467 1294 3514 menti
1330 3465 1631 3515 viderentur

567 3552 693 3586 vera
711 3553 726 3587 z
761 3538 1175 3603 quandoquidem
1188 3538 1437 3588 infinitam
1459 3539 1629 3589 lucem

567 3613 696 3662 nihil
720 3613 883 3664 latetz
920 3613 995 3662 sic
1018 3614 1134 3663 Deo
1154 3629 1270 3677 qnae
1289 3628 1516 3663 seorsum
1543 3629 1627 3664 ve-

568 3703 631 3737 ra
653 3695 791 3751 sunt,
812 3688 970 3739 etiam
992 3689 1309 3753 conjunctim
1342 3697 1462 3739 sunt
1485 3705 1627 3741 vera.

567 3768 763 3816 Verum
789 3767 924 3831 quod
946 3767 1083 3816 idem
1117 3766 1302 3818 mentis
1322 3774 1515 3818 nostrae
1552 3769 1630 3818 ln-

569 3858 690 3894 men
708 3845 831 3908 suis,
851 3849 907 3894 et
925 3843 1130 3909 quidem
1155 3843 1490 3906 brevissimis,
1507 3859 1629 3895 con-

569 3921 800 3970 tineatur
820 3920 1073 3984 terminiS,
1094 3919 1289 3971 idcirco
1303 3920 1416 3971 fieri
1436 3927 1632 3986 potest,

569 4003 631 4047 ut
653 4011 768 4061 quae
794 4012 825 4046 a
849 4004 1026 4047 nostra
1057 4004 1231 4047 mente
1262 4000 1401 4048 clare
1435 4005 1489 4048 et
1527 3999 1629 4048 dis-

571 4073 740 4123 tincte
810 4081 1212 4137 cognoscuntur,
1268 4075 1498 4139 adeoque
1552 4075 1631 4124 illi

571 4156 692 4200 sunt
745 4164 869 4200 vera
910 4165 1158 4214 seorsum,
1191 4153 1306 4201 haec
1346 4151 1409 4200 ab
1447 4151 1628 4200 eadem

572 4233 745 4277 mente
787 4227 1109 4292 ignorentur,
1142 4228 1388 4292 adeoque.
1412 4226 1489 4275 illi
1524 4240 1629 4276 non

574 4303 680 4354 sint
711 4319 830 4356 vera
863 4305 1210 4371 conjunctim:
1264 4317 1430 4369 neque
1454 4309 1628 4352 tamen

1695 2082 1856 2132 ullum
1879 2094 1947 2129 ex
1981 2077 2059 2127 bis
2099 2090 2216 2141 quae
2255 2073 2397 2124 clare
2433 2075 2492 2121 et
2515 2066 2765 2118 distincte

1698 2163 2097 2222 cognoscuntur,
2139 2156 2424 2216 propterea
2467 2142 2766 2207 negandum

1699 2242 1800 2286 est:
1839 2249 1955 2284 nam
1976 2245 2078 2281 non
2097 2233 2218 2279 sunt
2235 2221 2475 2289 neganda
2492 2220 2768 2285 perspicua

1700 2328 1767 2363 ex
1789 2327 1869 2374 eo,
1892 2308 2030 2375 quod
2068 2306 2287 2357 obscura
2326 2300 2495 2351 animo
2528 2310 2768 2361 compre·

1699 2390 1856 2440 bendi
1899 2390 2179 2451 nequeant.
2244 2380 2300 2429 S.
2344 2378 2478 2439 Aug.
2519 2376 2558 2424 l.
2597 2386 2663 2422 11.
2706 2371 2770 2421 de

1702 2466 1840 2516 dono
1864 2477 2072 2529 persev.
2110 2475 2157 2509 c.
2176 2460 2260 2506 14.
2325 2455 2341 2481 ⁸
2364 2447 2632 2515 Numquid
2642 2446 2675 2511 ,⁹
2694 2448 2769 2496 in·

1703 2542 1835 2606 quit,
1854 2542 1870 2571 ‘
1894 2539 2016 2590 ideo
2039 2533 2335 2601 negandum
2353 2536 2434 2580 est
2456 2527 2596 2593 quod
2619 2526 2773 2590 aperi

1704 2625 1815 2668 tum
1839 2623 1940 2680 est,
1979 2616 2100 2681 quia
2137 2606 2509 2675 comprehendi
2542 2617 2648 2654 non
2680 2617 2769 2679 po-

1708 2701 1833 2758 test,
1874 2693 2009 2758 quod
2036 2691 2295 2742 occultum
2318 2685 2434 2735 est?
2483 2678 2771 2746 Numquid,

1705 2770 1935 2834 inquam,
1978 2773 2259 2832 propterea
2313 2757 2511 2811 dicturi
2576 2769 2771 2818 sumus,

1708 2845 1845 2911 quod
1889 2847 1967 2895 ita
1998 2857 2116 2894 esse
2151 2838 2513 2906 perspicimuS,
2553 2847 2663 2884 non
2699 2831 2770 2882 its

1708 2935 1842 2983 esse,
1866 2921 2104 2987 qnoniam
2129 2931 2222 2968 cur
2244 2917 2322 2966 ita
2351 2913 2420 2963 sit
2454 2925 2558 2960 non
2591 2923 2773 2974 possu-

1703 3015 1818 3049 mus
1840 2995 2115 3048 invenire!

1768 3073 1794 3111 Β
1808 3075 1907 3124 Sed
1920 3088 2068 3136 mens,
2078 3070 2216 3121 coecis
2229 3068 2395 3118 obruta
2408 3063 2652 3126 membris,
2668 3061 2772 3127 ξω]

1706 3151 2070 3214 Praeterquam
2093 3145 2228 3211 quod
2254 3157 2397 3193 mens
2430 3149 2613 3191 nostra
2629 3138 2776 3188 finita

1707 3232 1806 3288 est,
1839 3226 1939 3289 hoc
1976 3223 2187 3273 insitum
2227 3219 2390 3269 menti
2426 3218 2669 3267 hnmanae
2700 3216 2774 3264 lu·

1706 3317 1824 3351 men
1844 3315 2084 3365 corpore,
2112 3311 2228 3346 cum
2251 3310 2354 3360 quo
2387 3308 2537 3344 mens
2555 3293 2775 3343 humma

1712 3378 2067 3444 conjungitur,
2090 3375 2168 3424 ita
2188 3372 2521 3432 obscuratur,
2531 3368 2698 3432 juxta
2716 3367 2773 3417 il·

1710 3455 1797 3504 lud
1840 3453 1973 3504 sacri
2022 3455 2200 3501 textus
2250 3447 2517 3497 oraculum
2559 3445 2690 3508 Sap.
2728 3447 2774 3493 9.

1711 3537 1727 3560 ‘
1751 3545 1963 3595 corpus,
1993 3527 2130 3594 quod
2176 3523 2550 3587 corrumpitur,
2599 3526 2792 3585 agga-⁶

1709 3616 1802 3659 vat
1840 3607 2080 3669 animam,
2121 3610 2177 3654 et
2219 3610 2429 3654 terrena
2466 3596 2776 3649 inhabitatio

1710 3684 1957 3749 deprimit
1986 3696 2192 3733 sensnm
2223 3679 2387 3730 multa
2417 3673 2776 3741 cogitantem,’

1711 3767 1770 3811 ut
1790 3760 1972 3810 eadem
1996 3772 2140 3808 mens
2158 3771 2256 3807 non
2275 3754 2438 3819 possit
2458 3752 2545 3803 vel
2561 3752 2579 3781 ‘
2596 3758 2773 3802 tenues

1710 3852 1880 3888 rerum
1913 3833 2115 3898 nexu8,’
2136 3833 2214 3899 (in
2237 3846 2341 3897 quo
2377 3828 2576 3880 veritas
2590 3827 2775 3892 judicii

1713 3913 1971 3980 versatur)
2007 3916 2023 3945 ‘
2046 3927 2260 3964 noscere
2281 3910 2313 3961 ς’
2343 3907 2604 3974 quomodo
2624 3907 2776 3971 igitur

1711 3996 1894 4047 eadem
1925 4007 2068 4043 mens
2100 3989 2343 4040 sublimes
2364 3985 2559 4035 divinae
2594 3983 2773 4033 Provi-

1710 4071 1905 4121 dentiae
1937 4076 1993 4119 et
2036 4064 2296 4116 libertatis
2338 4063 2770 4111 bumanaessnexus

1710 4142 2146 4210 comprehendet?
2169 4142 2184 4169 ‘
2196 4138 2413 4190 difficile
2430 4131 2775 4197 aestimsmns,'

1710 4222 1982 4274 continuat
1995 4219 2211 4283 Sapiens
2229 4215 2487 4281 praedicto
2502 4213 2768 4276 loco,‘quae

1710 4302 1764 4351 in
1804 4308 1948 4351 terra
1981 4303 2119 4364 sunt,
2153 4302 2210 4346 et
2244 4309 2357 4362 quae
2401 4293 2456 4343 in
2493 4296 2766 4358 prospectu
