3049 4928
531 386 663 452 544

532 543 715 609 quoties
733 542 969 608 increpuit
982 540 1178 594 &lion
1192 543 1443 620 Ques]
1461 543 1601 594 Hae

532 621 739 673 facilius
762 621 1025 686 dicuntur,
1059 637 1213 688 quam
1231 608 1398 674 fiunt:
1464 624 1597 676 Quis

532 701 671 750 enim
702 699 836 749 adeo
866 707 1187 763 constans,a
1155 698 1288 750 adeo
1320 698 1595 763 infractus,

531 783 592 828 ut
630 777 880 828 instantia
918 778 1107 828 subeat
1136 777 1428 842 impavidus
1459 777 1599 841 peri-r

531 854 682 905 cula?
722 856 737 883 ‘
754 853 1000 904 Vincitur
1013 855 1246 904 hnmanoe
1262 853 1450 903 mentis
1472 867 1596 903 anc-

529 932 715 981 toritas
757 930 1069 994 praevisione
1111 929 1449 980 discriminis:
1521 930 1595 979 la-

529 1006 700 1058 bascit
748 1005 965 1056 fortium
1015 1006 1356 1069 conscientia,
1390 1004 1596 1071 quoties

529 1080 859 1132 formidanda
880 1083 1046 1133 oculis
1067 1082 1409 1146 ingeruntur,’
1431 1082 1598 1147 iuquit

529 1159 798 1209 Ennodins
831 1160 886 1209 in
915 1159 1243 1225 Panegyrico
1269 1158 1595 1208 Theodorico

529 1238 661 1300 Regi
684 1237 845 1288 dicto.
879 1238 1033 1288 Idem·

597 1314 737 1370 Quod
755 1313 857 1363 sais
875 1313 1058 1363 uiribus
1070 1312 1230 1363 nitens
1240 1327 1334 1362 non
1348 1271 1596 1376 superetur

527 1389 759 1453 edom]
795 1390 950 1441 Silius
973 1390 1189 1440 Italicus
1228 1389 1321 1438 lib.
1347 1403 1405 1438 x.
1440 1390 1594 1440 ’.Νι

528 1482 629 1533 que
672 1469 809 1518 enim
844 1468 1055 1518 virtutis
1093 1481 1318 1516 amorem
1348 1465 1595 1516 Adversa

527 1542 783 1594 exemisse
812 1544 1022 1594 valent!
1055 1545 1204 1596 Idem.

593 1622 923 1672 Emereescere
938 1620 1199 1686 wluptate]
1235 1619 1396 1671 Ovid.
1420 1634 1461 1670 ι.
1503 1622 1592 1670 De

526 1696 722 1761 Ponto,
757 1698 940 1762 Elegia
961 1704 1140 1748 sexta:
1175 1701 1192 1726 ‘
1219 1698 1336 1747 Nec
1359 1696 1516 1760 juvat
1538 1696 1592 1745 in

525 1772 695 1822 lucem
718 1773 878 1823 nimio
899 1788 1226 1824 marcescere
1253 1771 1402 1822 vino!
1438 1772 1592 1821 Idem·

594 1849 675 1898 Ne
694 1863 777 1897 vos
795 1854 882 1899 cut
915 1850 1078 1898 tristis
1109 1850 1364 1913 opprimat,
1391 1853 1477 1897 eut
1495 1848 1592 1909 ja-

524 1926 678 1974 cundu
697 1924 989 1989 compat]
1011 1925 1289 1976 Sententia
1310 1924 1595 1976 Periandri

528 2000 786 2052 Corinthii
818 2003 1045 2054 numeris
1068 2003 1136 2053 ab
1159 2002 1391 2053 Ausonio
1425 2002 1593 2066 expli·

525 2084 680 2130 cata:
713 2080 732 2110 ⁴
756 2078 809 2129 Si
830 2077 1041 2130 fortuna
1059 2081 1240 2144 juvat,
1267 2086 1457 2130 caveto
1481 2078 1594 2129 tolli

522 2151 581 2204 si
600 2152 817 2205 fortuna
839 2163 1006 2218 tonat,
1027 2165 1214 2207 caveto
1235 2157 1435 2222 mergi.’
1482 2157 1593 2210 Ho-

528 2231 693 2282 ratius
712 2231 806 2283 lib.
829 2247 893 2284 11.
940 2234 1230 2287 Carm.0d.
1255 2239 1335 2284 10.
1369 2235 1386 2263 ‘
1412 2234 1593 2284 Rebus

1223 398 1442 450 NOTAE
1490 398 1893 452 vamolwn
1943 402 2023 453 IN

1670 544 1839 610 quiuis
1857 546 2030 597 scelus
2043 546 2191 596 Mars
2208 545 2341 597 vidit
2358 543 2541 598 annis:
2589 541 2729 597 Idem

1671 622 1725 670 iu
1764 621 1948 686 Agam-
1981 629 2137 673 vocat
2162 623 2302 673 istud
2324 623 2522 673 bellum
2555 625 2573 654 ⁴
2597 625 2733 673 Mar·-

1673 705 1781 748 tem
1824 695 2152 760 decennem‚’
2207 714 2287 750 vs.
2330 704 2447 750 921.
2513 700 2638 750 Vid.
2681 709 2741 750 et-

1670 772 1844 824 Plaut.
1866 774 1917 823 in
1943 774 2194 825 Bacchid.
2231 781 2336 825 act.
2358 780 2407 824 ὅ.
2430 789 2578 826 scen.
2603 780 2652 826 8.
2685 775 2736 824 in

1671 865 1749 914 pr.
1772 851 2017 916 aliosque.
2054 851 2202 901 Iden.

1742 929 1884 978 Ultor
1899 928 2143 993 Atreides]
2155 927 2359 978 Statius
2371 927 2464 977 lib.
2481 941 2549 977 11.
2565 926 2740 976 Achil·

1667 1005 1794 1057 leid.
1830 1006 1846 1034 ‘
1864 1006 1923 1056 Si
1936 1005 2148 1055 nomina
2167 1019 2366 1070 quaeras
2385 1004 2512 1054 Huc
2530 1003 2743 1067 perlata
2778 1039 2781 1042 ι

1671 1082 1884 1146 ducum,
1910 1080 2029 1131 fidit
2070 1081 2253 1147 quihus
2288 1082 2425 1131 ultor
2454 1078 2742 1130 Ati-eides!

1736 1233 1982 1297 Amida]
2013 1233 2285 1297 Sosipater
2321 1179 2619 1291 Charisius,
2650 1230 2739 1280 In·

1670 1310 1781 1360 stit.
1829 1310 2122 1361 Grammat.
2158 1309 2252 1359 lib.
2294 1322 2332 1359 1.
2380 1307 2745 1357 ‘Masculina

1668 1384 1826 1437 modo
1864 1385 1919 1435 in
1954 1386 2057 1450 ES,
2089 1386 2247 1435 modo
2280 1384 2331 1435 A
2365 1384 2741 1443 terminantur,

1667 1467 1729 1513 ut
1744 1460 2023 1522 Anchises,
2041 1460 2297 1511 Anchisaz
2320 1460 2742 1525 Chryses,Chry·

1669 1554 1759 1589 sa:
1794 1537 1972 1601 Attes,
2002 1536 2165 1589 Atta:
2200 1537 2469 1600 Atreides,
2495 1536 2740 1587 Atreida.

1668 1621 1729 1665 nt
1751 1614 1999 1678 Propert.
2033 1615 2149 1679 [lib.
2173 1629 2240 1665 11.
2263 1615 2412 1679 Eleg.
2436 1613 2546 1676 14]
2575 1616 2592 1643 ‘
2616 1614 2738 1664 Non

1666 1691 1743 1742 ita
1763 1691 2033 1741 Dardanio
2072 1692 2280 1755 gavisus
2305 1689 2533 1740 Atreida
2557 1689 2739 1740 trium-

1667 1768 1834 1832 pho.'’
1867 1769 2019 1818 Mem.

1732 1844 1972 1909 Phrygia
2011 1844 2189 1907 ruinis]
2243 1843 2616 1895 Andromacha
2673 1843 2737 1893 de

1670 1920 2011 1987 Astyanacte,
2045 1922 2185 1986 apud
2208 1922 2331 1972 Seu.
2353 1922 2407 1971 in
2430 1922 2626 1973 Troad-
2662 1937 2734 1972 vs.

1665 2001 1784 2049 738.
1805 1999 1821 2026 ‘
1838 1995 1924 2047 An
1945 1998 2040 2048 has
2064 1998 2239 2048 ruinas
2263 1997 2405 2047 urbis
2426 1998 2483 2047 in
2507 1998 2736 2047 cinerem

1668 2075 1816 2126 datas
1838 2075 1944 2126 Hic
1966 2074 2280 2126 excitabit?
2329 2076 2490 2126 Silius
2515 2076 2735 2126 Italicus

1666 2151 1760 2203 lib.
1806 2167 1846 2203 1.
1903 2151 1969 2202 de
2019 2154 2203 2203 Murro
2253 2152 2541 2204 Herculem
2591 2152 2735 2201 iuvo-

1669 2239 1853 2284 cante:
1889 2232 1905 2260 ‘
1929 2233 2033 2284 Fer
2054 2248 2245 2284 numen
2267 2234 2492 2283 amicum
2517 2235 2597 2285 Et
2613 2235 2737 2284 Tro-

525 2309 764 2372 angustis
800 2311 1057 2361 animosus
1093 2319 1253 2376 atque
1293 2311 1470 2361 Fortis
1501 2325 1593 2375 ap-
1656 2309 1732 2373 jae
1769 2311 2025 2375 quondam
2062 2312 2242 2377 primis
2269 2321 2557 2363 memorate
2579 2313 2736 2363 ruinis

524 2398 685 2448 pare:
708 2386 975 2450 sapienter
996 2386 1132 2437 idem
1154 2386 1448 2437 Contrahes
1471 2400 1593 2436 ven·

514 2468 583 2511 to
627 2461 842 2513 nimium
895 2464 1124 2514 secundo
1164 2463 1401 2528 angida
1440 2462 1597 2515 vela?

525 2538 687 2602 Apud
710 2541 776 2592 Q.
799 2542 1037 2591 Curtium
1059 2543 1148 2591 lib.
1182 2554 1239 2591 x.
1290 2540 1599 2591 Alexander

524 2615 752 2680 Magnus
796 2619 991 2669 milites
1032 2634 1151 2669 suos
1204 2619 1281 2668 ita
1320 2619 1589 2682 increpat:

523 2694 540 2719 ‘
562 2693 818 2747 secundis
860 2695 1037 2756 rebus,
1070 2711 1185 2760 quae
1222 2693 1591 2745 circumfluunt

523 2783 636 2832 vos,
669 2770 900 2821 insanire
944 2772 1196 2835 capistis,
1230 2771 1380 2822 obliti
1422 2776 1592 2821 status

523 2845 653 2909 ejus,
698 2862 852 2912 quem
898 2847 1155 2898 beneficio
1198 2848 1412 2898 exuistis
1453 2860 1591 2898 meo.

525 2921 705 2987 Digni,
746 2924 943 2987 hercle,
972 2926 1064 2990 qui
1097 2926 1151 2976 in
1190 2925 1374 2977 eodem
1408 2938 1591 2975 conse·

524 3000 781 3050 nescatis:
817 3002 1059 3067 quoniam
1095 3001 1298 3052 facilius
1331 3008 1411 3052 est
1441 3000 1590 3052 vohis

526 3073 816 3139 aduersam,
865 3093 1016 3142 quam
1073 3079 1351 3129 secundam
1409 3093 1592 3143 regere

522 3149 782 3207 fortunam
801 3153 834 3205 ι’
868 3156 1014 3220 cujus
1053 3156 1261 3220 generis
1298 3155 1592 3206 sententias

524 3229 697 3292 plures
715 3245 782 3280 ex
797 3232 1147 3296 Xenophonte
1169 3240 1225 3282 et
1246 3233 1358 3283 aliis
1376 3237 1591 3283 annotat·

524 3305 603 3354 vit
626 3307 862 3357 Muretus
885 3308 938 3358 in
960 3309 1086 3359 Var.
1110 3309 1434 3360 lectionibus.
1484 3311 1590 3359 En-

524 3380 714 3431 nodius
756 3383 812 3438 in
856 3384 1120 3451 Panegyr.
1195 3387 1394 3450 Regem
1439 3400 1592 3436 suum

526 3460 817 3524 tergemino
838 3471 991 3513 ornat
1024 3464 1216 3528 elogio,
1248 3464 1386 3529 quod
1421 3464 1439 3495 ⁴
1460 3478 1591 3513 nun-

527 3550 683 3601 quam
717 3539 874 3590 animi
907 3539 1046 3589 illius
1078 3547 1245 3590 status
1276 3548 1370 3591 aut
1408 3556 1591 3595 secun-

526 3612 709 3665 darum
749 3628 924 3664 rerum
964 3623 1166 3666 tumore
1204 3618 1371 3667 elatus
1406 3614 1590 3681 fuerit,

524 3697 624 3743 aut
640 3690 812 3743 dubiis
836 3693 1194 3759 acquieverit!
1263 3695 1460 3745 Contra
1488 3697 1589 3747 Zo-

525 3769 687 3820 siums
721 3769 818 3822 lib.
847 3784 915 3819 11.
956 3770 1080 3828 hist.
1112 3771 1295 3821 scribit
1336 3771 1402 3821 de
1437 3773 1590 3838 Mag-

526 3846 705 3896 nentio
728 3847 865 3912 quod
889 3847 1156 3897 exstiterit
1187 3849 1205 3878 ‘
1227 3847 1397 3898 audax
1424 3847 1590 3899 fortu-

526 3937 598 3973 na
619 3937 892 3987 prospera,
912 3923 1124 3974 timidus
1148 3925 1402 3977 adversa!
1435 3928 1588 3977 Idem.

593 3999 781 4050 Mun.
805 4004 857 4051 7.
891 4001 1035 4051 Belle
1056 4000 1306 4066 bisquino
1324 4017 1367 4052 o.
1388 4002 1464 4065 α.]
1498 4003 1590 4053 See

424 4091 429 4095 ·
524 4088 643 4127 nec.
677 4075 731 4126 in
753 4072 939 4140 Agam.
975 4093 1049 4129 νε.
1071 4082 1189 4130 624.
1222 4080 1239 4107 ‘
1264 4079 1481 4131 Restitit
1501 4094 1592 4129 an·

527 4154 610 4206 nis
632 4153 795 4217 Troja
818 4154 895 4205 bis
916 4155 1090 4221 quinis
1112 4156 1279 4206 Unius
1299 4157 1479 4207 noctis
1500 4171 1591 4222 pe-

528 4228 695 4281 ritura
732 4228 884 4281 ἰᾶτο]
970 4232 1121 4283 Idem
1166 4232 1226 4282 in
1266 4233 1466 4292 Troad.
1510 4249 1589 4285 νε.

532 4310 679 4360 1056.
710 4307 727 4336 ‘
762 4308 895 4362 'I'am
937 4308 1132 4376 ferum,
1167 4317 1278 4365 tam,
1316 4310 1467 4362 triste
1508 4311 1592 4363 bis

1669 2388 1882 2438 Dexter
1905 2388 2029 2440 ades
2049 2390 2311 2454 *Phrygiae
2328 2389 2532 2439 delenti
2557 2390 2735 2453 stirpis

1665 2463 1936 2515 alumnos.'
1966 2466 2118 2516 Idem-

1740 2542 1915 2593 Ventos
1947 2544 2140 2594 redimit
2172 2543 2360 2607 ernon]
2395 2544 2735 2609 Clytaemnes·

1665 2622 1748 2668 tra
1770 2618 1911 2682 apud
1929 2620 2183 2670 Senecam
2213 2621 2267 2670 in
2306 2619 2494 2683 Agam.
2518 2634 2599 2668 νε.
2625 2623 2733 2668 168.

1666 2696 1682 2724 ‘
1721 2694 1918 2746 cruore
1961 2705 2142 2746 ventos
2177 2698 2412 2759 emimus,
2447 2704 2504 2746 et
2542 2695 2732 2745 bellum

1664 2771 1833 2824 nece.’
1900 2776 1987 2825 De
2009 2774 2301 2839 Iphigeniae
2337 2783 2516 2825 autem
2536 2775 2734 2840 suppli·

1664 2850 1748 2900 cio
1771 2856 1888 2914 post
1911 2851 2214 2915 Euripidem
2252 2851 2372 2901 vide
2403 2853 2624 2902 Lucret.
2645 2851 2733 2901 lib.

1664 2939 1706 2977 ι.
1738 2925 2102 2990 Propert..lib.
2122 2940 2201 2978 ιν.
2233 2929 2380 2991 Eleg.
2395 2933 2443 2979 1.
2475 2929 2664 2978 Senec.
2682 2928 2732 2975 in

1664 3001 1941 3066 Agamem.
1967 3017 2048 3053 vs.
2074 3009 2189 3055 165.
2219 3011 2276 3056 et
2298 3019 2443 3071 seqq.
2477 3006 2635 3054 Idem.

1731 3080 1914 3130 Exuit
1952 3082 2163 3145 patrem]
2211 3083 2410 3133 Contra
2463 3082 2626 3134 Ovid.
2679 3083 2732 3132 in

1664 3156 1842 3221 Epist.
1866 3156 2087 3208 Heroid.
2120 3161 2136 3188 ‘
2160 3159 2347 3210 Induit
2368 3160 2460 3210 illa
2492 3168 2714 3248 patrem5
2717 3159 2732 3182 ’

1666 3233 1918 3284 Nostrum
1954 3242 2126 3284 autem
2166 3236 2408 3287 Boetium
2431 3245 2489 3287 et
2511 3238 2634 3287 hic·
2620 3237 2732 3286 imi-

1660 3316 1836 3359 tatum
1878 3309 2039 3361 fuisse
2084 3313 2336 3363 Senecam
2398 3321 2622 3378 apparet
2666 3330 2731 3365 ex

1661 3390 1757 3441 illo
1775 3390 1962 3442 Troad.
1982 3407 2059 3442 νε.
2085 3396 2203 3442 561.
2224 3392 2312 3441 nbi
2331 3384 2730 3442 Andromacha:

1663 3469 1823 3518 ‘Non
1841 3467 2110 3532 hostibus,’
2132 3469 2319 3534 inquit,
2342 3467 2634 3518 ‘Confossa
2658 3476 2732 3517 te·

1664 3506 1728 3594 lis
1749 3552 1957 3609 pectus,
1975 3551 2067 3594 aut
2088 3544 2272 3594 vinclis
2294 3556 2477 3594 manus
2496 3545 2733 3595 secanti·

1666 3620 2123 3685 lins‘proestricta,
2152 3635 2255 3670 non
2296 3622 2408 3672 acri
2453 3623 2594 3672 latus
2635 3623 2732 3672 Ut-

1664 3711 1869 3762 cunque
1928 3695 2141 3747 flamma
2197 3697 2388 3760 cincta,
2441 3704 2729 3748 maternam

1664 3771 1819 3822 fidem
1847 3773 2084 3837 Unquam
2107 3773 2403 3824 exuissem-⁹
2437 3775 2591 3827 Idm.

1730 3847 1952 3911 Ithacus]
1986 3848 2326 3899 Cassiodorus
2349 3863 2390 3897 ι.
2424 3850 2629 3899 Variar.
2648 3854 2727 3899 39.

1667 3924 1683 3952 ‘
1721 3923 1995 3973 Interdum
2041 3924 2261 3987 expedit
2306 3924 2525 3987 patriam
2570 3925 2729 3990 negli-

1667 4014 1811 4064 gere,
1843 4006 1905 4050 ut
1937 3999 2249 4063 sapientiam
2283 3992 2399 4064 quis
2441 4003 2613 4065 possit
2650 4017 2728 4052 ac-

1665 4077 1890 4141 quirere.
1976 4077 2188 4141 Ulysses
2232 4077 2444 4127 Ithacus
2487 4078 2587 4128 nisi
2631 4079 2728 4128 hoc

1664 4154 1896 4213 fecisset,
1918 4155 1970 4205 in
1993 4155 2190 4205 laribus
2213 4155 2437 4219 propriis
2459 4154 2636 4206 forsan
2656 4157 2727 4204 la·

1667 4234 1873 4285 tuisset.
1926 4232 2086 4296 Cujus
2099 4232 2406 4297 sapientiam
2423 4233 2549 4284 hinc
2570 4234 2727 4283 maxi·
2812 4268 2825 4284 .

1664 4325 1750 4365 me
1774 4310 1992 4362 Homeri
2029 4310 2206 4367 nobile
2241 4323 2452 4361 carmen
2490 4310 2728 4375 asseruit,
