3049 4928
487 415 579 483 42
1135 433 1597 483 'rss‘rmosu
1646 432 2048 483 vAalomJM
2113 502 2114 505 Ἴ

495 574 814 660 complet,
861 580 938 640 ut
981 578 1247 643 musica
1301 578 1563 661 possint
1613 585 1758 642 arte
1811 582 2107 645 cantare.
2198 575 2529 641 Videmus
2572 593 2692 659 per

495 694 647 741 eam
704 676 1125 744 defensiones
1195 680 1342 763 jam
1415 681 1797 745 nutantium
1868 680 2213 757 civitatum
2284 678 2512 744 subito
2572 677 2695 743 tali

492 777 804 844 firmitate
828 799 1243 865 consurgere,
1267 788 1346 846 ut
1365 782 2058 848 machinamentorum
2088 782 2362 847 auxiliis
2385 783 2693 864 superior

493 880 833 960 reddatur,
907 883 1024 967 qui
1098 883 1502 968 desperatus
1556 886 1819 950 viribus
1890 885 2235 951 invenitur.
2328 885 2691 950 Madentes

491 983 771 1050 fabricae
819 986 889 1049 in
935 1006 1119 1070 aqua
1162 989 1424 1053 marina
1468 989 1843 1055 siccantur:
1891 989 2055 1054 dura
2098 1008 2252 1054 cum
2296 987 2547 1053 fuerint
2587 990 2693 1053 in-

494 1087 776 1168 geniosa
807 1088 1259 1173 dispositione
1288 1090 1683 1156 solvuntur:
1728 1091 2002 1157 metalla
2026 1091 2367 1173 mugiunt:
2416 1091 2693 1155 Diome-

495 1187 605 1253 dis
645 1189 717 1255 in
763 1211 896 1257 aere
927 1213 1121 1275 grues
1150 1195 1549 1261 buccinant:
1596 1215 1827 1261 aeneus
1858 1196 2095 1277 anguis
2120 1193 2467 1259 insibilat:
2527 1212 2692 1258 aves

493 1290 803 1359 simulate
837 1294 1243 1379 fritinniunt;
1297 1305 1369 1363 et
1408 1319 1566 1382 quae
1608 1300 1944 1384 propriam
1981 1317 2215 1363 vocem
2250 1297 2578 1373 nesciunt,
2607 1297 2696 1360 ab

495 1412 628 1461 aere
681 1396 1102 1465 dulcedinem
1132 1403 1495 1484 probantur
1543 1402 1844 1466 emittere
1888 1400 2261 1465 cantilenae.
2350 1398 2578 1463 Parva
2608 1397 2695 1463 de

491 1497 615 1563 illa
633 1499 999 1581 referimuS‚
1033 1504 1145 1569 cui
1188 1506 1437 1570 coelum
1479 1505 1732 1570 imitari
1756 1504 1861 1568 fas
1886 1510 2013 1569 est.
2122 1503 2300 1569 Haec
2330 1496 2506 1568 enim
2537 1500 2699 1567 fecit

492 1602 864 1667 secundum
911 1605 1143 1674 Solem
1199 1606 1268 1670 in
1312 1604 1739 1673 Archimedis
1784 1607 2050 1690 sphaera
2109 1606 2490 1671 decurrere:
2545 1604 2693 1669 haec

494 1704 779 1770 alterum
836 1706 1188 1774 zodiacum
1256 1709 1577 1774 circulum
1637 1710 1929 1774 humano
1985 1709 2269 1774 consilio
2321 1709 2697 1775 fabricavit.

498 1805 681 1872 Haec
729 1809 990 1875 Lunam
1043 1810 1310 1876 defectu
1355 1830 1481 1876 suo
1521 1811 1960 1894 reparabilem
2006 1812 2167 1875 artis
2207 1811 2700 1875 illuminatione

493 1914 929 1979 monstravit:
989 1934 1400 1998 parvamque
1427 1913 1831 1991 machinam,
1866 1913 2204 1996 gravidam
2237 1911 2524 1991 Mundo,
2557 1932 2700 1977 coe·

494 2012 638 2076 lum
683 2017 1027 2098 gestabile,
1077 2017 1546 2101 compendium
1587 2036 1829 2094 rerum,
1883 2016 2232 2100 speculum
2276 2022 2560 2093 naturae,
2613 2015 2702 2080 ad

497 2115 789 2195 speciem
868 2117 1135 2183 aetheris
1199 2118 1851 2202 incomprehensibili
1908 2118 2287 2183 mobilitate
2341 2117 2698 2183 volutavit.

497 2215 612 2280 Sic
644 2223 846 2297 astra,
875 2240 1161 2304 quorum
1192 2221 1352 2286 licet
1380 2240 1643 2284 cursum
1678 2221 2000 2298 sciamuS‚
2047 2219 2429 2285 fallentibus
2474 2225 2700 2284 tamen

495 2317 736 2398 oculiS,
758 2323 1024 2405 prodire
1052 2343 1186 2389 non
1213 2341 1582 2389 cernemus.
1672 2323 1872 2387 Stans
1902 2321 2175 2407 quidam
2196 2323 2265 2386 in
2291 2322 2427 2386 illis
2456 2324 2699 2387 transi-

501 2423 612 2486 tus
634 2429 776 2489 est:
822 2431 891 2490 et
912 2447 1064 2511 quae
1084 2427 1404 2493 velociter
1435 2446 1697 2492 currere
1728 2446 1887 2492 vera
1913 2427 2169 2491 ratione
2200 2426 2589 2508 cognosciS,
2621 2445 2699 2491 se

497 2542 770 2590 movere
799 2547 932 2593 non
964 2531 1275 2614 respiciS.
1368 2529 1595 2610 Quale
1644 2535 1769 2607 est,
1796 2531 1923 2595 hoc
1951 2530 2204 2594 homini
2231 2530 2426 2594 etiam
2455 2528 2706 2610 facere,

504 2628 688 2710 quod
711 2631 818 2694 vel
846 2631 1256 2699 intellexisse
1280 2640 1514 2717 potest
1544 2654 1698 2700 esse
1725 2634 2030 2698 mirabile
2056 2635 2085 2698 ‘l
2135 2630 2367 2711 Quare
2390 2651 2542 2695 cum
2573 2650 2701 2696 vos

502 2736 696 2796 ornet
751 2734 984 2799 talium
1037 2755 1254 2801 rerum
1300 2736 1735 2821 praedicanda
1782 2738 2048 2815 notitia,
2079 2736 2431 2819 horologia
2472 2734 2703 2812 nobis,

501 2834 792 2916 publicis
839 2839 1195 2930 expensis,
1234 2841 1381 2905 sine
1431 2845 1655 2905 vestro
1685 2839 2064 2923 dispendio,
2108 2838 2463 2903 destinate.
2552 2835 2705 2901 Pri-

500 2954 685 3000 mum
717 2939 830 3016 sit,
860 2941 980 3005 ubi
1010 2942 1220 3025 stylus
1254 2942 1385 3006 diei
1413 2942 1624 3006 index
1655 2962 1775 3026 per
1812 2943 2113 3007 umbram
2145 2941 2463 3022 exiguam
2492 2939 2699 3004 horas

504 3042 859 3106 consuevit
898 3043 1269 3108 ostendere.
1360 3043 1633 3109 Radius
1662 3045 1894 3128 itaque
1924 3044 2287 3109 immobilis
2330 3050 2401 3107 et
2433 3060 2706 3127 parvus,

512 3160 839 3225 peragens
871 3146 1051 3229 quod
1082 3152 1221 3213 tam
1250 3147 1559 3212 miranda
1606 3148 2004 3227 magnitudo
2048 3146 2233 3211 Solis
2262 3144 2596 3230 discurrit,
2639 3151 2712 3208 et

503 3243 731 3325 fugam
806 3246 990 3312 Solis
1064 3251 1462 3334 aequiparat,
1522 3250 1703 3333 quod
1782 3254 2037 3314 motum
2102 3267 2368 3332 semper
2428 3248 2711 3329 ignorat.

507 3345 896 3415 Inviderent
925 3352 1172 3418 talibus
1225 3354 1284 3418 si
1331 3361 1512 3419 astra
1560 3354 1895 3432 sentirent,
1931 3360 1999 3419 et
2024 3357 2311 3417 meatum
2344 3369 2541 3415 suum
2580 3347 2711 3415 for-

505 3452 687 3513 tasse
732 3451 1179 3534 deflecterent,
1235 3476 1316 3520 ne
1366 3455 1490 3521 tali
1538 3456 1832 3522 ludibrio
1880 3454 2322 3539 subjacerent.
2409 3450 2554 3516 Ubi
2611 3460 2715 3516 est

506 3550 676 3618 illud
724 3553 1044 3622 horarum
1069 3557 1152 3623 de
1177 3559 1243 3624 lu
1253 3561 1426 3624 mine
1455 3557 1884 3637 venientium,
1928 3557 2261 3640 singulare
2288 3555 2713 3632 miraculum,

508 3655 569 3721 si
595 3655 723 3721 has
766 3663 836 3723 et
884 3662 1120 3726 umbra
1147 3651 1644 3729 demonstrati
1683 3662 1825 3727 Ubi
1851 3659 2310 3746 praedicabilis
2359 3657 2707 3724 indefecta

508 3762 782 3840 rotatio,
811 3762 870 3826 si
898 3764 1029 3830 hoc
1058 3773 1129 3830 et
1154 3766 1427 3831 metalla
1464 3771 1813 3849 peragunt,
1841 3784 1994 3848 quae
2025 3763 2161 3828 situ
2192 3766 2528 3845 perpetuo
2552 3779 2712 3825 con-

510 3860 844 3928 tinentur?
936 3865 996 3930 Ο
1039 3869 1202 3932 artis
1232 3867 1727 3933 inaestimabilis
1753 3867 1992 3946 virtus,
2040 3885 2192 3949 quae
2235 3863 2394 3927 dum
2438 3882 2512 3925 se
2552 3862 2717 3927 dicit

498 3962 769 4043 ludere,
815 3974 1075 4035 naturae
1118 3972 1444 4055 praevalet
1502 3977 1760 4037 secreta
1798 3970 2088 4053 vulgare.
2178 3965 2562 4031 Secundum
2601 3967 2712 4044 sit,

509 4064 630 4129 ubi
676 4073 914 4149 praeter
958 4071 1413 4138 Solis·radios
1458 4075 1621 4139 hora
1659 4074 2095 4156 dignoscitur,
2137 4077 2366 4135 noctes
2395 4070 2466 4133 in
2494 4074 2720 4152 partes

512 4164 867 4236 dividens:
916 4175 1098 4257 quod
1135 4184 1212 4241 ut
1245 4178 1413 4243 nihil
1458 4178 1733 4242 deberet
1781 4175 2009 4255 astris,
2040 4175 2371 4240 rationem
2412 4172 2576 4236 coeli
2628 4171 2720 4237 ad

511 4288 836 4355 aquarum
868 4279 1095 4362 potius
1115 4280 1367 4349 fluenta
1390 4280 1756 4354 convertit:
1789 4297 2068 4364 quorum
2089 4276 2389 4342 motibus
2407 4273 2721 4354 ostendit,
