3049 4928
530 446 663 513 406

533 613 706 677 vinae
739 608 980 673 mentis
1009 606 1353 692 proprium
1385 623 1536 672 esse
1563 605 1983 671 manifestum
2010 612 2143 671 est.
2195 604 2441 691 Neque
2475 607 2656 672 Deus
2671 611 2717 647 ¹¹

535 713 828 779 conditis
857 713 1059 777 rebus
1087 711 1422 795 antiquior
1468 710 1681 774 videri
1728 708 1931 773 debet
1974 709 2295 792 temporis
2327 710 2722 792 quantitate,

531 815 652 880 sed
684 814 1017 897 simplicis
1040 814 1269 898 potius
1296 813 1708 897 proprietate
1738 817 2015 875 naturae.
2104 811 2311 876 Hunc
2353 813 2535 875 enim
2562 814 2721 877 vitae

532 918 896 982 immobilis
924 917 1426 1001 praesentarium
1455 919 1701 979 statum
1722 926 1749 951 ⁶
1789 912 2087 977 infinitus
2112 913 2225 976 ille
2253 912 2724 996 temporalium

531 1039 746 1085 rerum
772 1025 993 1084 motus
1022 1020 1355 1085 imitatur:
1382 1036 1666 1100 cumque
1697 1035 1847 1080 eum
1868 1014 2203 1098 effingere,
2231 1023 2437 1100 atque
2458 1034 2756 1099 aequare-

530 1143 664 1188 non
694 1123 936 1206 possit,
983 1140 1071 1185 ex
1098 1119 1563 1186 immobilitate
1591 1117 1821 1182 deficit
1846 1117 2271 1196 immotum,¹²
2317 1126 2389 1183 et
2436 1139 2526 1183 ex
2568 1119 2726 1181 sim-

533 1225 836 1309 plicitate
865 1225 1244 1309 praesentiae
1276 1222 1605 1289 decrescit
1652 1222 1721 1284 in
1753 1219 2083 1285 infinitam
2132 1218 2337 1286 futuri
2365 1240 2447 1285 ac
2478 1227 2727 1303 praete-

530 1327 641 1392 riti
667 1328 1139 1411 quantitatem3
1183 1331 1273 1404 et,
1328 1345 1482 1390 cum
1532 1329 1736 1389 totam
1767 1326 2017 1406 pariter
2064 1324 2223 1388 vitae
2269 1343 2409 1388 suae
2439 1324 2731 1406 plenitu-

532 1427 751 1494 dinem
780 1434 1071 1514 nequeat
1098 1429 1471 1513 possidere,
1517 1427 1644 1492 hoc
1673 1428 1827 1510 ipso
1858 1426 2038 1511 quod
2068 1426 2297 1509 aliquo
2326 1424 2527 1489 modo
2555 1444 2729 1488 nun-

530 1550 733 1614 quam
752 1551 906 1597 esse
925 1531 1192 1611 desinit,
1234 1532 1401 1598 illud
1431 1529 1616 1616 quod
1644 1531 1923 1614 implere
1954 1537 2159 1613 atque
2191 1530 2562 1612 exprimere
2588 1546 2760 1591 non>

528 1640 780 1717 potest,
804 1636 1228 1720 aliquatenus
1255 1634 1520 1699 videtur
1548 1633 1872 1712 aemulari,
1901 1631 2183 1716 alligans
2209 1651 2282 1695 se
2309 1630 2393 1695 ad
2425 1630 2733 1713 qualem-

532 1755 820 1820 cumque
864 1737 1322 1820 praesentiam‘
1356 1736 1556 1820 hujus
1607 1736 1838 1820 exigui
1886 1736 2317 1819 volucrisque
2366 1734 2732 1800 momenti:

532 1856 707 1921 quae,
759 1839 1072 1922 quoniam
1126 1839 1451 1903 manentis
1499 1838 1679 1903 illius
1723 1837 2095 1921 praesentiae
2123 1834 2455 1921 quandam
2510 1842 2735 1918 gestat

527 1939 955 2021 imaginem,¹³
1003 1941 1543 2024 quibuscumque
1585 1939 1957 2024 contigerit,
1999 1940 2070 2004 id
2109 1945 2412 2023 praestat,
2454 1944 2531 2002 ut
2573 1958 2735 2003 esse

527 2041 900 2107 videantur.
1006 2041 1342 2121 Quoniam
1400 2063 1564 2109 vero
1608 2063 1872 2108 manere
1917 2063 2054 2107 non
2106 2043 2343 2127 potuit,
2388 2040 2735 2106 infinitum

528 2144 854 2227 temporis
883 2145 1345 2230 iterarripuit:
1393 2165 1606 2230 eoque
1636 2145 1832 2210 modo
1863 2145 2112 2211 factum
2141 2149 2349 2209 estut
2375 2143 2736 2208 continua-

528 2252 627 2311 ret
655 2247 874 2313 eundo
906 2249 1137 2326 vitam,
1186 2249 1383 2331 cujus
1409 2246 1893 2331 plenitudinem
1933 2246 2299 2330 complecti
2342 2264 2480 2309 non
2507 2245 2736 2310 valuit

530 2351 1011 2432 permanendo.
1103 2351 1345 2435 Itaque
1376 2351 1436 2414 si
1481 2349 1683 2432 digna
1733 2350 1935 2414 rebus
1978 2349 2256 2412 nomina
2288 2347 2576 2413 velimus
2605 2348 2734 2412 im-

529 2457 798 2535 ponere,
829 2452 1182 2520 Platonem
1206 2460 1588 2539 sequentes,
1619 2453 1833 2518 Deum
1864 2449 2134 2536 quidem
2167 2458 2510 2530 aeternum,
2537 2472 2735 2517 muna

1234 459 1537 509 Bon'rml
1589 457 1686 508 DE
1734 455 2042 508 coNsoL.

589 2655 617 2681 ⁸
650 2650 750 2708 Qua·
766 2652 834 2701 sit
852 2656 982 2704 totus
997 2655 1153 2706 abnui.

1723 2766 1813 2786 m

527 2860 752 2912 omnium
776 2869 1010 2915 veterum
1031 2863 1418 2918 codicum.—ll
1455 2870 1625 2933 Neque
1662 2871 1784 2918 enim
1817 2868 1955 2917 Deus
1991 2864 2187 2928 Delph.
2210 2864 2518 2914 Hacine-12
2555 2865 2737 2930 Deficit

525 2926 580 2976 in
601 2933 776 2977 motum
798 2929 917 2979 edd.
940 2930 1282 2982 «πάθω-13
1318 2934 1334 2961 ⁸
1357 2934 1498 2983 Illius
1520 2935 1792 2998 presentie
1813 2934 2045 2996 quandam
2073 2935 2229 2992 gestet
2261 2930 2543 2992 imaginem]
2581 2932 2735 2980 Levi-

527 2992 699 3043 culum
721 2999 822 3057 est,
855 2994 948 3046 sed
970 2996 1125 3061 longe
1146 2997 1329 3047 meiius
1365 2998 1501 3062 quod
1541 2999 1595 3048 in
1632 2997 1895 3049 veteribus
1927 3000 2119 3060 gestat.-
2151 2993 2419 3059 flagitante
2459 2996 2735 3046 sententia

1517 3140 1732 3192 NOTAE

525 3256 672 3311 dunt.
737 3260 951 3313 Dicitur
987 3267 1038 3314 4.
1083 3262 1102 3292 ‘
1136 3262 1529 3314 interminabilis
1550 3263 1583 3313 ι’
1664 3279 1800 3314 sam:
1840 3263 1893 3313 in
1920 3278 2021 3327 quo
2044 3262 2305 3312 aeternitas
2328 3261 2539 3314 differet
2561 3264 2733 3315 adhuc

525 3339 648 3406 quia
682 3342 950 3391 aeternitas
987 3341 1124 3392 illius
1163 3350 1246 3393 est
1281 3345 1427 3408 vitae,
1465 3358 1583 3407 quae
1666 3355 1696 3390 a
1732 3339 1945 3403 mundo,
1968 3340 2011 3389 si
2046 3339 2148 3402 hie,
2181 3346 2238 3388 ut
2272 3340 2555 3390 somniavit
2588 3341 2735 3390 Aris-

524 3430 696 3481 neque
738 3416 994 3481 principio
1024 3433 1196 3483 neque
1228 3417 1331 3468 fine
1365 3419 1585 3469 eircum-
1668 3419 1877 3480 toteles,
1921 3432 1987 3467 ex
2031 3425 2226 3468 aeterno
2270 3418 2556 3469 extitisset.
2646 3421 2734 3470 Ex

523 3492 798 3544 scribitur:
853 3494 905 3544 in
947 3510 1049 3559 quo
1093 3496 1250 3546 etiam
1296 3494 1475 3546 differt
1517 3495 1584 3545 ab
1664 3494 1743 3543 his
1771 3494 2195 3558 porroomnibus,
2218 3493 2478 3559 inquibus
2504 3496 2636 3546 ratio
2662 3512 2734 3546 ae-

521 3564 656 3632 aevo,
698 3569 834 3634 quod
878 3570 1070 3621 dicitur
1122 3571 1434 3621 diuturnitas
1489 3573 1586 3633 rei,
1666 3573 1927 3623 ternitatis
1962 3573 2155 3621 versari
2187 3572 2380 3622 dicitur
2422 3588 2454 3622 a
2493 3575 2735 3626 Philoso-

525 3661 644 3712 quae
677 3647 860 3696 habuit
892 3647 1098 3712 quidem
1135 3648 1465 3711 principium,
1490 3649 1583 3699 sed

523 3737 784 3788 nunquam
806 3723 1050 3772 habitura
1083 3729 1164 3772 est
1191 3722 1380 3785 finem3
1415 3725 1584 3789 cujus-

513 3799 663 3850 modi
701 3807 785 3851 est
822 3814 970 3849 mens
1009 3814 1154 3853 mea:
1191 3815 1357 3849 aevum
1390 3802 1583 3866 quippe

519 3874 649 3926 illud
674 3879 858 3927 saltem
898 3891 1000 3926 uno
1021 3877 1241 3927 termino
1263 3879 1583 3928 circumscri-

519 3951 684 4016 bitur,
703 3952 948 4004 videlicet
979 3953 1257 4018 principio,
1288 3970 1354 4003 ex
1379 3969 1479 4018 quo
1503 3954 1584 4003 in-

522 4029 705 4094 coepit.
770 4029 976 4079 Dicitur
1012 4035 1062 4080 5.
1102 4031 1119 4058 ‘
1142 4029 1382 4096 perfecta
1398 4029 1431 4080 τ’
1464 4032 1584 4095 quia

522 4120 640 4158 eum
661 4108 927 4158 aeternitas
951 4108 1020 4158 sit
1045 4111 1228 4159 mentis
1250 4109 1484 4174 adeoque
1506 4109 1581 4158 vi-

524 4187 593 4232 tae
624 4181 876 4247 perfectae
908 4184 1111 4248 modus,
1132 4185 1241 4235 haec
1274 4185 1427 4233 etiam
1463 4199 1583 4247 per-

522 4255 664 4308 fecta
706 4259 795 4323 sit,
841 4272 1056 4311 necesse
1107 4269 1206 4322 est,
1252 4261 1582 4325 quamobrem

522 4332 633 4385 hare
653 4336 843 4387 nullam
864 4351 1142 4401 agnoscere
1171 4336 1332 4390 debet
1362 4340 1437 4390 sni
1460 4353 1580 4388 cau·

1666 3649 1982 3713 phia,‘unum
2016 3656 2096 3698 est
2118 3647 2256 3714 quod
2284 3648 2467 3699 eadem
2492 3652 2732 3702 Philoso-

1667 3725 1786 3788 phia
1856 3726 2150 3790 pra-sertim
2218 3726 2483 3789 explieat3
2542 3743 2731 3792 nempe

1666 3800 1803 3866 quod
1824 3804 1894 3851 sit
1915 3803 2060 3851 ‘tota
2092 3800 2276 3860 simul,’
2301 3801 2478 3867 aitque
2519 3810 2727 3853 ceteras

1665 3878 2030 3928 diuturnitates
2050 3878 2290 3928 videlicet
2308 3893 2497 3940 arvum,
2519 3870 2573 3930 et
2595 3886 2729 3930 tem-

1663 3968 1781 4019 pus»,
1821 3956 1953 4004 hane
1992 3954 2301 4004 aeternitatis
2332 3956 2728 4021 proprietatem,

1663 4030 1833 4095 quoad
1882 4038 2111 4094 possunt,
2152 4031 2371 4090 imitari3
2414 4038 2493 4093 ut,
2534 4031 2575 4079 si
2615 4047 2725 4082 non

1664 4116 1881 4171 possunt
1923 4106 2132 4168 habere,
2176 4106 2602 4157 saltem‘habere
2647 4109 2725 4157 vi-'

1662 4183 1889 4233 deantur
1930 4190 2223 4233 manentem
2271 4183 2408 4233 illam
2448 4186 2726 4249 praesenti-

1662 4259 1782 4310 am!
