3049 4928
510 390 645 457 542

518 551 880 618 gantomachia
955 551 1116 617 lingit
1188 553 1575 618 emergentibus

518 630 827 694 Gigantibus
863 629 1036 680 sidera
1057 632 1391 695 expalluisse,
1430 632 1579 681 timo-

1211 408 1428 458 No‘rAE
1479 406 1877 461 vammum
1925 408 2006 458 IN

1654 554 1786 606 tinet
1801 554 1840 605 ?’
1874 557 2026 606 Idem.

1715 632 1939 682 Pondere
1984 630 2169 695 sidoni]
2201 631 2387 683 Senec.
2432 632 2485 681 in
2527 631 2703 697 Agam.

517 721 730 771 remque
753 721 815 756 ea
833 706 1253 769 invasisse‚adeo
1270 708 1498 773 quidem,
1518 715 1580 759 ut
1651 723 1731 758 vs.
1764 712 1844 758 86.
1876 708 2086 759 ‘Sidnnt
2106 709 2206 773 ipso
2240 710 2461 759 Pondere
2504 709 2708 773 magna!

517 785 795 835 stationem
831 799 971 835 suam
995 786 1285 851 relinquere
1307 788 1580 837 voluerint.

516 861 697 912 Verba
740 862 853 926 ejus
898 869 1054 912 sunt:
1098 866 1114 892 ‘
1133 862 1400 913 Oceanum
1447 864 1581 928 petit

519 937 732 998 Arctos,
759 938 1121 1003 inocciduique
1148 939 1368 989 Triones
1405 939 1578 990 Occa-

519 1028 630 1063 snm
655 1015 867 1064 voluere
892 1013 1020 1077 pati’
1064 1014 1212 1064 Idem
1237 1017 1393 1067 alibi:
1427 1019 1443 1045 ‘
1461 1017 1582 1067 Cla-

520 1104 682 1215 rl‘aque
717 1102 774 1139 se
809 1090 973 1140 vetito
996 1091 1208 1154 proluat
1239 1092 1379 1143 Ursa
1410 1092 1580 1143 mari.’

488 1197 491 1200 v
550 1168 673 1216 dem.

521 1259 524 1260 ⁷
585 1242 976 1306 Semper-vicibus
999 1244 1223 1309 temporis
1242 1246 1414 1311 equis]
1447 1248 1583 1297 Pru-

520 1318 664 1371 deut.
698 1320 935 1371 Cathem.
961 1322 1170 1386 Hymno
1205 1323 1415 1387 quinto:
1457 1327 1474 1354 ‘
1494 1325 1584 1375 Iu·

521 1403 710 1445 ventor
749 1396 891 1446 rutili
925 1398 1051 1447 Dux
1083 1398 1219 1448 boue
1243 1400 1452 1449 luminis
1477 1400 1584 1454 Qui

519 1471 682 1522 certis
704 1471 904 1522 vicibus
926 1479 1164 1537 tempora
1186 1473 1411 1524 dividis!
1433 1476 1586 1526 Idem.

584 1550 976 1615 AEternosrqficit
996 1550 1185 1615 cursus]
1220 1549 1421 1602 Arnob.
1448 1555 1494 1600 1.
1517 1566 1584 1602 ιι.

520 1626 536 1654 ‘
557 1626 787 1676 Necesse
811 1632 894 1675 est
913 1633 1103 1675 cuncta
1124 1640 1242 1675 suos
1261 1626 1338 1675 ire
1357 1641 1453 1690 per
1470 1642 1589 1677 cur-

480 1710 486 1714 ·
522 1716 629 1763 sus,
652 1716 750 1753 nec
774 1702 838 1752 ab
860 1702 1052 1753 ordinis
1068 1702 1177 1753 nati
1194 1702 1589 1754 continuatione

523 1779 829 1831 discedere?
860 1780 1019 1829 Idem.
1523 1815 1524 1818 ,

520 1877 526 1882 ·
585 1858 855 1921 Astrigeris
875 1858 1041 1908 bellam
1062 1859 1243 1909 discors
1273 1860 1438 1910 exulat
1468 1860 1590 1925 wis]

523 1935 768 1985 Lactant.
793 1934 860 1984 de
880 1933 973 1983 Ira
998 1935 1120 1995 Dei,
1143 1948 1262 1999 cap.
1285 1939 1369 1985 13.
1398 1936 1415 1963 ‘
1430 1934 1592 1986 Astra

523 2012 683 2060 etiam
727 2017 909 2061 cetera
940 2013 1022 2060 vel
1047 2018 1164 2062 ortu
1187 2013 1271 2061 vel
1295 2027 1480 2062 occasu
1499 2028 1593 2063 suo

522 2087 683 2137 certis
694 2087 1006 2137 stationibus
1020 2088 1447 2151 opportunitates
1463 2094 1594 2139 tem-

524 2179 709 2229 porum
733 2166 884 2228 plane
917 2164 1349 2215 subministrant?
1384 2166 1538 2216 Idem.

523 2275 528 2276 ν
590 2242 717 2292 Hoec
757 2243 1024 2305 concordia,
1061 2241 1169 2306 &ct-J
1223 2240 1482 2306 Apuleius
1528 2242 1594 2294 de

524 2318 758 2369 Mundo:
785 2331 788 2334 ·
823 2320 840 2347 ‘
863 2318 1247 2381 Principiorum
1309 2331 1592 2368 consensus

528 2392 632 2443 sibi
677 2394 1011 2443 concordiam
1060 2393 1306 2457 peperit:
1356 2408 1596 2457 perseve-

523 2470 746 2520 rantiam
765 2484 888 2520 vero
905 2471 1133 2520 amicitia
1142 2471 1278 2520 inter
1296 2485 1351 2520 se
1368 2472 1594 2522 elemen-

520 2547 596 2597 tis
633 2547 780 2597 dedit
815 2548 1111 2612 specierum
1169 2547 1396 2612 ipsarum
1443 2564 1599 2614 sequa

526 2624 767 2688 partitio,
811 2623 933 2674 dum
974 2625 1029 2674 in
1072 2624 1214 2673 nullo
1256 2625 1360 2674 alia
1387 2627 1456 2676 ab
1490 2626 1596 2675 alia

524 2700 753 2751 vincitur
787 2700 941 2751 modo
963 2702 1046 2750 vel
1069 2706 1351 2765 potestate.
1406 2703 1594 2767 AEqua-

525 2775 591 2824 lis
614 2776 810 2841 quippe
833 2776 1057 2825 omnium
1080 2775 1371 2838 diversitas,
1399 2777 1595 2839 gravis·

525 2857 789 2920 simorum,
832 2857 1226 2919 levissimorum,
1257 2854 1594 2918 ferventium,

526 2934 854 2999 frigidorum,
875 2934 1100 2983 docente
1126 2932 1326 2981 ratione
1353 2932 1597 2995 Naturae,

527 3013 750 3063 diversis
768 3013 897 3063 licet
921 3012 1099 3074 rebus,
1132 3009 1484 3075 aequalitatem
1508 3009 1597 3058 de-

528 3089 668 3140 ferre
713 3089 1064 3149 concordiam,
1125 3087 1298 3135 omnia
1363 3086 1597 3150 parentis

526 3165 707 3215 mundi
745 3165 1098 3214 amoenitatem
1138 3163 1598 3227 aeternitatemque

531 3243 834 3309 reperisse.'
874 3243 1021 3293 Idem.
1374 3239 1378 3242 ’

593 3321 839 3370 Pendulus
880 3319 1014 3382 iguis
1048 3318 1242 3383 surgat]
1288 3316 1599 3370 Quintilian.

529 3396 821 3446 Declamat.
846 3410 930 3446 nr.
985 3398 1001 3425 ‘
1021 3396 1221 3445 Casune
1250 3395 1371 3457 tibi,
1409 3394 1597 3453 Pater,

527 3474 639 3523 baec
649 3473 924 3523 diversitas
940 3473 1147 3524 videtur
1162 3475 1215 3523 iu
1229 3488 1422 3537 corpus
1440 3487 1598 3522 unum

527 3550 955 3600 dissentientibus
1004 3550 1225 3600 solidat‘a
1285 3550 1602 3615 primordiis,

530 3635 604 3678 ut‘
624 3642 822 3679 summo
856 3628 1060 3678 vertice
1083 3629 1286 3678 locatus
1313 3628 1496 3691 igneus
1523 3627 1598 3676 vi-

532 3719 627 3769 gor
649 3713 841 3755 cuncta
860 3705 997 3754 levia
1008 3704 1168 3754 calidi
1181 3704 1599 3769 spiritusardore

532 3781 915 3846 suspenderet:
974 3779 1261 3846 profundus
1305 3781 1489 3831 humor
1533 3780 1598 3830 ad

531 3858 639 3909 ima
672 3859 951 3922 dimersus,
990 3857 1127 3907 unde
1151 3857 1390 3922 quotidie
1418 3871 1600 3920 super-

530 3935 689 3999 positi
726 3935 914 3985 caloris
955 3935 1204 3984 alimenta
1249 3935 1603 3996 traherentur,

532 4017 797 4061 terrenum
850 4011 1053 4076 pondus
1092 4011 1145 4061 in
1190 4011 1361 4061 medio
1404 4017 1599 4075 quanto

529 4101 755 4151 superne
791 4087 996 4151 spiritu,
1037 4093 1185 4137 t'anta
1209 4087 1415 4151 penitus
1437 4085 1601 4134 inani·

532 4168 647 4212 tate
680 4163 954 4212 subnixum
994 4164 1185 4213 librata
1205 4163 1339 4211 mole
1363 4160 1600 4211 conside-

532 4246 632 4301 ret,
661 4247 719 4290 ut
743 4241 1032 4291 seculorum
1072 4237 1274 4287 infinita
1298 4236 1483 4299 series,
1508 4250 1603 4299 per

530 4316 761 4368 assiduas
778 4323 1070 4383 temporum
1085 4317 1223 4367 vices
1246 4329 1335 4366 sua
1353 4315 1473 4377 lege
1495 4313 1601 4366 fes·

1654 783 1823 834 Idem.

1721 860 1900 909 Iisdem
1936 860 2136 925 caussis]
2167 861 2291 911 Huc
2325 863 2600 927 pertinent
2635 863 2717 912 illa

1655 934 1816 986 verba
1837 935 1966 987 Min.
1985 937 2206 987 Felicis:
2229 939 2397 991 ‘Quid
2413 939 2433 987 ?
2447 954 2570 988 cum
2595 938 2715 987 ordo

1656 1019 1760 1064 tem
1767 1028 1944 1077 porum
1954 1015 2049 1066 hac
2062 1014 2266 1080 frugum
2280 1016 2455 1066 stabili
2469 1017 2723 1067 varietate

1656 1088 2018 1154 distinguitur,
2049 1105 2222 1142 nonne
2256 1100 2532 1142 auctorem
2575 1105 2718 1142 suum

1655 1173 2033 1233 parentemque
2071 1170 2333 1219 testatur?
2400 1169 2513 1218 Ver
2576 1182 2720 1233 aeque

1657 1258 1774 1293 cum
1794 1245 1902 1294 suis
1923 1245 2194 1307 messibus,
2215 1253 2271 1295 et
2294 1244 2535 1294 autumni
2559 1251 2721 1293 matu·

1657 1321 1786 1372 ritas
1826 1328 1996 1384 grata,
2037 1327 2093 1371 et
2132 1321 2362 1386 hyberna
2385 1319 2603 1368 olivitas
2641 1333 2723 1367 ne·

1658 1393 1917 1448 cessaria:
1971 1399 2062 1463 qui
2115 1398 2241 1448 ordo
2283 1395 2438 1447 facile
2494 1396 2727 1444 turbare-

1659 1481 1768 1535 tur,
1802 1474 1902 1524 nisi
1935 1474 2161 1524 maxima
2177 1474 2378 1523 ratione
2397 1472 2724 1523 consisteret.

1658 1552 1780 1603 Jam
1819 1552 2165 1616 providentiae
2203 1557 2434 1616 quantae,
2463 1563 2537 1598 ne
2572 1549 2730 1597 hiems

1661 1630 1773 1679 sola
1804 1628 1974 1691 glacie
2007 1635 2203 1690 ureret,
2225 1634 2312 1675 aut
2337 1627 2450 1676 sola
2473 1633 2637 1675 aestas
2654 1638 2729 1674 ar-

1662 1704 1789 1755 dore
1812 1711 2061 1768 torreret,
2083 1704 2315 1754 autumni
2338 1711 2394 1753 et
2419 1703 2563 1752 veris
2595 1703 2729 1751 inse·

1661 1796 1778 1832 rere
1801 1781 2028 1831 medium
2047 1786 2544 1845 temperamentum,
2565 1785 2624 1828 ut
2641 1792 2736 1842 per

1663 1858 1884 1921 vestigia
1906 1873 1998 1907 sna
2017 1858 2139 1907 anni
2175 1856 2491 1906 revertentis
2530 1855 2724 1905 occulti

1666 1942 1721 1984 et
1796 1934 1994 1985 innoxii
2074 1934 2322 1984 transitus
2395 1930 2736 1983 laberentur!

1667 2012 1818 2062 Idem.
2092 2030 2099 2034 ¹

1732 2090 1901 2153 Spirat
1925 2089 2124 2155 florifer
2152 2103 2306 2138 onnus
2341 2086 2530 2149 odores]
2564 2084 2733 2134 Mani·

1667 2167 1767 2216 lius
1788 2166 1878 2216 lib.
1915 2181 1994 2216 lv.
2025 2168 2041 2195 ‘
2059 2165 2312 2215 Odoratae
2337 2163 2544 2227 spirant
2565 2161 2734 2212 medi·

1666 2244 1872 2294 camina
1892 2242 2090 2307 sylvae?
2126 2243 2279 2292 Idem.

1732 2319 2123 2383 AEstasfervida]
2158 2317 2530 2379 Beneservidu.
2580 2316 2732 2367 Tunc

1669 2395 1807 2445 enim
1839 2394 2211 2445 ‘Flammiferis
2255 2394 2411 2444 tellus
2446 2391 2607 2441 radiis
2645 2404 2739 2439 cx·

1668 2479 1787 2523 usta
1848 2474 2089 2537 dehiscit,
2150 2472 2518 2537 candentique
2577 2470 2732 2535 globo

1668 2549 1869 2599 medius
1894 2551 2073 2615 coquit
2093 2549 2294 2599 aethera
2325 2545 2539 2610 fervor,'
2576 2553 2636 2595 ut
2656 2547 2734 2594 lo·

1669 2625 1844 2689 quitur
1864 2625 2017 2674 Silius
2040 2625 2133 2676 lib.
2155 2639 2196 2675 1.
2232 2624 2387 2674 Idem.

1735 2702 1937 2752 Remeat
1986 2703 2139 2764 pomis
2201 2702 2371 2763 gravis
2439 2697 2740 2761 Arcturum]

1671 2779 1860 2829 Horat.
1897 2779 2068 2842 Epod.
2115 2777 2222 2829 od.
2259 2782 2311 2829 2.
2340 2779 2356 2807 ‘
2379 2776 2482 2826 Vel
2507 2790 2625 2825 eum
2651 2775 2742 2824 de·

1671 2872 1849 2907 corum
1887 2856 2101 2906 mitibus
2138 2856 2303 2920 pomis
2337 2851 2745 2917 caputAutum-

1670 2948 1768 2984 nus
1792 2934 1928 2983 arvis
1951 2931 2176 2984 extulit)
2255 2930 2545 2981 Columella
2568 2929 2661 2978 lib.
2686 2940 2744 2977 x.

1666 3012 1833 3063 ‘Cum
1868 3017 2013 3061 satur
2033 3008 2330 3058 Autumnus
2358 3019 2615 3071 quassans
2648 3019 2745 3054 sua

1674 3095 1914 3151 tempora
1955 3086 2139 3150 pomis,
2175 3082 2446 3146 sordibus,
2489 3087 2545 3131 et
2568 3087 2741 3130 musto

1673 3170 1974 3227 spumantes
1998 3160 2243 3226 exprimit
2266 3158 2431 3208 uvas?
2506 3156 2743 3221 Angelus

1673 3241 1959 3291 Politianus
1973 3239 2026 3288 in
2042 3239 2215 3303 Sylva,
2227 3236 2308 3286 cui
2326 3237 2364 3285 ti
2374 3234 2509 3284 tulus
2521 3234 2712 3283 Manto
2727 3250 2741 3282 z

1671 3318 1687 3345 ‘
1712 3319 1782 3367 Et
1799 3317 1967 3366 Pater
1988 3314 2284 3365 Autumnus
2312 3312 2483 3362 medio
2525 3324 2740 3360 consur-

1674 3400 1765 3457 gat
1786 3393 1852 3443 ab
1876 3407 2020 3455 arvo,
2046 3388 2366 3440 Pomiferum
2392 3387 2548 3436 viridi
2573 3394 2738 3451 caput

1674 3471 1781 3519 alte
1797 3467 2064 3516 umbratus
2079 3463 2305 3515 amictu!
2336 3465 2492 3513 Idem.

1670 3578 1675 3583 »
1741 3545 1877 3608 Rex]
1923 3544 2080 3593 Plato
2121 3543 2174 3592 in
2221 3540 2388 3606 Epist.
2425 3539 2495 3589 ad
2538 3540 2741 3602 Diony-

1674 3623 1826 3684 sium,
1858 3622 2028 3671 Deum
2052 3618 2408 3685 pronuntiavit
2421 3617 2510 3666 τὸν
2528 3615 2737 3674 βασιλέα

1671 3696 1877 3762 τύπων,
1912 3699 1929 3726 ‘
1955 3699 2182 3746 omnium
2209 3697 2402 3759 Regem
2421 3698 2453 3756 ;’
2491 3694 2740 3758 huicque,

1672 3775 1810 3840 quod
1835 3774 2055 3824 maxime
2077 3767 2359 3823 notandum
2393 3777 2495 3833 est,
2531 3769 2743 3834 subjicit

1671 3852 1757 3902 τὸν
1770 3855 1954 3917 πρῶτον
1963 3850 2101 3913 Θεὸν,
2112 3851 2127 3878 ‘
2146 3848 2523 3914 primum‘illum
2533 3843 2745 3905 Deum,'

1673 3931 1770 3979 hoc
1801 3938 1902 3993 est,
1941 3936 2000 3978 ut
2021 3929 2304 3991 opinantur
2335 3923 2620 3985 Platonici,
2655 3921 2738 3971 τὸν

1673 4004 1766 4055 Δία
1803 4002 2055 4067 ‘Jovem,’
2093 4003 2229 4068 quod
2260 4008 2437 4051 tamen
2460 3998 2738 4049 obscurum

1673 4083 1740 4133 de
1775 4081 2032 4132 industria
2072 4079 2288 4145 reliquit
2332 4078 2513 4126 Plato.
2583 4075 2733 4128 Quod

1672 4175 1800 4211 vero
1838 4159 1935 4208 hoc
1977 4157 2183 4207 nomine
2228 4153 2606 4218 significaverit
2649 4165 2737 4200 seu

1673 4235 1868 4300 potius,
1915 4233 2140 4283 cicutam
2183 4238 2437 4292 metuens,
2485 4228 2733 4277 velaverit

1672 4312 1855 4364 summi
1888 4312 1992 4362 Dei
2035 4323 2245 4374 nomen,
2271 4322 2389 4371 nee,
2418 4320 2536 4356 eum
2582 4306 2598 4334 ‘
2618 4317 2731 4354 cum
