3049 4928
987 387 1510 440 fumosorum
1560 388 1705 444 ΜΒ.
1751 390 1857 459 ns.
2141 382 2144 389 ’
2394 373 2531 445 317

335 542 433 602 est
459 534 641 622 quod
668 533 1000 621 explicari
1026 540 1247 622 queat.
1335 534 1719 603 Deficiente
1737 536 1987 603 etenim
2013 536 2387 620 voluntate,
2441 551 2530 606 ne

332 636 698 721 aggreditur
724 637 994 723 quidem
1037 638 1322 723 quisque
1351 638 1537 722 quod
1574 658 1711 705 non
1758 641 1943 706 vult:
1990 647 2089 707 at'
2116 642 2179 707 si
2226 647 2529 727 potestas

332 740 520 819 absit,
548 742 863 809 voluntas
889 740 1133 807 frustra
1152 741 1263 807 sit.
1355 738 1515 820 Quo
1538 739 1638 819 fit,
1666 746 1744 808 ut
1770 743 1832 807 si
1857 763 2054 828 quem
2085 743 2322 809 videas
2351 743 2525 810 velle

331 844 608 928 adipisci
638 844 827 930 quod
854 844 1125 910 minime
1150 844 1585 930 adipiscatur,
1612 845 1770 912 huic
1802 847 2148 915 obtinendi
2176 847 2360 933 quod
2405 866 2527 914 vo-

326 947 527 1026 luerit,
557 947 851 1014 defuisse
876 948 1237 1015 valentiam
1258 960 1299 987 ”⁸
1341 948 1651 1015 dubitare
1679 969 1812 1016 non
1838 951 2092 1036 possis.
2162 950 2530 1035 Perspicu-

328 1069 433 1114 um
460 1056 583 1130 est,
614 1050 910 1136 inquam,
949 1071 1079 1117 nec
1108 1051 1249 1116 ullo
1286 1049 1488 1117 modo
1511 1052 1737 1136 negari
1766 1061 2021 1138 potest.
2113 1052 2335 1135 Quem
2365 1071 2529 1119 vero

328 1151 622 1219 effecisse
641 1159 698 1202 ¹⁴
739 1152 923 1238 quod
957 1154 1247 1221 voluerit
1274 1153 1531 1235 videaS,
1587 1175 1748 1222 num
1770 1158 1969 1223 etiam
1998 1158 2302 1243 potuisse
2331 1157 2528 1223 dubi-

289 1328 293 1333 ,
324 1256 543 1321 tabis?
594 1255 902 1325 Minime.
963 1257 1171 1339 Quod
1201 1277 1356 1325 vero
1384 1258 1673 1344 quisque
1701 1264 1948 1345 potest,
1994 1262 2066 1325 iu
2095 1280 2178 1326 eo
2206 1260 2478 1327 validus
2503 1280 2525 1342 3

326 1360 497 1442 quod
525 1379 687 1427 vero
712 1380 845 1425 non
874 1366 1123 1446 potest,
1149 1363 1220 1427 in
1249 1361 1377 1427 hoc
1406 1361 1777 1428 imbecillis
1800 1382 1951 1428 esse
1982 1361 2360 1428 censendus
2387 1368 2520 1428 est.

324 1461 586 1544 Fateor,
616 1464 917 1549 inquam.
1006 1464 1469 1530 Meministine
1516 1464 1739 1549 igitur,
1788 1464 2029 1549 inquit,
2060 1464 2525 1548 superioribus

319 1566 686 1635 rationibus
714 1587 871 1633 esse
916 1568 1296 1646 collectum,
1351 1567 1792 1633 intentionem
1838 1587 2110 1633 omnem
2152 1565 2523 1634 voluntatis

319 1667 640 1750 humanae,
663 1690 821 1757 quae
851 1670 1134 1737 diversis
1162 1670 1404 1737 studiis
1434 1671 1671 1754 agitur,
1704 1670 1794 1735 ad
1825 1669 2308 1736 beatitudinem
2335 1669 2525 1735 sesti-

320 1775 520 1838 nare?
610 1772 924 1852 Memini,
948 1774 1255 1858 inquam,
1284 1773 1357 1838 id
1391 1793 1663 1859 quoque
1684 1781 1734 1822 ¹⁵
1781 1793 1936 1839 esse
1966 1772 2525 1840 demonstratum.

321 1875 498 1943 Num
527 1876 924 1956 reeordariS,
965 1878 1451 1944 beatitudinem
1494 1879 1721 1964 ipsum
1768 1898 1919 1945 esse
1966 1879 2257 1962 bonum3
2299 1899 2529 1965 eoque

317 1981 512 2048 modo
536 2002 692 2047 cum
709 1980 1062 2047 beatitudo
1089 1981 1363 2065 petitur,
1383 1982 1471 2047 ab
1499 1981 1810 2047 omnibus
1826 1980 2196 2048 desiderari
2222 1983 2471 2048 bonum
2487 1985 2524 2048 t

318 2082 613 2164 Minime,
637 2085 941 2170 inquam,
961 2085 1304 2164 recordor,
1334 2085 1656 2171 quoniam
1686 2085 1756 2151 id
1786 2086 2130 2152 memoriae
2177 2085 2395 2151 fixum
2424 2093 2525 2152 te-

314 2206 454 2254 neo.
539 2188 802 2254 Omnes
821 2187 1023 2272 igitur
1047 2187 1379 2268 homineS,
1422 2187 1592 2254 boni
1636 2187 1888 2272 pariter
1942 2207 2025 2255 ac
2074 2188 2259 2266 mali,
2308 2188 2524 2254 indis-

315 2296 492 2358 creta
546 2292 914 2358 intentione
970 2290 1057 2356 ad
1107 2291 1359 2356 bonum
1403 2292 1755 2375 pervenire
1813 2292 2143 2358 nituntur.
2235 2291 2373 2373 Ita,
2418 2291 2525 2358 in-

316 2413 531 2479 quam,
582 2413 1007 2482 consequens
1050 2399 1174 2460 est.
1263 2393 1405 2459 Sed
1449 2399 1698 2460 certum
1755 2399 1881 2473 est,
1932 2393 2306 2480 adeptione
2360 2395 2524 2461 boni

313 2499 517 2566 bonos
574 2500 741 2566 fieri.
829 2498 1126 2565 Certum.
1217 2495 1712 2583 Adipiscuntur
1738 2496 1790 2538 ¹⁶
1862 2499 2060 2581 igitur
2115 2499 2277 2563 boni
2339 2497 2523 2583 quod

315 2592 659 2688 appetunt.
746 2602 865 2669 Sic
884 2601 1179 2668 videtur.
1265 2599 1445 2684 *Mali
1467 2619 1627 2665 vero
1669 2599 1731 2663 si
1781 2599 2310 2684 adipiscerentur
2337 2601 2524 2684 quod

314 2711 633 2791 appetunt
674 2707 949 2785 bonum,
990 2703 1150 2769 mali
1198 2721 1351 2768 esse
1396 2723 1534 2769 non
1578 2707 1881 2788 possent.
1971 2702 2082 2767 lta
2135 2708 2257 2767 est.
2347 2701 2521 2767 Cum

312 2810 507 2892 igitur
533 2810 798 2896 utrique
826 2811 1080 2875 bonum
1121 2811 1376 2893 petant,
1427 2806 1548 2872 sed
1597 2807 1668 2871 hi
1716 2804 1989 2890 quidem
2037 2804 2521 2889 adipiscantur,

311 2912 404 2978 illi
429 2933 596 2980 vero
625 2913 903 2978 minime
927 2932 945 2994 3
990 2931 1122 2977 non
1150 2911 1431 2977 dubium
1460 2918 1590 2988 est,
1643 2911 1859 2975 bonos
1905 2906 2175 2993 quidem
2205 2912 2523 2991 potentes

311 3034 478 3095 esse,
509 3018 631 3102 qui
675 3036 835 3082 vero
878 3014 1040 3081 mali
1087 3022 1266 3094 sunt,
1316 3013 1713 3080 imbecilles.
1804 3010 2162 3095 QuisquiS,
2216 3010 2515 3093 inquam,

312 3118 588 3200 dubitat,
617 3138 743 3186 nec
765 3137 982 3185 rerum
1010 3126 1346 3195 naturam,
1374 3136 1504 3183 nec
1528 3115 2087 3201 consequentiam
2116 3117 2335 3197 potest
2360 3132 2519 3179 con-

365 3335 405 3364 '¹¹·
436 3327 753 3384 Poteseatem.

1231 3438 1590 3460 OOOOOOOOOOOO

314 3551 448 3616 vulg.
476 3552 631 3608 Quem
647 3564 777 3612 vera,
820 3550 993 3614 inquit,
1027 3548 1237 3615 effecisse
1260 3550 1397 3615 Reg.
1400 3554 1528 3600 —15
1561 3549 1760 3600 Thuan.
1783 3553 2029 3613 uterque,
2053 3553 2172 3597 uter
2211 3561 2276 3597 ue
2296 3544 2437 3595 Vict.
2462 3549 2525 3594 et

313 3617 438 3682 Reg.
454 3616 779 3681 iustamque.
784 3620 915 3665 -16
933 3617 1061 3679 Reg.
1074 3616 1842 3682 certum,inquam,adiffloeumr.
1842 3618 1972 3664 -17
1989 3614 2095 3664 Mn.
2205 3618 2306 3664 urt.
2319 3610 2522 3677 plenius.

1299 3782 1404 3834 No
1410 3782 1519 3833 '1'AE

309 3905 497 3968 habeat
533 3924 651 3961 cum
683 3910 958 3962 voluntate
986 3915 1044 3961 et
1075 3916 1369 3980 potestate,
1452 3909 1581 3963 velit
1593 3895 1988 3973 beatitudinem,
2006 3923 2162 3974 quam
2184 3906 2394 3973 probus,
2412 3920 2519 3957 nou

311 3998 524 4049 quarum
560 3993 781 4054 utraque
802 3994 887 4039 est
915 3988 972 4037 in
995 3988 1180 4053 primo,
1202 3995 1261 4038 et
1296 3989 1370 4037 al·
1450 3988 1718 4053 improbus
1763 3986 2104 4053 adipiscitur:
2160 3983 2417 4050 siquidem
2454 3989 2523 4034 ut·

315 4065 423 4110 tera
443 4068 646 4114 tantum
665 4064 718 4114 in
758 4064 988 4115 secundo
1025 4064 1116 4114 illo
1146 4065 1371 4115 homine.
1451 4065 1618 4116 bonus
1639 4079 1741 4115 non
1765 4063 1958 4115 dicitur
1978 4062 2074 4112 nisi
2095 4059 2372 4126 adeptione
2394 4058 2517 4108 boni
2607 4071 2611 4075 ·

313 4133 470 4203 Atqui
512 4138 666 4191 homo
708 4140 902 4205 probus
943 4139 1001 4190 id
1062 4140 1374 4205 adipiscitur
1453 4142 1659 4204 summi,
1678 4142 1754 4192 ita
1776 4140 1938 4191 malus
1956 4153 2061 4189 non
2083 4139 2275 4190 dicitur
2289 4136 2389 4189 nisi
2410 4136 2517 4201 pri·
2584 4148 2588 4152 ·

315 4214 446 4275 quod
470 4216 579 4266 vult
598 4234 613 4278 ;
663 4217 929 4282 improbus
952 4233 1075 4268 vero
1096 4218 1237 4282 quod
1259 4220 1372 4269 vult
1453 4220 1662 4273 vatione
1679 4217 1914 4283 ejusdem
1934 4215 2074 4268 boni.

315 4302 411 4340 nou
431 4292 767 4359 adipiscitum
817 4310 935 4350 cum
970 4303 1191 4363 uterque
1226 4296 1370 4349 auam
