3049 4928
510 439 640 505 36⁴2
1063 478 1102 499 -.
1201 450 1505 501 nomm!
1560 453 1658 502 nn
1708 453 2016 503 consor„

1504 596 1717 649 NOTAE

512 699 622 749 sive
652 698 889 760 adversa,
914 702 971 747 ut
1007 701 1157 759 patet
1192 711 1257 746 ex
1291 697 1463 758 dictis,
1485 698 1577 748 bo·
1657 696 2041 760 improbornm'
2085 695 2348 747 fortunam
2370 696 2387 726 ‘
2411 712 2524 749 esse
2566 700 2716 763 pessi·

512 791 632 827 num
673 781 757 826 est
800 782 953 825 extra
996 774 1212 825 hominis
1252 774 1578 829 voluntatem
1660 775 1846 826 mam:'
1891 775 2174 841 proborum
2212 791 2338 827 vero
2382 791 2587 842 semper
2632 778 2717 826 bo-

512 855 758 903 existens.
841 851 977 901 Haec
1022 851 1182 916 igitur
1236 850 1449 903 fortuna
1504 853 1583 903 ita
1663 868 1812 903 nam:
1850 853 1971 919 quia
1991 853 2007 881 ‘
2026 853 2192 903 omnis
2216 852 2447 917 fortuna,
2468 869 2583 921 quae
2607 870 2720 919 pro·

515 930 671 994 bona,
689 936 749 979 ut
770 928 870 979 nisi
893 928 1221 979 abutentium
1242 929 1378 979 mala
1399 931 1581 980 volun·
1665 930 1747 980 bis
1773 930 1979 980 videtur
2001 945 2208 995 aspera,
2227 931 2342 995 hos,
2378 932 2475 981 nisi
2513 939 2719 982 exercet

513 1013 644 1070 tate,
687 1012 778 1058 aut
821 1004 951 1056 vitio
990 1019 1251 1072 nunqnam
1295 1007 1367 1057 sit
1403 1010 1582 1060 malas
1667 1013 1759 1059 ant
1782 1007 2016 1073 corrigit,
2045 1008 2197 1072 punit
2215 1008 2251 1059 τ’
2284 1023 2458 1075 neque
2483 1009 2535 1060 hi
2569 1011 2721 1061 etiam

512 1100 676 1152 quare
710 1101 828 1138 cum
847 1085 1083 1152 improbi,
1108 1086 1399 1152 quatenus‘
1421 1089 1474 1140 in
1489 1104 1583 1140 sua
1665 1086 1833 1152 probi,
1878 1086 1943 1136 ad
1982 1094 2231 1149 oejternam
2276 1086 2589 1139 felicitatem
2630 1086 2718 1137 nisi

511 1161 852 1229 improbitate
895 1164 1275 1228 perseverant‚'
1313 1181 1407 1216 sua
1448 1180 1580 1216 sem·
1663 1162 1892 1222 fortuna,
1915 1179 2028 1229 quae
2069 1164 2251 1215 iisdem
2284 1164 2495 1217 videtur
2530 1179 2722 1229 aspera,

514 1255 611 1305 per
643 1238 928 1291 abutantur
960 1254 1208 1307 prospera
1241 1241 1467 1306 fortuna,
1500 1243 1578 1293 id·
1662 1242 2004 1308 perveniunt:
2039 1240 2359 1308 siquidem-

514 1318 655 1370 circo
688 1318 1021 1386 Philosophia
1050 1320 1317 1373 concludit
1338 1322 1354 1350 ‘
1373 1335 1580 1373 omnem

1327 1568 1897 1604 Ξ

1300 1771 1728 1839 METRUM
1775 1771 1948 1837 VII.

869 1947 1134 2012 BELLA
1165 1945 1274 2011 bis
1308 1944 1576 2030 quinis·
1620 1951 1938 2029 operatus
1969 1946 2161 2010 annis

864 2050 1066 2115 Ultor
1094 2048 1402 2127 AtrideS,
1435 2047 1756 2133 Phrygiae
1780 2049 1987 2113 ruinis

865 2153 1120 2218 Fratris
1150 2152 1439 2218 amissos
1470 2152 1808 2218 thalamos
1838 2152 2079 2236 piavit.

867 2257 994 2322 Ille
1025 2258 1186 2322 dum
1215 2255 1446 2322 Graiae
1479 2256 1643 2320 dare
1673 2256 1835 2321 vela
1865 2256 2075 2321 classi

869 2359 1104 2447 Optat,
1135 2368 1208 2425 et
1236 2365 1475 2425 ventos
1503 2360 1771 2426 redimit
1802 2381 2058 2439 cruore,
2688 2360 2728 2424 5

587 2547 913 2608 Agamemnon
956 2546 1099 2596 Atrei
1123 2546 1284 2611 filius,
1311 2550 1556 2610 postquam
1578 2544 1806 2596 militavit
1829 2546 1880 2594 in
1915 2544 2141 2606 Trojanos
2175 2547 2330 2596 decem
2354 2544 2516 2607 annis,
2550 2548 2725 2593 vastas

529 2611 671 2675 Troja
709 2613 968 2662 ulciscendo
989 2612 1142 2676 piavit
1164 2626 1359 2661 uxorem
1387 2611 1463 2660 sui
1488 2611 1673 2673 fratris
1712 2612 1922 2660 Menelai
1950 2617 2138 2675 raptam
2173 2627 2204 2659 a
2234 2611 2415 2660 Paride
2430 2627 2447 2659 .·
2478 2613 2560 2659 sed
2597 2614 2728 2658 antea

524 2679 649 2727 idem
669 2679 994 2740 Agamemnon
1025 2678 1179 2726 colens
1215 2679 1329 2727 dare
1352 2676 1456 2730 vela
1489 2677 1690 2726 navibus
1725 2676 1929 2738 Groecis,
1961 2677 2276 2740 redimensque
2311 2680 2471 2725 ventos
2501 2675 2619 2740 (qui
2640 2674 2729 2738 ipsi

526 2744 821 2805 negabantur
833 2749 1030 2808 propter
1063 2758 1250 2793 cervum
1275 2742 1457 2792 Dianoe
1475 2741 1536 2792 ab
1561 2744 1660 2806 ipso
1690 2742 1925 2806 occisum)
1957 2742 2188 2805 sanguine
2223 2740 2390 2806 effuso,
2410 2740 2624 2805 deposuit
2640 2740 2731 2804 pie·

1521 2876 1570 2925 N
1580 2875 1738 2927 OTAE

590 2986 615 3014 ⁸
649 2982 791 3032 Bella
823 2981 898 3033 bis
929 2981 1107 3046 quinis,
1139 2982 1244 3046 ζα]
1289 2996 1329 3031 ι.
1354 2982 1593 3032 Philoso-

527 3057 652 3121 phia
675 3058 865 3121 probat
899 3059 1142 3122 exemplo
1167 3057 1592 3122 Agamemnonis,

525 3134 783 3185 hominem
818 3150 922 3185 non
954 3133 1052 3185 frui
1094 3135 1312 3200 optatis,
1342 3134 1438 3184 nisi
1473 3141 1595 3200 post

526 3223 797 3277 susceptos
839 3214 1186 3277 toleratosque
1222 3213 1410 3263 multos
1451 3213 1594 3263 labo-

528 3304 631 3342 res.
701 3289 958 3339 Nimirum
998 3289 1168 3354 Paris,
1202 3289 1400 3339 Priami
1437 3290 1596 3355 Regis

524 3366 870 3430 'l'rojanornm
915 3365 1071 3426 filius,
1128 3367 1387 3417 instructa
1430 3368 1596 3417 classe

528 3444 584 3492 in
608 3442 871 3492 Graeciam
895 3442 1166 3507 profectus
1208 3441 1597 3496 ad'Menelanm

528 3520 735 3584 Spartae
783 3520 979 3582 Regem
1024 3521 1283 3583 pervenit,
1317 3521 1596 3572 Helenam-

530 3615 630 3665 que
652 3600 762 3665 ejus
785 3614 1002 3648 uxorem
1026 3602 1227 3665 rapuit:
1268 3602 1404 3666 quod
1422 3603 1596 3668 inique

530 3675 708 3727 ferens
755 3675 1111 3740 Agamemnon
1156 3675 1308 3726 Atrei
1349 3676 1484 3727 filius
1542 3686 1598 3728 et

531 3753 776 3814 praedicti
808 3753 1038 3802 Menelai
1078 3750 1266 3814 frater,
1296 3755 1597 3805 convocatis

532 3830 758 3880 Graeciae
797 3827 1118 3892 principibus
1153 3827 1512 3880 transfretavit
1543 3831 1597 3879 in

532 3905 833 3970 Phrygiam,
865 3904 1077 3968 Trojam
1114 3904 1339 3969 obsedit,
1362 3921 1598 3971 eamque,

534 3992 655 4049 post
676 3984 963 4034 decennale
997 3982 1187 4032 bellum
1216 3982 1337 4033 dolo
1369 3993 1596 4048 captam,

531 4060 673 4111 ferro
715 4068 772 4110 et
811 4061 931 4121 igne
978 4060 1257 4125 populatus
1303 4068 1402 4111 est.
1490 4061 1597 4112 Sed

532 4138 670 4188 idem
686 4137 1037 4202 Agamemnon
1050 4137 1256 4202 Trojam
1274 4138 1599 4198 obsessurus,

533 4230 651 4266 cum
675 4215 739 4265 ad
774 4214 1014 4265 Aulidem
1042 4216 1259 4265 ssoeotiae
1283 4222 1488 4280 portum
1512 4231 1600 4267 ve-

532 4295 717 4356 nisset,
738 4292 912 4359 ibique
934 4309 1083 4344 suum
1104 4294 1397 4344 exercitum
1422 4309 1602 4345 recen·

537 4379 696 4437 seret,
716 4371 895 4421 Dianae
917 4384 1126 4422 cervum
1147 4370 1355 4435 ignarus
1380 4370 1600 4423 occiditz

1677 2982 2011 3047 quamobrem
2029 2982 2198 3032 Diana
2213 2983 2366 3045 irata,
2380 2979 2609 3031 immissa
2624 2991 2732 3043 pes·

1676 3060 1905 3123 tilentia,
1950 3068 2134 3110 ventos
2168 3058 2477 3124 suppressit.
2545 3056 2732 3106 Consu·

1675 3138 1885 3188 luerunt
1921 3139 2203 3201 oraculum,
2239 3152 2273 3186 a
2304 3152 2405 3202 quo
2442 3147 2732 3199 responsum

1676 3225 1779 3281 est,
1802 3233 1906 3268 non
1942 3226 2064 3267 ante
2104 3216 2405 3281 pacificatos
2436 3214 2551 3264 fore
2584 3214 2738 3275 Deos,

1677 3310 1830 3359 quam
1856 3295 2126 3360 Iphigenia
2157 3291 2559 3356 Agamemnonis
2581 3290 2734 3354 ipsius

1677 3371 1786 3421 filia
1829 3371 2094 3421 immolata
2136 3369 2341 3420 fuisset.
2421 3368 2737 3432 Obsequitur

1679 3453 1851 3511 pater,
1902 3446 2168 3510 ipsiusque
2228 3443 2517 3494 sacerdotis
2572 3442 2734 3493 officio

1678 3523 1906 3580 functus,
1928 3523 2086 3572 filiam
2102 3521 2392 3587 jugulavit:
2428 3520 2609 3584 sicque
2625 3525 2737 3583 post

1679 3602 1865 3651 multas
1888 3600 2213 3650 calamitates
2230 3599 2523 3662 multosque
2545 3596 2738 3646 labores

1681 3678 1889 3730 tandem
1928 3676 2209 3742 aliquando
2247 3675 2383 3725 ansis
2421 3673 2615 3737 potitus
2642 3678 2735 3720 est.

1681 3752 2091 3819 Virgil.AEneid.
2134 3767 2197 3802 ιι.
2241 3768 2318 3801 vs.
2361 3754 2476 3801 108.
2554 3749 2736 3809 ‘Saepe

1679 3830 1853 3896 fugam
1899 3830 2066 3880 Danai
2111 3829 2263 3894 Troja
2305 3828 2520 3890 cupiere
2560 3825 2737 3874 relicta

1678 3909 1876 3971 Moliri,
1910 3915 1967 3958 et
2001 3909 2156 3970 longo
2191 3904 2314 3955 fessi
2341 3903 2615 3954 discedere
2638 3901 2737 3951 bel·

1679 3986 1746 4035 lo.
1790 3985 2162 4048 Fecissentqne
2187 3981 2417 4032 utinam!
2457 3982 2610 4044 Saepe
2630 3978 2733 4027 illos

1681 4078 1868 4129 aspera
1912 4064 2062 4127 ponti
2105 4062 2413 4113 Interclusit
2452 4062 2647 4126 hyems,
2684 4066 2734 4109 et

1680 4141 1872 4191 terruit
1916 4139 2111 4190 Auster
2152 4147 2357 4188 euntes.
2446 4137 2734 4200 Praecipue,

1682 4233 1798 4269 cum
1812 4219 1922 4283 jam
1945 4217 2028 4268 hic
2051 4216 2282 4267 trabibus
2303 4220 2580 4266 contextus
2603 4225 2734 4264 acer·

1682 4295 1764 4345 nis
1793 4295 1972 4345 Staret
2004 4303 2188 4359 equus,
2210 4299 2323 4342 toto
2356 4296 2638 4342 sonuerunt
2670 4303 2730 4336 ae-

1685 4371 1832 4422 there
1875 4368 2054 4422 nimbi.
2131 4369 2381 4434 Suspensi
2423 4365 2730 4434 Eurypylum
