3049 4928
646 1125 1194 1206 RECENsUs
1262 1128 1777 1210 comcUM
1846 1137 2085 1215 Mss.

278 1381 589 1453 ANICII
622 1388 983 1456 MANLII
1005 1392 1511 1474 TORQUATI
1542 1397 2009 1468 SEVERINI
2038 1403 2445 1474 ΒΟΕΤΗΙῙ

428 1640 558 1693 QUI
598 1641 680 1692 IN
712 1643 1217 1698 BIBLIOTHECIS
1247 1648 1717 1701 BRI'I'ANNICIS
1754 1650 2287 1705 ASSERVANTUR.

347 2110 460 2207 DE
490 2111 844 2177 codicibus
871 2114 1139 2180 Boethii
1170 2115 1349 2181 Mss.
1380 2118 1450 2181 in
1480 2119 1726 2183 exteris
1752 2118 2184 2187 bibliothecis
2210 2130 2443 2191 extan-

262 2209 436 2278 tibus
464 2213 622 2280 silet
651 2213 1027 2296 FabriciuS,
1069 2228 1139 2283 et
1182 2219 1383 2285 etiam
1430 2220 1640 2286 editio
1683 2222 2047 2289 Haekiana
2086 2245 2238 2290 cum
2266 2230 2441 2294 notis

261 2309 646 2391 Variorum,
685 2336 814 2382 nec
855 2325 1154 2385 nostrum
1204 2328 1310 2385 est
1353 2341 1474 2386 eos
1521 2323 1912 2390 describere.
2003 2324 2143 2404 Qui
2192 2328 2275 2392 de
2335 2329 2441 2393 his

257 2415 500 2501 aliquid
570 2418 741 2483 seire
790 2419 986 2500 velit,
1031 2420 1335 2487 consulat
1386 2421 1866 2488 Montefalcon.
1953 2425 2275 2491 Biblioth.
2323 2430 2441 2494 Bi-

254 2516 746 2586 bliothecarum
776 2521 949 2586 Mss.
979 2542 1236 2589 novam.
1323 2525 1559 2589 Pauca
1602 2526 1684 2589 de
1722 2526 2069 2590 codicibus
2098 2528 2168 2592 in
2195 2530 2438 2597 biblio-

252 2618 458 2689 thecis
487 2624 751 2689 nostris
780 2623 1068 2708 publicis
1097 2623 1460 2690 asservatis
1488 2625 1600 2689 hic
1632 2633 2018 2716 sequuntur.

841 2809 1090 2877 Codices
1117 2812 1184 2876 in
1215 2808 1436 2876 Museo
1468 2810 1861 2877 Britannice.

337 2962 424 3026 In
456 2960 767 3028 Biblioth.
812 2960 977 3050 Reg.
1020 2964 1107 3029 13
1145 2961 1233 3027 A.
1281 2980 1511 3028 xvul.
1556 2963 1707 3029 cod.
1750 2965 2021 3028 membr.
2063 2982 2222 3027 saec.
2270 2979 2432 3027 xlv.

252 3063 415 3129 inter
465 3066 607 3132 alia
666 3066 879 3130 multa
935 3066 1275 3131 continens
1321 3064 1592 3131 Boethii
1632 3066 1717 3130 de
1770 3062 2246 3131 Consolatione
2277 3065 2433 3129 Phi-

251 3163 586 3250 losophiae
615 3166 827 3232 libros
859 3186 927 3234 v·
2141 3163 2142 3166 '

300 3267 305 3270 ’
335 3270 423 3333 15
452 3268 542 3334 Α.
577 3284 782 3332 xxx.
824 3267 913 3332 A.
960 3269 1064 3334 M.
1101 3268 1261 3335 Sev.
1303 3270 1582 3336 Bo'ethii
1611 3271 1692 3335 de
1721 3269 1993 3335 Consol.
2037 3269 2429 3353 Philosoph.

245 3367 396 3433 libri
427 3388 496 3434 v.
543 3389 692 3435 cum
725 3369 1048 3435 Nicholai
1072 3370 1304 3437 Trivet
1332 3372 1791 3455 Expositione.
1860 3370 2029 3437 Cod.
2072 3372 2433 3436 membran.

245 3489 406 3537 saec.
439 3489 578 3536 xv.
619 3491 774 3537 cum
804 3473 1041 3555 paucis
1069 3473 1250 3538 notis
1277 3472 1778 3556 marginalibus,
1868 3471 2111 3537 Codici
2143 3472 2433 3557 praefigi-

242 3578 381 3639 tur:
429 3580 450 3613 ‘
482 3574 684 3640 Nioh.
715 3574 949 3639 Trivet
979 3571 1063 3658 q¹.
1109 3574 1272 3640 clar.
1301 3572 1388 3638 A.
1420 3575 1507 3640 D.
1538 3575 1734 3641 1300.
1775 3583 1846 3639 et
1873 3575 2042 3640 obiit
2077 3574 2283 3648 1328?

325 3676 415 3740 18
441 3674 531 3740 Α.
564 3692 735 3741 xm.
781 3675 1050 3741 Bo'ethii
1073 3674 1164 3739 *de
1194 3673 1664 3740 Consolatione
1694 3675 2155 3759 Philosophiae
2180 3673 2334 3740 libri
2359 3695 2427 3740 v.

236 3776 303 3839 in
332 3782 619 3843 metrum
658 3776 1008 3861 Anglicum
1035 3777 1210 3841 versi
1239 3797 1280 3842 a
1306 3776 1352 3842 J
1355 3778 1461 3841 oh.
1489 3777 1814 3861 Lydg'ate,
1842 3776 1929 3842 A.
1960 3777 2050 3842 D.
2077 3777 2270 3864 1410.

325 3880 415 3944 19
469 3877 557 3943 Α.
590 3883 691 3945 fv,
735 3880 888 3945 cod.
938 3899 1098 3946 saec.
1146 3896 1279 3942 xv.
1329 3880 1697 3958 continens,
1746 3899 1902 3945 cum
1945 3879 2119 3957 aliis,
2154 3878 2427 3944 Boethii

240 3979 713 4066 Philosophiae
744 3980 1283 4046 Consolationem
1311 3979 1596 4045 Gallice.

323 4083 370 4147 8
405 4084 488 4148 Β.
521 4100 620 4148 1v.
663 4085 726 4150 8.
770 4084 921 4149 cod.
950 4085 1222 4149 membr.
1270 4102 1433 4148 saec.
1479 4098 1593 4147 xl.
1640 4082 2006 4160 continens,
2023 4081 2192 4145 inter
2217 4083 2427 4147 multa

237 4184 373 4250 alia
403 4185 864 4265 miscellanea,
908 4185 1177 4251 Boethii
1225 4187 1307 4251 de
1356 4184 1623 4250 Consol.
1675 4182 2067 4268 Philosoph.
2111 4183 2230 4247 lib.
2267 4200 2314 4247 1.
2360 4189 2425 4248 et
