3049 4928
520 407 655 477 110
1215 423 1545 477 nomm·
1583 427 1680 477 on
1729 428 2041 495 consor..

521 567 756 642 contra
784 565 860 640 se
884 572 1084 641 factae
1114 571 1588 660 conjurationis
1635 565 1847 642 fuisse
1895 575 2273 668 diceretur;
2318 574 2415 658 si,
2437 557 2586 661 ego,
2633 557 2731 644 iri·

524 679 694 764 quit,
716 679 1017 757 scissem,
1047 684 1126 743 tu
1154 677 1510 742 nescisses.
1569 675 1733 756 Qua
1760 678 1830 743 in
1859 700 1930 744 re
1947 687 1977 715 '¹
2018 699 2153 745 non
2181 680 2282 744 ita
2309 699 2547 745 sensus
2576 701 2733 747 nos-

523 788 665 847 tros
694 800 943 847 moeror
970 779 1341 858 hebetavit,
1371 785 1453 844 ut
1497 779 1752 864 impios
1799 781 2125 848 scelerata
2162 785 2395 847 contra
2421 783 2736 850 virtutem

524 904 769 970 querar
794 873 1103 950 molitos:
1151 882 1274 949 sed
1304 903 1460 968 quae
1490 875 1910 967 speraverint
1954 883 2280 963 effecisse,
2313 884 2736 952 vehementer

524 977 838 1070 admiror.
920 986 1103 1053 Nam
1133 986 1466 1053 deteriora
1494 987 1692 1066 velle,
1728 988 1937 1052 nostri
1980 988 2180 1053 fuerit
2205 987 2492 1052 fortasse
2514 988 2736 1067 defec-

521 1095 729 1156 tust'
763 1081 985 1176 ‘posse
1041 1109 1208 1155 vero
1267 1087 1539 1155 contra⁶
1602 1089 2081 1169 innocentiam,
2141 1109 2299 1174 quae
2360 1088 2731 1157 sceleratus

524 1194 819 1277 quisque
849 1194 1251 1278 conceperit,
1280 1179 1709 1277 inspectante
1742 1194 1942 1272 Deo,¹
1984 1195 2266 1258 monstri
2297 1193 2517 1258 simile
2552 1198 2693 1258 est:
2714 1203 2737 1233 ⁶

526 1295 699 1361 unde
727 1296 907 1362 haud
956 1294 1248 1381 injurias
1283 1299 1558 1361 tuorum
1602 1289 1881 1381 quidam
1926 1287 2346 1361 familiarium
2365 1303 2437 1345 Η
2482 1295 2737 1379 quaesi-

524 1399 660 1465 vit:
707 1399 1053 1484 Siquidem
1099 1400 1313 1479 Deus,
1358 1399 1603 1484 inquit,
1649 1405 1773 1478 est,
1820 1398 1996 1464 unde
2040 1399 2263 1464 mala?
2284 1397 2310 1435 '⁰
2352 1398 2532 1462 bona
2575 1416 2736 1463 vero

524 1501 725 1581 unde,
753 1504 986 1569 sinon
1016 1508 1125 1568 est
1144 1503 1173 1566 ‘l
1191 1502 1210 1541 ·’
1296 1502 1435 1568 Sed
1462 1503 1573 1569 fas
1602 1502 1844 1568 fuerit⁸
1884 1502 2174 1567 nefarios
2215 1501 2577 1578 homines,a
2620 1500 2735 1584 qui

522 1606 857 1672 bonorum
913 1605 1236 1686 omnium,
1293 1606 1628 1690 totiusque
1679 1604 1971 1670 Senatus
2021 1604 2418 1689 sanguinem
2465 1610 2731 1689 petunt,

473 1848 480 1852 .
588 1814 610 1839 ⁰
642 1806 712 1855 Et
732 1806 879 1857 veluti
898 1807 1207 1869 paradox-unt.

1324 1804 1359 1853 s
1383 1807 1499 1858 Nori
1517 1809 1774 1859 inmerito.
1901 1813 1931 1852 e
1966 1808 2013 1857 0
2040 1806 2359 1871 Philosophia.

521 1886 629 1937 αμα
649 1886 681 1921 n
702 1871 809 1922 Deo
830 1886 928 1922 esse
946 1888 1041 1922 non
1057 1875 1273 1937 munt.

2484 1803 2510 1838 ⁶
2546 1804 2735 1871 Qm’mu

1400 1871 1418 1907 ί
1452 1874 1575 1924 Cum
1591 1874 1711 1925 bono
1730 1876 1831 1924 sine
1847 1874 1955 1925 Deo
1974 1888 2073 1924 esse
2093 1878 2344 1937 nequeunt.

1448 1996 1569 2017 0000
1571 1997 1812 2018 OOOOOOO

524 2077 835 2144 quodetiam
854 2080 1051 2145 Delpb.
1074 2079 1345 2133 flach-6
1376 2080 1580 2132 Tbuan.
1617 2080 1830 2148 primus,
1847 2087 1904 2133 et
1923 2087 2143 2148 uterque
2171 2080 2312 2132 vict.
2331 2093 2468 2145 posse
2485 2083 2734 2129 eontra.-=-
2770 2086 2779 2094 ⁸

1517 2213 1571 2266 N
1576 2212 1738 2266 01·AE

525 2318 641 2369 eliis
663 2333 761 2385 per
776 2318 1003 2385 inopiam
1027 2320 1316 2372 occasionis
1336 2327 1585 2372 cunctau-
1667 2335 1821 2386 quam
1840 2320 1977 2371 illius
2003 2319 2092 2385 qui
2126 2318 2358 2371 exmalis
2383 2321 2547 2382 negat
2563 2317 2734 2367 Deum

526 2396 686 2460 tibus,
750 2397 853 2448 duo
907 2398 1182 2449 consilium
1233 2398 1585 2450 communica-

527 2479 719 2525 verunt
737 2473 1209 2542 perfeceruntque!

591 2558 617 2585 ⁷
653 2552 762 2609 Quo
781 2553 833 2602 is
853 2554 933 2618 re]
964 2551 1317 2604 Accusatione
1348 2552 1458 2604 sive
1492 2567 1588 2604 no·

524 2626 680 2678 minis
697 2627 957 2680 delatione
980 2629 1034 2680 in
1057 2629 1336 2681 Boethium
1359 2630 1523 2682 facta.

590 2712 625 2737 '¹
651 2705 824 2755 Nostri
863 2741 879 2757 .
899 2740 914 2757 .
938 2742 953 2759 .
976 2707 1209 2773 defectus]
1248 2708 1359 2758 Cur
1397 2707 1590 2758 bonnm

525 2782 778 2832 meliusve
813 2783 1046 2848 velimus,
1098 2798 1257 2837 causa
1309 2783 1594 2851 quaerends

525 2867 681 2908 extra
702 2873 817 2922 nos,
850 2860 1046 2927 quippe
1070 2861 1157 2926 qui
1181 2875 1246 2911 n.
1280 2859 1516 2910 Corinth.
1541 2864 1592 2909 8.

523 2936 540 2964 ‘
564 2950 667 2986 non
699 2951 873 2988 sumus
895 2937 1219 2990 sufficientes
1243 2939 1479 3002 cogitare
1502 2937 1595 2987 sli-

525 3012 651 3080 quid
693 3028 725 3064 a
756 3015 928 3079 nobis,
973 3016 1122 3082 qnasi
1161 3031 1229 3066 ex
1266 3015 1447 3065 nobis:
1497 3014 1593 3065 sed

526 3087 845 3141 sufficientia
878 3098 1061 3142 nostra
1092 3105 1161 3141 ex
1192 3091 1310 3140 Deo
1343 3088 1461 3141 est.’
1516 3089 1596 3140 At

527 3170 624 3215 cu'r
642 3167 835 3216 malum
857 3167 1155 3218 deteriusve
1175 3166 1415 3228 velimus,
1436 3180 1595 3217 causa

509 3234 617 3295 *est
638 3243 692 3293 in
707 3244 879 3305 nobis,
914 3259 1132 3310 quorum
1155 3249 1346 3308 utpote
1368 3242 1596 3294 infirmo·

527 3335 640 3370 rum
664 3327 748 3370 est
767 3334 920 3384 posse
945 3334 1184 3384 peccare.

592 3403 620 3431 ³¹
653 3398 953 3462 Inspeetante
971 3397 1106 3460 Deo]
1150 3396 1305 3450 Quod
1349 3398 1492 3448 Dens
1522 3396 1595 3448 sit

530 3487 731 3524 summe
775 3473 966 3534 bonus,
1000 3473 1343 3524 admiratione
1384 3475 1594 3526 videtur

530 3550 766 3614 dignum,
781 3548 973 3615 probos
997 3549 1063 3599 ab
1085 3550 1353 3614 improbis,
1374 3554 1494 3603 Deo
1514 3552 1592 3602 in-

528 3632 825 3692 spectante,
858 3625 1112 3690 opprimi:
1148 3626 1289 3677 unde
1329 3628 1382 3678 id
1416 3628 1591 3679 ‘mon-

694 3702 707 3715 0
766 3703 779 3716 ο
839 3701 854 3725 ,
913 3702 926 3715 0

529 3780 787 3830 dinarium
811 3784 1011 3830 nsturae
1033 3778 1286 3831 ordinem.

594 3864 618 3898 1
654 3856 858 3907 storum
874 3856 1416 3926 quidamfamiliarium]
1437 3858 1594 3910 Plato

530 3932 742 3999 quidem
767 3946 823 3986 x.
845 3932 913 3983 de
937 3935 1061 3998 Leg.
1097 3941 1156 3985 et
1191 3943 1313 4000 post
1335 3937 1479 3987 illum
1502 3937 1593 3987 Se·

527 4025 663 4060 neca
725 4010 825 4061 hoc
890 4018 1252 4075 argumentum
1317 4012 1592 4063 tractavit.

534 4089 785 4154 Quisquis
810 4094 987 4140 autem
1022 4087 1185 4139 fuerit
1213 4096 1402 4140 auctor
1437 4089 1593 4154 hujus

530 4162 868 4216 dilemmatis:
886 4165 971 4216 ‘Si
993 4165 1141 4215 Deus
1161 4172 1261 4228 est,
1279 4166 1415 4215 unde
1434 4166 1596 4217 mela?

532 4247 591 4291 at
613 4241 658 4290 si
679 4255 783 4292 non
806 4247 907 4303 est,
927 4240 1067 4291 unde
1090 4240 1228 4290 bona
1242 4240 1280 4291 ?’
1310 4241 1496 4292 melior
1517 4242 1594 4292 vi·

533 4317 690 4371 detur
721 4317 951 4371 conditio
974 4317 1109 4383 ejus,
1133 4317 1312 4382 quiex
1334 4317 1482 4371 bonis
1492 4318 1595 4390 nit,

1667 2400 1925 2450 existere:
1972 2399 2215 2466 quoniam
2272 2407 2402 2464 quot
2460 2397 2611 2460 bona,
2656 2402 2741 2446 tot

1669 2488 1791 2531 sunt
1804 2479 1909 2530 Dei
1928 2478 2206 2530 existentis
2228 2483 2559 2542 argumenta:
2592 2476 2740 2525 nnllo

1671 2563 1848 2607 antem
1873 2557 2007 2607 malo
2029 2554 2221 2621 conjici
2248 2560 2422 2619 potest
2444 2554 2617 2603 Deum
2634 2565 2742 2602 non

1672 2633 1922 2684 existere.

1734 2717 1757 2743 ⁸
1789 2709 1888 2759 Fas
1906 2704 2103 2772 fuerit]
2131 2706 2196 2758 Id
2220 2711 2321 2770 est,
2353 2706 2545 2755 liceat:
2578 2703 2595 2732 ⁸
2619 2701 2739 2753 fas'

1673 2785 1830 2848 enim,
1845 2784 2014 2851 inquit
2033 2786 2241 2848 Festus,
2257 2783 2448 2833 dicitur
2469 2777 2704 2831 s‘fando
2723 2795 2741 2830 ε

1676 2861 1822 2928 quasi
1842 2859 2007 2911 fatum
2031 2875 2064 2910 a
2095 2860 2237 2924 Diis,
2259 2858 2344 2908 vel
2367 2858 2551 2907 saitem
2571 2871 2604 2906 a
2628 2855 2741 2905 De·

1674 2952 1822 2987 orum
1845 2938 2118 2999 ministris,
2148 2935 2553 2987 Sacerdotibus:
2599 2934 2742 2996 sicut

1667 3012 1801 3078 ‘jus’
1818 3028 1854 3063 a
1871 3013 2081 3078 ‘jubeo'
2101 3013 2249 3079 qussi
2264 3013 2469 3083 jussum
2487 3025 2518 3060 a
2537 3010 2740 3075 Magis-

1673 3095 1845 3140 trstn:
1882 3089 2021 3140 unde
2040 3090 2227 3154 virgil.
2260 3089 2423 3139 Geor.
2447 3092 2487 3137 ι’.
2524 3102 2600 3137 vs.
2621 3091 2741 3136 268.

1673 3167 1690 3195 ‘
1716 3166 1925 3230 Quippe
1948 3166 2109 3217 etiam
2142 3164 2292 3215 festis
2328 3162 2562 3230 quaedam
2587 3177 2737 3213 exer-

1672 3258 1797 3294 cere
1819 3242 2000 3293 diebus
2021 3244 2123 3293 Fas
2145 3250 2200 3292 et
2210 3243 2334 3307 jura
2355 3239 2568 3292 sinunt!
2605 3240 2736 3290 Cum

1673 3320 1833 3386 igitur
1861 3320 1991 3371 nihil
2028 3320 2194 3384 magis
2237 3319 2438 3370 licitum
2471 3318 2558 3380 sit,
2580 3331 2735 3382 quam

1675 3397 1813 3463 quod
1839 3398 2000 3448 aDeo
2005 3397 2209 3462 jussum
2233 3396 2535 3460 dictumque
2555 3393 2738 3456 fuerit,

1670 3475 1867 3526 idcirco
1888 3475 1904 3502 ‘
1923 3473 2002 3524 fas
2018 3473 2194 3524 fuerit’
2216 3472 2357 3523 idem
2380 3471 2518 3537 quod
2540 3471 2715 3522 liceat.

1668 3578 1673 3583 -
1738 3560 1763 3587 ⁸
1797 3550 2028 3613 Nefas-ios
2048 3549 2280 3613 homines]
2294 3549 2592 3614 Improbos.
2627 3548 2736 3599 Ne·

1672 3627 1911 3692 fandum,
1954 3629 2125 3694 inquit
2170 3627 2422 3678 Asconius
2466 3625 2734 3676 Pedianus

1673 3705 1729 3756 in
1751 3702 1841 3756 111.
1863 3698 2045 3756 contre
2067 3705 2304 3760 Verrem,
2343 3709 2427 3754 est
2458 3701 2476 3731 ‘
2497 3716 2598 3752 non
2625 3701 2737 3751 fan·

1674 3784 1795 3833 dum
1815 3781 1851 3833 ε’
1894 3780 2167 3842 nefarium,
2190 3780 2331 3845 quod
2367 3793 2518 3830 sacra
2549 3778 2738 3843 polluit

1673 3859 1817 3911 farre
1851 3859 1939 3923 pio
1972 3860 2125 3909 solita
2155 3858 2443 3908 celebrari:
2479 3852 2606 3921 'ergo
2649 3870 2737 3907 ne·

1672 3935 1792 3987 sarii
1808 3937 2073 4000 sacrilegi.
2139 3934 2213 3985 At
2237 3935 2575 3999 putaverim!
2593 3931 2736 3984 nefa-

1674 4013 1828 4064 rium’
1852 4013 1921 4063 ab
1942 4014 2126 4064 eadem
2158 4028 2276 4063 esse
2314 4010 2534 4076 origine,
2567 4026 2597 4060 a
2635 4024 2738 4073 qna

1674 4090 1692 4120 ⁴
1716 4086 2033 4152 nefandum,'
2051 4088 2189 4155 quod
2214 4088 2296 4138 vir
2330 4086 2597 4152 improbus
2622 4086 2734 4149 dig-

1674 4181 1772 4217 nus
1815 4182 1919 4217 non
1954 4166 2044 4230 sit,
2083 4166 2171 4232 qui
2209 4164 2369 4215 fando
2403 4163 2732 4214 celebretur:

1674 4243 1750 4294 sic
1775 4237 1974 4312 dicitur
1997 4242 2344 4307 detestabilis,
2370 4254 2524 4309 quem
2547 4237 2734 4290 testari

1672 4319 1838 4373 nefas.
2057 4314 2063 4320 ’
2514 4349 2519 4354 -
