3049 4928
628 412 935 465 Bou'rffll
986 416 1083 466 ΠΒ
1126 415 1438 466 consul..
1483 414 1928 464 Pinnos-orn.
1978 416 2126 464 Lm.
2172 417 2272 464 lv.

358 556 558 622 ἆστέρας
579 556 852 623 σχημάτων,
883 560 899 589 ⁶
920 566 1039 625 post
1078 560 1285 611 ordines
1308 559 1415 610 An-

357 636 608 699 gelorum,
653 638 959 687 Daemonum
1008 638 1168 687 series
1221 637 1416 688 consti-

356 712 480 774 tuit,
536 712 763 778 aliosque
804 728 979 763 eorum
1039 715 1417 765 intellectuales

355 795 583 851 tantum,
612 788 743 838 alios
779 805 901 839 vero
938 792 1206 842 intellectu
1244 798 1299 841 et
1338 805 1418 840 ra-

357 864 501 914 tione
551 866 821 929 praeditos,
872 869 999 918 alios
1053 870 1163 919 sola
1216 869 1419 919 ratione

358 951 695 1006 constantes3
729 946 843 995 aliis
888 961 1012 996 vero
1053 962 1169 996 cum
1220 947 1422 997 ratione

360 1019 522 1069 etiam
566 1020 866 1077 irrationale
915 1023 1129 1085 triburin
1160 1030 1420 1073 extremos

358 1095 585 1161 denique
636 1099 946 1149 Daemonum
1001 1101 1051 1149 in
1106 1114 1299 1150 meram
1354 1101 1423 1150 ir-

360 1173 771 1224 rationalitatem
822 1176 1075 1237 detrudit,
1125 1191 1311 1242 eosque
1345 1176 1423 1227 id·

364 1245 507 1297 circo
530 1249 825 1299 materiales
867 1257 923 1301 et
957 1254 1185 1316 poenales
1225 1252 1425 1318 indige—

363 1330 473 1373 tat:
511 1339 688 1374 omnes
710 1334 883 1376 autem
908 1342 989 1377 res
1012 1336 1214 1379 creatas
1236 1329 1299 1379 iis
1336 1345 1427 1392 gu-

364 1400 661 1452 bernandas
698 1405 958 1468 attribuit,
991 1421 1054 1456 eo
1096 1406 1221 1469 fine,
1260 1414 1318 1458 ut
1362 1409 1427 1458 ab

365 1479 442 1530 eis
459 1479 789 1532 vivificentur
828 1488 883 1532 et
916 1485 1062 1548 quasi
1097 1484 1427 1550 inspirentur.

363 1556 575 1607 Idcirco
597 1558 710 1608 aliis
731 1560 937 1624 quidem
972 1562 1161 1625 ignem,
1193 1563 1307 1612 aliis
1343 1564 1430 1614 ae·

366 1647 498 1697 rem,
530 1635 643 1684 aliis
678 1651 880 1700 aquam,
913 1638 1026 1687 aliis
1064 1638 1287 1705 denique
1326 1650 1428 1690 ter-

368 1723 480 1759 ram
517 1712 827 1764 committit:
865 1715 1111 1779 quosdam
1146 1717 1302 1766 etiam
1346 1731 1428 1768 re·

366 1784 574 1850 gionum
638 1787 921 1854 principes,
974 1791 1101 1841 alios
1152 1807 1426 1857 corporum

365 1862 644 1926 praefectos
676 1872 734 1915 et
764 1867 999 1917 materiae
1031 1869 1271 1919 custodes
1306 1885 1426 1919 cou-

367 1939 572 1992 stituit:
606 1944 794 1992 nostris
817 1959 938 1995 vero
959 1947 1139 1996 animis
1163 1962 1251 1998 eos
1287 1949 1427 1999 illabi
1451 1977 1454 1982 ·

368 2015 464 2072 ait,
497 2029 596 2066 non
627 2026 846 2082 propter
881 2020 1054 2071 odium
1091 2024 1173 2073 vel
1203 2025 1429 2075 malevo-

369 2092 607 2155 lentiam,
638 2095 729 2145 sed
751 2096 894 2160 quasi
918 2105 1143 2149 tortores
1179 2108 1236 2150 et
1273 2103 1427 2153 casti-

368 2176 578 2231 gatores
594 2187 775 2223 eorum
792 2189 904 2238 quae
925 2177 1080 2226 animi
1098 2178 1428 2245 deliquerint.

370 2248 642 2300 Praeterea
661 2258 860 2300 mentes
880 2259 1084 2304 nostras
1106 2270 1194 2307 eos
1227 2257 1295 2307 ad
1330 2273 1432 2308 ma-

371 2325 557 2373 teriam
601 2326 893 2391 incurvare,
944 2344 1046 2381 non
1089 2333 1299 2396 quidem
1324 2334 1430 2390 ,lae-

371 2399 530 2451 dendi
552 2417 640 2452 eas
663 2404 852 2469 animo,
884 2407 977 2456 sed
1012 2414 1071 2456 ut
1103 2409 1308 2458 illorum
1343 2411 1429 2459 de-

372 2478 531 2530 decus
553 2480 733 2531 harum
772 2483 836 2533 ad
864 2484 978 2534 illos
1012 2485 1313 2537 habitudine
1349 2502 1432 2537 re-

373 2565 736 2620 praesentetur.
802 2561 937 2610 Iram
995 2576 1119 2611 vero
1162 2570 1219 2613 et
1273 2563 1434 2626 impu-

373 2632 606 2684 dentiam
629 2636 710 2698 iis,
742 2644 901 2700 prout
924 2639 1102 2701 pardis
1126 2647 1180 2689 et
1204 2641 1434 2691 leonibus

373 2710 635 2775 assignat:
687 2726 879 2779 eosque
921 2717 1223 2779 corporibus
1268 2719 1435 2768 tenui-

372 2788 471 2838 bus
488 2798 542 2840 et
564 2790 717 2841 aiii-iis
739 2805 1021 2856 parumque
1057 2794 1436 2856 resistentibus,

372 2883 478 2919 non
516 2869 752 2919 rotundis
789 2870 942 2921 modo
978 2871 1068 2919 sed
1106 2878 1164 2921 et
1198 2871 1435 2937 oblongis

374 2945 591 2995 amictos
632 2947 837 3009 statuit,
891 2962 1007 3011 quae
1053 2961 1232 3010 pamm
1288 2948 1439 3013 lucis,

375 3023 592 3072 multum
614 3030 834 3072 terreuae
859 3024 1095 3088 caliginis
1116 3023 1435 3075 contineant.

376 3099 737 3163 Cognitionem
774 3107 945 3151 autem
985 3115 1175 3163 rerum,
1207 3108 1263 3151 et
1299 3100 1438 3151 futu·

377 3191 549 3227 rorum
574 3177 946 3240 praescieutiam
968 3178 1049 3240 iis,
1080 3186 1189 3228 tum
1215 3193 1281 3228 ex
1307 3180 1437 3228 mul·

378 3253 447 3302 tis
472 3253 599 3315 aliis,
620 3261 729 3303 tum
752 3254 973 3304 maxime
996 3269 1063 3304 ex
1083 3263 1334 3306 astrorum
1359 3271 1439 3305 as-

377 3331 615 3395 pectibus
634 3330 897 3395 assignat.’
962 3333 1248 3383 Multarum
1280 3332 1439 3394 igitur

377 3421 551 3463 rerum
589 3408 811 3457 virtutes
847 3420 911 3456 ac
949 3407 1192 3457 scientias
1227 3409 1439 3466 callent,

380 3484 494 3546 sed,
525 3490 582 3533 ut
607 3483 683 3533 ait
704 3483 831 3533 ibid.
851 3483 1022 3548 Philo,
1055 3498 1156 3533 non
1189 3482 1325 3547 ὀρθοῦ
1357 3482 1439 3533 λό-

378 3577 471 3623 γου
504 3559 768 3632 θυγατέραςΙ
795 3562 982 3610 ‘rectae
1028 3560 1239 3611 rationis
1269 3560 1440 3610 filias!

430 3715 545 3771 ,Seu
564 3716 843 3766 Doemoaum
875 3715 1011 3766 varia
1044 3714 1259 3779 solertia]
1297 3716 1439 3764 Mar-

379 3794 509 3847 tian.
536 3793 751 3857 Capella
770 3794 860 3843 lib.
887 3806 952 3843 ιι.
990 3795 1076 3844 De
1101 3794 1267 3856 Nupt.
1299 3792 1437 3841 Phil.

383 3870 564 3933 Graeci
584 3870 794 3933 δαίμονες
809 3872 989 3921 dicunt
1007 3872 1101 3922 ἀπὸ
1112 3872 1198 3920 τοῦ
1211 3869 1442 3932 δαήμονας

382 3944 518 4000 εἶναι.
581 3949 600 3978 ‘
623 3948 793 3999 Latini
847 3948 1190 3999 Medioximos
1245 3949 1440 3999 vocita-

381 4021 540 4077 runt!
605 4024 919 4088 Opinionem
947 4033 1119 4075 autem
1142 4026 1441 4076 Platonico-

381 4115 519 4164 rum,
550 4103 838 4164 praesertim
860 4101 1072 4166 Apuleii
1097 4102 1163 4151 de
1183 4102 1442 4152 Daemoni-

381 4177 483 4231 bus
506 4176 637 4226 aeris
660 4179 833 4229 multis
856 4178 1134 4241 examinat,
1156 4192 1441 4243 vanamque

385 4267 522 4302 esse,
550 4253 871 4307 demonstrat
922 4255 985 4304 B.
1030 4253 1300 4318 Augustin.
1352 4255 1444 4306 lib.

386 4341 516 4380 vm.
542 4343 623 4380 ix.
644 4336 710 4382 et
723 4345 781 4381 x.
805 4330 886 4383 De
902 4331 1021 4383 Civ.
1048 4330 1165 4382 Dei.
1198 4330 1365 4383 Sitzm.

2423 400 2554 466 539

1557 560 1655 611 Seu
1678 560 1912 624 omnibus]
1947 562 2035 612 Sic
2061 562 2296 627 profecto
2319 568 2418 611 est.
2452 560 2556 608 De·

1490 638 1724 688 serviunt
1739 637 1997 689 conditori
2027 654 2120 689 suo
2159 639 2556 704 sirpercoelestes

1491 714 1565 764 illi
1611 715 1841 779 spiritus,
1876 715 1966 780 qni
2007 729 2185 766 coram
2230 730 2294 766 eo
2339 714 2555 779 propius

1492 792 1757 841 assistunt.
1822 792 2149 858 obsequitur
2172 792 2361 843 Anima
2389 805 2559 841 mens-

1494 883 1595 933 que
1616 869 1860 918 Uuiversi
1883 883 1974 919 seu
2005 875 2118 919 tota
2142 870 2367 931 Natura,
2398 869 2557 918 vitam

1495 944 1925 1008 administrando,
1957 946 2187 996 ordinem
2211 946 2430 995 inditum
2453 951 2558 994 tam

1496 1023 1651 1072 enixe
1691 1023 1947 1074 obeundo.
2014 1024 2352 1074 Famulantur
2392 1028 2558 1073 astro·

1499 1114 1610 1148 rum
1632 1101 1779 1163 ignes
1804 1106 1885 1150 tot
1904 1100 1971 1149 ad
1994 1100 2264 1151 commoda
2289 1100 2559 1150 miracula-

1500 1190 1602 1240 que
1624 1190 1654 1225 e
1679 1178 1811 1226 coelo
1832 1175 2114 1240 fulgentes.
2180 1178 2380 1227 Parent
2417 1176 2561 1226 deni-

1501 1268 1602 1317 qne
1624 1253 1835 1317 utrique
1856 1253 2093 1316 δαίμονεςς
2127 1255 2200 1304 illi
2222 1254 2429 1320 quidem
2462 1254 2562 1303 vir-

1501 1330 1644 1394 tutis,
1679 1331 1728 1380 hi
1769 1345 1892 1381 vero
1930 1332 2178 1397 nequitiae
2223 1332 2561 1381 consultores.

1499 1406 1587 1455 Ita
1606 1407 1813 1472 quidem
1848 1407 2022 1457 omnia
2040 1409 2146 1457 Dei
2184 1406 2563 1472 providentiam

1500 1485 1801 1547 observant,
1841 1485 2261 1551 exequendisque
2306 1485 2420 1549 ejus
2473 1486 2564 1533 de·

1500 1561 1659 1610 cretis
1704 1570 1896 1625 praesto
1950 1569 2087 1626 sunt,
2137 1562 2356 1623 sed,·nt
2396 1563 2565 1626 inquit

1499 1635 1778 1701 Augustin.
1802 1637 1895 1702 [de
1911 1638 2065 1689 Civit.
2086 1640 2191 1688 Dei
2213 1639 2301 1689 lib.
2322 1637 2425 1702 un]
2446 1639 2462 1666 ‘
2480 1653 2562 1688 or-

1499 1711 1620 1761 dine
1644 1721 1699 1762 et
1717 1720 1954 1777 tempore
1976 1716 2183 1765 occulto
2207 1715 2374 1778 nobis,
2405 1713 2565 1764 notis-

1499 1788 1630 1838 simo
1654 1787 1789 1839 sibi!
1857 1790 1943 1840 Ne
1983 1791 2213 1840 mortalis
2253 1791 2389 1839 scire
2431 1788 2566 1839 desi·

1493 1865 1655 1937 ders:
1691 1868 1806 1933 quis
1830 1869 1963 1919 enim
1988 1882 2063 1931 es,
2095 1874 2154 1917 ut
2192 1868 2403 1917 noveris
2444 1881 2565 1916 con·

1498 1943 1668 1992 silium
1710 1944 1960 1994 Domini:
2002 1951 2092 1994 aut
2130 1946 2242 2010 quis
2282 1959 2412 2008 opus
2459 1951 2565 1993 tam

1501 2023 1813 2087 stupendum
1838 2025 2055 2076 scientia
2095 2025 2342 2090 consequi
2384 2024 2568 2089 possit,

1501 2103 1671 2152 Deus!
1708 2103 1805 2152 nisi
1829 2112 2026 2155 aeterna
2067 2111 2161 2154 tua
2196 2104 2287 2153 illa
2315 2102 2568 2166 ‘Sapien-

1502 2178 1616 2240 tia,'
1638 2195 1751 2244 qum
1775 2181 1791 2209 ‘
1810 2181 1921 2230 sola
1943 2188 2115 2230 tecum
2146 2181 2333 2231 aderat
2363 2180 2567 2244 quando

1503 2263 1693 2305 cuncta
1712 2257 2057 2322 componebas
2069 2257 2102 2306 ?’
2141 2256 2318 2306 Vallia.

1571 2332 1747 2381 Fatum
1765 2347 1874 2381 vero
1896 2347 2053 2382 eorum
2073 2347 2179 2395 quoe
2199 2332 2363 2381 divino
2385 2332 2569 2394 simpli-

1502 2406 1626 2455 citas
1662 2409 1870 2470 gerendo
1914 2423 2011 2458 esse
2053 2408 2305 2472 disposuit,
2357 2408 2569 2457 mobilem

1503 2499 1679 2533 nexum
1753 2490 1893 2549 utque
1967 2485 2178 2534 ordinem
2247 2482 2569 2546 temporalem]

1505 2557 1678 2621 Agell.
1717 2559 1809 2610 lib.
1833 2575 1913 2610 vi.
1945 2575 2061 2624 cap.
2083 2566 2131 2610 2.
2165 2563 2181 2589 ‘
2203 2562 2387 2610 Fatum
2431 2561 2567 2625 quod

1507 2633 1685 2684 Groeci
1728 2633 2032 2700 πεπρωμένην
2067 2637 2150 2686 vel
2180 2634 2455 2700 εἱμαρμένην
2483 2651 2571 2686 vo·

1508 2718 1651 2773 cant,
1667 2711 1731 2761 ad
1756 2713 1886 2763 hanc
1902 2713 2068 2763 ferme
2085 2714 2391 2764 sententiam
2412 2714 2573 2778 Chry-

1508 2788 1689 2851 sippus
1709 2789 1903 2840 Stoicae
1931 2791 2187 2855 Princeps
2222 2790 2571 2853 Philosophiae

1509 2864 1724 2915 definit:
1778 2867 1963 2917 Fatum
2009 2876 2108 2929 est,
2149 2866 2337 2931 inquit,
2384 2867 2572 2931 sempi-

1511 2950 1660 2991 terna
1683 2942 1916 3007 quiedam
1939 2950 1994 2992 et
2011 2943 2394 2994 indeclinabilis
2413 2945 2573 2994 series

1511 3033 1705 3081 rernm,
1739 3027 1794 3070 et
1829 3027 2017 3071 catena
2049 3022 2261 3070 volvens
2294 3021 2575 3085 semetipsa

1510 3111 1624 3146 sese
1647 3104 1702 3146 et
1727 3097 1996 3162 implicans
2016 3113 2110 3162 per
2141 3103 2364 3147 aeternos
2395 3111 2572 3146 conse·

1512 3173 1740 3236 quentiae
1791 3172 2021 3233 ordines,
2077 3188 2144 3223 ex
2194 3171 2381 3237 quibus
2426 3180 2573 3235 apta,

1513 3263 1852 3314 connexaque
1874 3249 1990 3299 est!
2021 3249 2193 3299 Sitzm.
2561 3292 2568 3301 ,

1576 3326 1621 3376 Α
1662 3327 1821 3389 prima
1849 3326 2024 3389 mente]
2058 3326 2190 3375 Post
2228 3339 2475 3374 summum
2511 3339 2572 3374 ac

1513 3401 1946 3466 simplicissimum
1972 3403 2163 3462 Deum,
2181 3408 2462 3466 sequuntur
2486 3401 2574 3452 be·

1513 3480 1587 3528 ati
1612 3479 1687 3528 illi
1710 3480 1921 3541 spiritus
1956 3480 2044 3543 qni
2075 3480 2395 3543 majestatem
2419 3480 2576 3530 Crea-

1515 3555 1644 3604 toris
1684 3554 1920 3619 proxime
1958 3555 2245 3616 intuentur,
2289 3556 2445 3605 iidem
2499 3555 2575 3604 illi

1515 3631 1774 3695 simplices
1819 3645 2039 3697 quoque.
2106 3632 2170 3681 In
2209 3633 2355 3682 Goelo
2397 3631 2574 3693 etiam,

1513 3709 1651 3773 quod
1696 3710 1819 3757 θεῖον
1859 3713 2016 3759 vocat
2057 3706 2384 3769 Aristoteles,
2438 3705 2577 3772 quod

1514 3792 1596 3834 est
1639 3784 1900 3847 superius,
1940 3781 2185 3844 ἀσώματος
2226 3783 2391 3843 οὐσίας
2436 3783 2576 3847 quod

1513 3874 1640 3910 vero
1662 3859 1892 3924 inferius,
1915 3861 2156 3923 σωματικὴ
2175 3860 2368 3909 dicitur
2389 3859 2577 3909 Hiero-

1515 3939 1604 3988 cli.
1668 3938 1905 4001 Ipsorum
1930 3939 2233 3988 Daemonnm
2269 3948 2423 4002 atque
2445 3935 2578 3985 adeo

1518 4015 1801 4069 Hominum
1834 4014 1984 4077 ψυχὴ,
2012 4014 2183 4075 noym),
2222 4012 2429 4077 quidem
2474 4018 2576 4074 est,

1516 4092 1607 4140 sed
1630 4091 1750 4152 μετὰ
1770 4092 1992 4154 φατεινοῦ
2011 4090 2089 4144 καὶ
2102 4090 2336 4152 συμφυοῦς
2349 4088 2583 4150 σώματος.

1518 4168 1729 4218 Deinde
1753 4168 1865 4231 ipse
1888 4167 2053 4232 Ignis,
2082 4169 2171 4232 qui
2208 4167 2340 4217 coelo
2377 4166 2577 4216 vicinus

1517 4251 1621 4309 est,
1639 4243 1783 4294 ἅῦλυς
1801 4244 1941 4308 apud
1973 4244 2290 4306 Simplicium
2329 4243 2486 4306 [com.
2523 4242 2576 4292 iu

1518 4334 1600 4374 lv.
1624 4320 1860 4387 Physic.]
1894 4318 2041 4371 εἴδους
2062 4317 2212 4381 λόγον
2242 4318 2344 4382 ἔχει
2371 4316 2484 4383 πρὸς
2515 4318 2578 4370 τὰ
