3049 4928
526 383 658 451 488

521 547 605 594 est
627 555 789 593 xxxt-
805 539 895 592 lib.
919 553 973 592 v.
1037 541 1195 590 Nota
1226 555 1431 605 qnoque
1453 540 1583 590 Pro·

523 620 580 670 bi
601 621 666 669 V.
685 620 753 670 D.
799 621 814 648 ‘
839 619 934 668 Vir
971 619 1210 668 Devotus
1229 619 1262 667 :²
1296 618 1398 667 alio
1421 618 1584 667 omni-

523 710 592 745 no
629 710 802 758 sensu,
831 710 987 760 quam
1008 709 1112 760 quo
1143 695 1348 759 accepit
1369 694 1584 744 doctiss.

522 773 755 837 Scaliger
797 773 864 823 ad
919 772 1219 823 Ausonium.
1304 774 1419 821 Una
1466 787 1585 822 cum

522 850 785 914 Magistro
808 847 1110 900 officiorum
1125 850 1209 913 jus
1231 848 1425 899 dixisse
1446 849 1586 913 ejus·

525 940 627 989 que
675 925 813 975 vices
859 924 1179 989 supplevisse
1224 933 1423 974 certum
1468 930 1581 976 est:

526 1001 755 1068 principi
789 1015 999 1067 quoque
1042 1000 1106 1049 ab
1152 1015 1214 1050 eo
1259 1001 1586 1065 presentari,

526 1085 804 1143 antequam
837 1076 903 1127 ad
938 1076 992 1125 id
1017 1075 1172 1126 officii
1205 1078 1585 1141 admitteretur,

526 1154 755 1214 solitum,
776 1153 916 1217 apud
957 1152 1320 1204 cassiodorum
1357 1154 1502 1216 legas
1533 1156 1587 1204 in

523 1228 744 1281 formula
777 1230 1100 1293 Magisteriae
1141 1230 1409 1296 diguitatis
1441 1233 1477 1282 l.
1504 1246 1584 1283 m.

523 1306 605 1357 his
630 1306 816 1370 verbis,
848 1309 863 1336 ‘
889 1306 1116 1371 Adjutor
1155 1308 1310 1357 etiam
1341 1309 1587 1371 Magistri

523 1382 715 1433 nostris
738 1392 1084 1445 praesentatur
1101 1381 1398 1434 obtutibus:
1437 1394 1493 1435 ut
1515 1386 1586 1435 vi-

524 1461 665 1510 caria
707 1465 842 1509 sorte
896 1459 1137 1510 beneficii
1180 1461 1431 1526 eligamus
1470 1463 1586 1527 ejus

525 1537 840 1601 praesidium‚
863 1537 950 1602 qui
972 1537 1121 1587 nobis
1144 1545 1356 1601 praestat
1376 1539 1480 1590 fide
1504 1556 1586 1589 so-

522 1613 741 1665 latium!
809 1615 974 1664 Porro
1013 1615 1312 1665 Decoratus
1345 1617 1426 1666 bic
1450 1616 1586 1666 filius

524 1689 686 1742 fuisse
730 1691 938 1741 videtur
979 1691 1231 1741 Decorati
1275 1693 1588 1756 Quaestoris,

525 1768 703 1819 fratris
747 1775 870 1819 natu
912 1768 1123 1831 majoris
1187 1768 1460 1830 Honorati,
1499 1770 1588 1834 qui

525 1844 679 1895 fratri
704 1846 754 1893 iu
775 1846 1048 1896 Quaestura
1065 1844 1296 1907 palatina
1318 1847 1588 1910 successit,

527 1922 668 1986 apud
694 1922 1054 1971 cassiodorum
1076 1921 1175 1984 Ep.
1207 1935 1295 1972 ιιι.
1319 1930 1374 1972 et
1398 1936 1473 1973 ιν.
1494 1924 1586 1975 lib.

531 2014 585 2050 v.
639 2000 724 2048 De
746 1998 933 2063 quibus
966 1998 1175 2047 doctiss.
1198 1999 1496 2049 Sirmondus
1519 2003 1586 2051 ad

527 2075 698 2139 Epist.
716 2088 861 2125 xvu.
883 2074 971 2124 lib.
993 2087 1075 2122 ιν.
1109 2074 1353 2139 Ennodii,
1369 2093 1481 2140 quae
1506 2086 1588 2129 est

530 2153 648 2216 ejus
691 2151 758 2201 ad
799 2150 1020 2200 eundem
1059 2151 1381 2202 Decor-atum
1424 2155 1589 2205 senio·

531 2243 658 2277 rem.
700 2227 875 2275 Vallia.

601 2305 793 2353 Utcam
831 2304 1094 2370 Decorato]
1149 2306 1279 2359 Quis
1302 2305 1426 2356 ille?
1480 2305 1589 2356 Ne-

528 2381 801 2447 quissimus
819 2395 996 2431 scurra
1018 2390 1074 2433 et
1096 2383 1315 2447 delator,
1339 2389 1397 2433 ut
1413 2392 1593 2434 noster

526 2458 730 2509 subdit:
783 2458 957 2510 haereo
993 2475 1114 2510 num
1153 2459 1291 2510 idem
1328 2460 1395 2511 ad
1438 2477 1589 2526 quem

527 2535 834 2585 Theudorici
853 2537 1011 2601 Regis
1030 2544 1180 2587 extat
1196 2537 1428 2600 Epistola
1449 2539 1586 2600 apud

527 2611 892 2663 cassiodorum
946 2612 1038 2665 lib.
1096 2624 1149 2663 τ’.
1207 2614 1378 2678 Epist.
1421 2627 1587 2667 xxxt.

524 2689 758 2741 Ber-nm.
1568 2696 1571 2699 ’

592 2766 817 2816 Reddam&
844 2766 1045 2831 improbi
1070 2782 1235 2831 parem
1269 2768 1589 2831 dignitatibus

527 2841 696 2907 viem]
747 2842 883 2893 Vide
906 2858 1023 2907 quae
1048 2845 1222 2893 notavi
1244 2843 1311 2893 ad
1333 2845 1482 2895 Pros.
1506 2858 1586 2896 vs.

525 2919 563 2968 1.
587 2932 651 2969 ιι.
685 2918 857 2969 Sitzm.

598 2995 891 3047 Umbratiles
908 2996 1197 3059 dignitates]
1215 2996 1429 3047 Umbrae
1447 2997 1587 3047 enim

528 3071 693 3122 instar
725 3079 1009 3122 vanescunt
1041 3071 1200 3123 illico.
1267 3074 1283 3101 ‘
1303 3073 1587 3138 Imperium

530 3149 836 3213 umbratile,’
889 3148 1144 3199 Ammian.
1200 3149 1491 3200 Marcellin.
1532 3150 1587 3200 in

527 3224 620 3276 fin.
659 3225 749 3276 lib.
788 3238 914 3275 xx1.
978 3225 994 3254 ‘
1020 3225 1204 3276 Eidem
1242 3227 1465 3279 Joviano
1495 3227 1588 3276 im-

529 3302 731 3365 perinm
769 3302 1000 3366 quidem,
1021 3301 1113 3352 sed
1154 3318 1352 3352 cassum
1392 3312 1447 3353 et
1480 3319 1590 3353 um·

525 3376 735 3441 bratile,
756 3388 814 3428 ut
846 3380 1082 3429 ministro
1103 3394 1273 3430 rerum
1295 3380 1590 3431 funebrium

526 3453 947 3518 portendebant.’
984 3457 1138 3506 Idem.

598 3530 881 3594 Consulatu]
914 3531 1100 3595 Elogia
1138 3532 1403 3596 praecipua
1434 3532 1595 3596 hujus

526 3605 800 3667 dignitatis
849 3607 1111 3671 congessit
1148 3607 1237 3656 Fr.
1279 3607 1495 3658 Juretus
1535 3611 1589 3658 in

526 3680 819 3731 Miscellau.
838 3681 903 3731 ad
921 3681 1213 3745 Symmachi
1229 3681 1415 3733 librum
1434 3699 1588 3749 quar-

529 3760 639 3806 tum
663 3757 835 3820 Epist.
862 3763 910 3808 8.
941 3758 1091 3809 Idem·

533 3886 536 3887 a
593 3835 746 3899 Atqui
762 3834 1003 3899 proetara]
1033 3835 1121 3884 Sic
1142 3834 1360 3900 legimus
1378 3851 1444 3887 ex
1467 3837 1585 3890 cod.

526 3913 695 3962 altero
716 3914 955 3976 Timauo,
970 3913 1280 3978 jamdudum
1302 3915 1440 3966 idem
1463 3931 1585 3967 cen-

526 3996 673 4041 sente
693 3989 905 4040 doctiss.
933 3990 1026 4057 ῥα.
1061 3989 1293 4054 Cujacio.
1360 3992 1586 4056 Vigente

526 4065 711 4129 repub.
736 4067 884 4119 Rom.
917 4065 1184 4130 dignitatis
1219 4067 1366 4131 bujus
1400 4083 1589 4132 magna

525 4148 766 4207 potestas
800 4140 935 4193 fuit:
988 4149 1261 4208 postquam
1303 4144 1588 4208 Imperatoo

527 4233 616 4270 res
639 4225 722 4270 tot
744 4227 864 4284 post
883 4220 1218 4284 magistratus
1233 4221 1590 4287 instituerunt,

525 4310 591 4353 §a
608 4297 754 4349 oneri
769 4296 1132 4350 exercentibus
1143 4296 1467 4349 senatoribus
1482 4305 1590 4350 tan,

1211 395 1430 447 No'rAE
1479 393 1879 444 vulnotum
1937 391 2017 441 m

1661 546 1768 588 tum
1790 537 1913 601 fnit,
1948 536 2088 602 quod
2128 537 2233 587 suis
2275 536 2571 601 sumptibus
2608 534 2711 586 Cir·

1661 630 1842 666 censes
1865 623 1920 666 et
1942 615 2188 666 Scenicos
2223 614 2374 664 ludos
2393 614 2711 663 exhiberent.

1668 691 1841 742 Vallis.

1725 770 1875 833 Atqui
1903 769 2200 830 Praesectara
2234 782 2404 830 magna
2438 766 2552 816 olim
2568 771 2718 828 potes·

1660 843 1758 907 ¹tas]
1812 846 2121 895 Rectissime
2164 845 2267 894 Ms.
2321 841 2520 893 Erfurt.
2569 841 2720 905 Atqui

1663 922 1908 982 Praetura,
1928 925 2008 984 &c-
2057 922 2321 971 Praetores
2342 920 2479 968 enim
2494 933 2601 967 non
2615 917 2724 966 sine

1662 999 1920 1048 immensis
1940 997 2231 1062 sumptibus
2254 997 2402 1046 ludos
2447 996 2724 1046 Circenses

1662 1075 1819 1125 edere
1851 1075 2102 1126 solebant.
2165 1074 2402 1123 Priorem
2440 1072 2724 1122 lectionem

1659 1152 1840 1203 falsam
1862 1167 1996 1215 esse,
2019 1160 2141 1203 aute
2163 1152 2360 1217 aliquot
2383 1166 2550 1200 annos
2570 1149 2723 1199 etiam

1662 1229 2312 1281 observavitexcelleutiss.
2333 1228 2601 1292 Cujacius.
2616 1228 2726 1276 Lex

1662 1321 1703 1357 ι.
1747 1314 1787 1356 t.
1832 1311 1880 1356 2.
1947 1307 2034 1356 De
2076 1306 2397 1355 Praetoribus
2437 1312 2496 1354 et
2534 1305 2724 1354 bonore

1663 1384 1831 1433 Praet.
1854 1387 1952 1433 διο.
1976 1385 2008 1433 l.
2030 1393 2134 1432 κει.
2188 1384 2205 1411 ‘
2231 1382 2398 1433 Nemo
2422 1396 2488 1429 ex
2508 1380 2726 1430 clarissi-

1663 1460 1757 1509 mis
1780 1468 1834 1509 et
1866 1458 2255 1523 spectabilibus,
2287 1458 2377 1523 qui
2407 1459 2460 1507 in
2500 1457 2725 1507 Provina·

1663 1537 1754 1587 ciis
1774 1536 1992 1599 degunt,
2011 1536 2074 1584 ad
2109 1536 2402 1585 Praeturam
2428 1541 2616 1598 postea
2638 1534 2724 1583 de·

1663 1621 1905 1664 vocetur:
1955 1619 2161 1662 maneat
2196 1613 2549 1677 unusquisque
2586 1611 2724 1662 domi

1664 1704 1768 1738 suae
1794 1696 1936 1738 tutus
1972 1696 2128 1754 atque
2162 1704 2394 1752 securus,
2417 1704 2513 1738 sua
2534 1695 2592 1739 et
2615 1687 2720 1751 dig-

1662 1766 1829 1816 nitate
1867 1764 2116 1816 laetetur.’
2190 1765 2274 1815 Ad
2319 1781 2471 1831 quam
2517 1767 2556 1817 1.
2599 1767 2719 1817 ille:

1664 1843 1919 1906 Praetura,
1956 1842 2146 1906 inquit,
2172 1857 2301 1892 onus
2324 1841 2424 1891 fuit
2460 1842 2724 1891 Senatori-

1663 1933 1770 1980 um,
1802 1918 1909 1968 No.
1942 1919 2039 1967 Tb.
2070 1933 2137 1967 ne
2174 1917 2289 1968 dec.
2313 1918 2377 1967 ad
2409 1917 2597 1968 Senat.
2618 1919 2719 1983 dig.

1663 2010 1772 2059 asp.
1840 1996 1993 2044 Hanc
2018 1995 2152 2045 enim
2174 1996 2478 2060 dignitatem
2504 1997 2722 2045 Senator

1663 2074 1751 2137 qui
1786 2072 2124 2135 suscipiebat,
2155 2071 2259 2121 suis
2294 2071 2588 2135 sumptibus
2614 2072 2719 2122 Cir-

1664 2162 1848 2198 censes
1872 2156 1928 2198 et
1950 2148 2197 2198 Scenicos
2235 2149 2382 2198 ludos
2421 2148 2719 2198 exhibebat.

1663 2225 1880 2275 Boetius
1904 2239 1992 2275 ιιι.
2041 2228 2128 2276 De
2148 2226 2412 2275 Consolat.
2447 2227 2462 2253 ‘
2482 2226 2721 2275 Praetura

1662 2315 1849 2368 magna
1869 2304 1987 2353 olim
2012 2312 2266 2368 potestas,
2288 2317 2424 2352 nunc
2457 2303 2616 2352 inane
2636 2317 2720 2352 no-

1663 2395 1778 2431 meu
1813 2387 1867 2430 et
1905 2380 2168 2431 Senatorii
2207 2395 2389 2430 census
2413 2380 2589 2444 gravis
2617 2393 2720 2428 sar-

1663 2459 1780 2510 cina
1797 2456 1831 2508 :’
1861 2457 1948 2508 ubi
1974 2460 2126 2524 vulgo
2146 2458 2280 2508 male
2300 2457 2496 2522 legitur
2518 2457 2725 2518 Profeca

1662 2542 1790 2596 tara,
1810 2535 1950 2585 sicut
1972 2536 2100 2584 etin
2138 2536 2233 2585 hac
2269 2536 2384 2599 lege
2418 2534 2723 2599 quibusdam

1663 2611 1944 2675 codicibus,
1960 2617 2016 2667 et
2038 2611 2090 2660 in
2114 2611 2150 2660 Ι.
2175 2612 2267 2661 ult.
2290 2609 2424 2661 infra
2448 2611 2515 2660 de
2538 2612 2718 2660 Silent.

1667 2689 1799 2740 Hoec
1820 2704 2033 2753 magnus
2052 2690 2137 2738 ille
2158 2690 2191 2740 J
2198 2688 2301 2738 uris
2316 2689 2557 2738 antistes.
2591 2688 2726 2738 vide

1663 2769 1820 2819 etiam
1841 2767 1991 2817 Alex.
2005 2767 2071 2817 ab
2095 2765 2576 2816 Alexand.Geuial.
2597 2764 2723 2815 dier.

1663 2843 1756 2894 lib.
1780 2857 1841 2892 ιι.
1859 2858 1907 2892 c.
1934 2848 2014 2892 15.
2032 2842 2085 2891 in
2108 2857 2210 2907 quo
2226 2842 2335 2906 agit
2353 2841 2558 2907 quando
2582 2842 2722 2891 Prae

1664 2927 1805 2970 tores
1843 2919 2010 2969 creari
2043 2919 2319 2983 coeperint,
2357 2925 2414 2969 et
2451 2918 2590 2983 quod
2612 2919 2723 2983 jus,

1663 3011 1850 3063 quaeve
1871 2997 2075 3046 illorum
2099 3003 2330 3060 potestas
2347 2995 2527 3047 fuerit.
2553 2996 2722 3047 Situs.

1731 3073 1790 3123 Si
1818 3074 1924 3136 quis
1957 3074 2185 3137 quondam
2209 3072 2372 3136 populi
2408 3077 2622 3122 camum
2640 3089 2722 3122 an·

1662 3166 1850 3214 nonam,
1893 3165 2092 3212 maguus
2133 3150 2409 3199 habebatur.
2502 3150 2643 3200 Nunc
2670 3164 2723 3200 ea

1661 3227 1945 3291 prael'ectura
1964 3227 2078 3291 quid
2097 3225 2341 3289 abjectius]
2392 3227 2563 3279 Quam
2585 3241 2725 3290 mag-

1664 3317 1784 3361 nus,
1796 3302 1917 3352 iude
1931 3303 2162 3367 colligas,
2177 3303 2314 3367 quod
2328 3302 2598 3367 Augustus
2611 3304 2725 3368 ipse

1666 3387 1937 3443 acceptam
1959 3394 1992 3428 a
2013 3379 2206 3443 populo
2241 3378 2609 3443 praefecturam
2638 3395 2725 3429 an-

1665 3469 1814 3506 nonas
1863 3456 2034 3505 tenuit
2073 3455 2196 3505 dum
2232 3455 2394 3506 vixit:
2445 3463 2540 3506 aut
2578 3464 2722 3506 certe

1666 3535 1841 3598 paullo
1862 3540 1983 3582 ante
2007 3540 2225 3583 mortem
2240 3532 2510 3583 substituit
2529 3533 2632 3583 sibi
2664 3533 2723 3583 C.

1665 3609 1973 3660 Turranium
1995 3625 2010 3658 ε
2047 3609 2136 3674 qui
2158 3609 2296 3659 inter
2320 3610 2514 3673 primos
2536 3611 2589 3659 in
2614 3625 2725 3660 ver·

1664 3687 1730 3737 ba
1749 3685 1942 3735 Tiberii
1965 3686 2181 3750 juravit,
2217 3685 2362 3750 quasi
2383 3686 2524 3735 inter
2546 3687 2725 3751 praeci-

1665 3777 1795 3828 puos
1812 3763 2165 3826 magistratus.
2232 3762 2336 3812 Adi
2357 3763 2595 3813 Tacitum
2620 3763 2724 3814 An·

1663 3839 1768 3889 nal.
1792 3850 1832 3889 ι.
1899 3839 2067 3891 Quam
2105 3837 2223 3887 vilis
2261 3851 2382 3889 vero
2413 3837 2591 3889 Βοὸιὶἰ
2632 3852 2725 3889 ιε·

1665 3917 1782 3966 culo
1805 3914 1989 3978 fuerit,
2015 3927 2081 3963 ex
2116 3912 2345 3967 formula
2384 3914 2719 3965 Praefectura

1665 4008 1880 4045 annouae
1904 3994 2083 4044 videre
2117 3994 2262 4057 licet,
2282 4007 2400 4058 quae
2438 3993 2577 4058 apud
2601 3994 2721 4044 Cas·

1665 4070 1920 4121 siodorum
1944 4070 2035 4120 lib.
2061 4082 2135 4120 vt.
2194 4071 2484 4135 variarum,
2502 4069 2719 4122 formula

1664 4154 1831 4199 xvm.
1852 4153 2039 4197 exstat.
2072 4147 2302 4196 Reman.

1730 4223 1791 4273 Si
1808 4223 1913 4287 quis
1930 4223 2160 4286 quosdam
2172 4221 2335 4285 populi
2348 4227 2561 4272 curasset
2580 4236 2717 4272 anso·

1665 4300 1796 4365 uam]
1829 4299 2162 4367 Symmachus
2182 4297 2315 4350 libro
2336 4310 2428 4349 111.
2447 4297 2618 4365 Epist.
2641 4301 2715 4349 86.
