3049 4928
2393 421 2527 490 339

1089 528 1114 552 .

325 588 512 653 locus
540 585 969 669 relinquatur.
1059 583 1243 651 Nam
1271 588 1491 651 bonos
1520 587 1676 670 quis
1704 587 1839 651 nisi
1885 586 2324 654 stultissimus
2360 587 2520 653 ode-

324 693 449 757 rit?
495 689 713 755 malos
739 708 900 754 vero
928 687 1160 754 odisse
1189 690 1446 754 ratione
1479 694 1679 756 caret.
1771 690 1956 755 Nam
1988 690 2237 755 sicuti²
2283 712 2521 775 corpo-

320 815 458 859 rum
487 794 789 875 languor,
821 793 921 857 ita
951 791 1291 857 vitiositas
1319 792 1594 877 quidam
1643 798 1745 858 est
1787 794 1987 877 quasi
2011 801 2032 840 ³
2079 796 2349 859 morbus
2381 796 2518 859 ani-

322 917 595 962 morum.
685 894 854 961 Cum
886 916 1104 979 aegros
1136 916 1420 980 corpore
1461 897 1733 961 minime
1755 896 1989 981 dignos
2013 897 2193 975 odio,
2240 897 2358 962 sed
2390 917 2518 981 po-

323 1002 457 1065 tius
487 999 910 1065 miseratione
933 999 1347 1084 judicemuS‚
1397 1000 1606 1065 multo
1654 1002 1871 1083 magis
1922 1019 2054 1065 non
2101 1000 2519 1084 insequendi,

318 1104 429 1168 sed
456 1103 821 1169 miserandi
852 1108 1031 1182 sunt,
1058 1122 1347 1188 quorum
1373 1109 1632 1169 mentes
1660 1104 1842 1168 omni
1874 1104 2190 1188 languore
2221 1104 2515 1169 atrocior

318 1213 502 1289 urget
530 1206 952 1292 improbitas.

979 435 1501 487 PmLOSOPHlAE
1553 435 1700 484 mn.
1747 437 1847 485 lv.

1234 1332 1602 1360 mee-ove

313 1440 328 1466 ‘
344 1438 580 1505 Uterque
601 1440 748 1490 Vi'ct.
767 1455 867 1490 ene
884 1442 1140 1491 ducerent!
1160 1440 1329 1492 bene.’
1361 1440 1628 1490 Vatum-2
1653 1440 1785 1490 Nam
1799 1440 1842 1489 ri
1858 1441 1931 1490 uti
1956 1439 2146 1504 Delph.
2170 1438 2343 1491 Hack.
2388 1440 2519 1493 Nam

312 1505 354 1553 si
391 1506 483 1556 uti.
535 1506 851 1569 corruptum
885 1514 1041 1556 antea
1077 1508 1269 1570 locum,
1310 1506 1480 1573 inquit
1509 1507 1765 1567 Valiinus,
1792 1506 1844 1554 in
1879 1506 2112 1556 omnibus
2136 1505 2418 1568 impressis,
2431 1506 2518 1570 jn·

313 1571 552 1620 vantibus
594 1572 786 1634 partim
831 1572 1058 1636 antiquis
1091 1572 1258 1635 libris,
1296 1572 1374 1625 sic
1405 1571 1614 1621 tandem
1655 1571 1968 1621 restituimus
2007 1586 2113 1620 suae
2148 1571 2520 1634 integritati—-

312 1638 342 1683 3
372 1635 526 1700 Vulg-
573 1637 657 1686 Ita
677 1636 917 1686 vitiositas
940 1638 1126 1700 quidem
1153 1643 1224 1687 est
1245 1636 1397 1701 qumi.
1437 1638 1453 1665 ‘
1470 1638 1573 1686 Ma.
1596 1637 1846 1687 Rittersh.
1882 1636 1964 1687 Ita
1978 1635 2216 1686 vitiositas
2232 1642 2300 1685 est
2324 1638 2515 1699 quidam

310 1702 438 1764 qimi
452 1718 471 1752 .-
504 1715 623 1767 quae
644 1702 807 1753 lectio
825 1703 1171 1767 praestabiiior
1192 1710 1272 1753 est
1295 1702 1539 1767 vulgata?
1558 1702 1731 1752 Sitzm.

1108 2180 1534 2247 METRUM
1582 2180 1709 2248 IV.

477 2333 692 2414 Qum
725 2340 945 2401 tantos
967 2335 1172 2420 juvat
1203 2338 1505 2402 excitare
1532 2342 1808 2416 motusss

564 2438 655 2503 Et
681 2440 954 2525 propria
980 2439 1188 2508 fatum
1218 2442 1555 2507 solicitare
1582 2440 1868 2505 manu‘ess

473 2542 553 2607 Si
582 2548 860 2608 mortem
890 2545 1178 2627 petitis,¹'¹
1210 2544 1619 2630 propinquat
1644 2545 1799 2627 ipsa

561 2644 820 2729 Sponte
852 2665 998 2724 sua,
1026 2637 1336 2711 volucres
1361 2664 1483 2709 nec
1513 2650 1876 2709 remoratur
1905 2664 2136 2729 equos.

368 2800 498 2858 Quid
511 2804 706 2866 prodest
731 2803 863 2855 tobis
882 2804 1095 2854 excitare
1115 2808 1266 2853 motus
1287 2807 1447 2853 tantos
1466 2803 1584 2866 odii,
1604 2808 1652 2852 et
1673 2816 1845 2864 urgere
1863 2807 2060 2852 mortem
2079 2800 2250 2851 vatris
2264 2798 2475 2850 manibus
2487 2797 2526 2851 2⁴

304 2865 360 2914 Si
379 2868 603 2931 queritis
638 2874 855 2934 morem,
888 2871 989 2921 ltoec
1024 2869 1364 2935 appropinquat
1400 2870 1529 2918 ultro
1562 2883 1707 2934 neque
1736 2870 1899 2931 tardat
1921 2881 2071 2935 equos.
2097 2881 2203 2916 suos
2228 2866 2527 2932 precipites..

1322 2999 1544 3052 NOTAE

362 3104 388 3138 Ρ
413 3099 595 3150 Tantos
628 3132 642 3148 .
668 3134 681 3149 .
706 3132 721 3149 .
758 3098 935 3163 motus]
982 3099 1058 3149 tJt
1095 3098 1367 3163 perturba·
1451 3097 1520 3148 de
1560 3112 1655 3148 sua
1686 3096 1947 3147 sententia
1983 3107 2193 3145 movere
2239 3095 2531 3148 tentamus„⁴

303 3174 467 3227 tiones
515 3175 745 3226 motibus
790 3176 1025 3240 corporis
1068 3176 1369 3240 concipiun-
1448 3173 1537 3224 Sic
1582 3188 1706 3237 ergo
1748 3173 1836 3237 qui
1877 3171 2053 3246 duello
2097 3173 2349 3234 pugnant,
2377 3168 2519 3232 quod

303 3257 415 3302 turz
466 3251 546 3302 sic
591 3251 791 3302 eaedem
829 3258 1097 3316 conceptae
1140 3252 1370 3301 diversos
1448 3256 1669 3305 mortem
1694 3249 1857 3299 veluti
1874 3249 1939 3297 de
1958 3247 2062 3297 suis
2082 3245 2292 3295 sedibus
2318 3245 2520 3308 pulsam

301 3329 605 3391 producunt
637 3328 869 3393 ejusdem
903 3329 1137 3395 corporis
1176 3337 1368 3382 motus.
1450 3328 1514 3377 ad
1549 3327 1856 3391 semetipsos
1891 3338 2101 3375 movere
2141 3320 2435 3385 videantur,
2469 3322 2522 3371 bi

299 3403 402 3454 Sed
431 3404 580 3454 nulla
614 3405 941 3468 perturbatio
974 3413 1148 3457 tantos
1187 3413 1373 3470 motus,

301 3490 525 3545 quantos
560 3482 735 3532 odium
770 3482 937 3546 parit:
970 3483 1057 3548 qni
1091 3482 1230 3531 enim
1253 3483 1371 3533 odio

302 3566 715 3625 commoventur,
731 3560 781 3609 hi
802 3559 853 3608 in
890 3560 1100 3624 amicos,
1119 3558 1371 3623 fortunas,

301 3631 512 3699 famam,
538 3636 695 3686 vitam
733 3635 957 3702 denique
991 3635 1158 3701 ipsam
1190 3636 1370 3688 adver,-

302 3712 555 3761 sariorum
574 3719 869 3777 erumpunt.

365 3797 394 3834 ⁴1
413 3791 595 3841 Fatum
619 3792 860 3842 colicitat-e
890 3791 1056 3855 manu]
1093 3791 1370 3842 solicitam

303 3867 514 3934 proprie
530 3868 724 3918 dicitur
742 3868 848 3932 iile,
862 3868 950 3932 qui
969 3882 1160 3932 corpus
1182 3867 1249 3917 de
1274 3882 1370 3918 sito

303 3942 416 3993 loeo
454 3948 651 4006 movet,
690 3945 836 4009 qnasi
873 3944 972 3993 boc
1005 3944 1072 3993 de
1112 3958 1205 3993 suo
1248 3943 1371 3993 Solo

305 4022 577 4083 movendo,
602 4021 843 4085 vicinum,
869 4037 900 4071 a
922 4036 1023 4088 quo
1048 4021 1268 4084 recedit,
1289 4036 1370 4070 re·

305 4096 510 4223 &loquat
529 4098 727 4163 Solum,
759 4105 820 4149 ut
845 4099 1014 4163 ipsum
1053 4098 1216 4148 solum
1240 4098 1369 4148 abit.

362 4173 449 4225 inc
462 4182 681 4241 propter
696 4175 956 4241 quandam
980 4173 1371 4226 similitudinem

305 4251 569 4303 solicitare
590 4252 811 4302 dicimur
842 4256 1092 4314 mentem,
1115 4265 1230 4301 cum
1254 4262 1369 4299 eam

307 4338 432 4392 ape,
451 4334 612 4393 metu,
647 4335 736 4382 aut
765 4328 1000 4398 qnalibet
1032 4329 1134 4379 alia
1167 4327 1371 4378 ratione

1454 3412 1675 3456 mortem
1700 3404 1946 3454 dicuntur
1977 3401 2188 3466 propria
2217 3413 2376 3448 manu
2403 3399 2533 3448 soli·.

1453 3483 1654 3533 citare:
1713 3479 2146 3546 quemadmodum
2203 3477 2409 3526 Seneca
2463 3476 2520 3525 in

1452 3558 1674 3609 Hercul.
1697 3558 1824 3608 Fur.
1849 3572 1926 3608 vs.
1961 3560 2092 3612 86⁷„
2116 3553 2260 3605 canit
2284 3569 2298 3601 ε
2340 3554 2356 3581 ‘
2378 3552 2529 3605 Quid·

1443 3636 1604 3701 juvat
1614 3636 1797 3686 durum
1817 3647 2097 3699 properare
2115 3630 2316 3680 fatum?
2336 3627 2521 3680 Omnis

1448 3715 1561 3764 baec
1585 3714 1784 3778 magnis
1809 3726 1942 3775 vaga
1965 3709 2120 3761 turba
2139 3708 2293 3757 terris
2316 3705 2425 3754 Ibit
2456 3704 2521 3753 ad

1451 3805 1650 3854 manes,
1669 3786 2118 3853 facietqueinerti
2137 3784 2270 3834 Vela
2286 3778 2524 3845 Cocyto.'

1514 3874 1536 3899 ¹·
1557 3867 1614 3915 St
1657 3871 1851 3916 mortem
1896 3863 2080 3928 petitis,
2130 3858 2238 3923 ξω]
2291 3857 2520 3913 Philoso-

1453 3944 1579 4007 phia
1601 3942 1810 3996 videtur
1831 3939 2081 4002 deinceps
2114 3934 2302 3986 afferre
2339 3947 2519 3983 causas

1450 4018 1654 4074 mortis.
1723 4018 1889 4068 Causa
1913 4023 2088 4084 autem
2107 4011 2287 4062 mortis
2304 4011 2519 4076 duplex.

1449 4097 1570 4146 Una
1596 4093 1835 4156 interior,
1867 4092 1978 4141 sive
2011 4087 2263 4141 naturalis
2297 4087 2519 4136 elemen-

1452 4176 1642 4232 torum,
1663 4184 1728 4219 ex
1755 4168 1939 4234 quibus
1960 4168 2112 4216 homo
2140 4167 2360 4225 constat,
2380 4164 2534 4210 com-⁴

1449 4247 1678 4312 positio:
1720 4253 1776 4296 et
1807 4246 1919 4296 haec
1959 4249 2172 4293 notatur
2206 4239 2286 4288 his
2327 4237 2518 4299 verbis,

1448 4326 1464 4354 ‘
1489 4324 1807 4389 propinquat
1829 4322 1940 4388 ipsa
1961 4325 2149 4391 sponte
2173 4318 2301 4372 suast
2332 4312 2517 4366 Altera
