3049 4928
561 353 697 421 384

563 518 773 582 mittit
818 514 1145 594 voluntaS,
1195 516 1318 582 sed
1370 514 1573 581 futuri
1622 516 1809 599 cogit
1855 523 2039 582 certa
2075 516 2496 584 necessitas.-
2616 520 2683 586 N
2684 540 2754 587 ec

563 620 737 684 vitia
765 620 999 702 igitur,
1043 639 1171 685 nec
1201 622 1488 686 virtutes
1549 621 1906 705 quicquam
1958 615 2228 697 fuerint,
2283 621 2405 684 sed
2466 626 2753 689 omnium

564 722 949 787 meritorum
977 724 1206 806 potius
1253 724 1455 789 mista
1483 737 1686 808 atque
1731 725 2098 789 indiscreta
2130 722 2485 790 confusio!
2570 725 2753 805 Quo·-

560 846 698 911 que
721 825 889 890 nihil
915 826 1302 891 sceleratius
1332 826 1711 908 excogitari
1740 830 1988 910 potest,
2018 846 2172 891 cum
2202 847 2292 894 ex
2322 827 2752 894 Providentia

558 950 779 996 rerum
808 932 1026 996 omnis
1056 930 1218 995 ordo
1248 930 1550 1008 ducatur,
1578 930 1875 1014 nihilque
1906 929 2203 995 consiliis
2225 940 2272 980 ¹³
2298 931 2504 998 liceat
2527 934 2752 998 huma·

564 1034 698 1111 niS,
717 1031 797 1098 fit
813 1040 890 1099 ut
912 1033 1076 1100 vitia
1097 1052 1378 1117 quaeque
1392 1039 1445 1080 ¹4
1466 1041 1705 1097 nostra
1722 1032 1809 1097 ad
1829 1033 2155 1099 bonorum
2175 1038 2464 1100 omnium
2478 1037 2753 1101 referan-

563 1141 675 1201 tur
692 1141 1099 1201 auctoreml·
1148 1136 1363 1218 Igitur
1382 1155 1507 1200 nec
1520 1134 1834 1218 sperandi
1857 1136 2139 1220 aliquid,
2156 1157 2285 1202 nec
2311 1136 2755 1221 deprecandi’⁸

562 1237 705 1303 ulla
732 1239 912 1304 ratio
943 1244 1064 1304 est.
1152 1238 1337 1318 Quid
1359 1241 1541 1304 enim
1556 1239 1670 1304 vel
1690 1245 1920 1324 speret
1950 1241 2385 1324 quisquam,¹⁵
2413 1240 2527 1305 vel
2552 1240 2756 1305 etiam

560 1339 1015 1425 deprecetur:
1059 1342 1328 1425 quando
1358 1341 1661 1426 optanda
1689 1343 1917 1408 omnia
1947 1344 2155 1408 series
2177 1341 2559 1407 indeflexa?
2602 1362 2755 1407 con-

562 1445 819 1510 nectit?
865 1444 1227 1511 Auferetur
1252 1446 1454 1529 igitur
1482 1446 1758 1511 unicum
1785 1445 1955 1510 illud
1984 1446 2157 1511 inter
2184 1446 2487 1511 homines
2512 1445 2754 1510 Deum-

554 1566 694 1631 que
723 1548 1212 1627 commercium,
1241 1547 1554 1633 sperandi
1584 1547 1860 1627 scilicet,
1894 1568 1976 1613 ac
2006 1547 2460 1631 deprecandis
2531 1546 2757 1630 Siqui-

558 1648 710 1713 dem
729 1649 938 1734 justae
980 1651 1378 1715 humilitatis
1425 1649 1642 1735 pretio
1672 1649 2216 1716 inaestimabilem
2260 1651 2477 1716 vicem
2507 1649 2754 1714 divinae

558 1754 791 1835 gratiae
820 1773 1269 1836 promeremur
1293 1765 1352 1818 ε’
1394 1754 1512 1838 qui
1544 1753 1734 1818 solus
1760 1754 2002 1819 modus
2053 1761 2161 1819 est
2210 1773 2347 1838 quo
2395 1772 2552 1818 cum
2615 1752 2754 1817 Deo

560 1857 862 1941 colloqui
901 1856 1201 1922 homines
1230 1875 1441 1940 posse
1487 1857 1869 1936 videantur,
1906 1857 2136 1942 illique
2182 1858 2557 1922 inaccessae
2597 1856 2755 1935 luci,

561 1960 749 2042 prius
798 1979 1061 2045 quoque
1110 1979 1310 2045 quam
1364 1961 1749 2045 impetrent,
1787 1962 1963 2045 ‘ipsa
2020 1960 2444 2045 supplicandi
2499 1960 2753 2024 ratione

554 2062 916 2145 conjungi:
960 2083 1113 2146 quae
1144 2063 1226 2141 si,
1266 2069 1547 2147 recepta
1566 2064 1952 2129 ‘futurorum
1996 2066 2422 2141 necessitate,
2460 2063 2628 2128 nihil
2659 2066 2754 2128 vi—

558 2166 730 2229 rium
774 2165 1015 2231 habere
1050 2167 1437 2245 credantur,
1494 2166 1659 2251 quid
1707 2168 1833 2232 en‘t
1890 2167 2025 2250 quo
2069 2185 2333 2231 summo
2378 2166 2480 2231 illi
2537 2184 2756 2237 rerum

559 2270 852 2354 principi
872 2282 893 2308 ³
936 2272 1267 2351 connecti,
1296 2278 1506 2356 atque
1539 2270 1880 2336 adhaerere
1909 2271 2257 2355 possimus
2274 2272 2304 2334 ’ἲ
2371 2267 2600 2347 Quare
2640 2285 2756 2332 ne-

1255 366 1560 418 BoE'rHu
1614 369 1711 419 DE
1758 368 2081 421 CONSUL&-

623 2503 639 2542 ²
676 2511 884 2572 Confusa
900 2510 1213 2576 perturbatio.
1362 2519 1402 2544 ”⁸
1426 2509 1604 2561 Deum.
1754 2518 1783 2543 ’⁸
1817 2508 2054 2572 Rogandt'.
2175 2488 2223 2542 '⁰
2244 2507 2419 2569 Roget.
2590 2510 2621 2546 P
2655 2504 2756 2554 Im-

557 2576 815 2626 matubilis.
945 2586 968 2619 ⁹
1003 2574 1241 2639 Rogaudi.
1367 2583 1408 2640 J
1429 2576 1583 2625 Recta
1598 2575 1754 2625 nostri
1766 2573 2021 2637 abjectione
2042 2586 2271 2624 meremur
2290 2573 2388 2622 Dei
2405 2572 2639 2634 gratiam,
2655 2585 2760 2634 qua·

545 2644 648 2689 'non
681 2646 836 2704 potest
869 2643 988 2692 satis
1021 2643 1268 2692 oestimori.
1463 2649 1483 2674 ⁸
1513 2642 1639 2691 Deo.
2415 2670 2419 2675 ’

1475 2772 1803 2814 mm

557 2882 733 2926 tamen
757 2875 999 2927 audiendi
1020 2885 1228 2928 veteres
1251 2853 1282 2928 ιι
1299 2878 1471 2928 metuit
1491 2875 1642 2929 liber?
1673 2874 1972 2926 Idem—13
2004 2873 2111 2926 Ms.
2135 2872 2389 2923 Rittersh.
2419 2885 2613 2934 cumque
2639 2869 2758 2920 nihil

553 2942 846 2992 consa—14
885 2944 1022 2993 Vitia
1059 2959 1232 3007 quoque
1269 2943 1466 3006 Deiph.
1506 2941 1809 2992 flach—15
1844 2941 2083 3009 Uterque
2117 2939 2312 2989 Thoan.
2349 2938 2485 3001 Reg.
2503 2936 2646 2987 vict.
2681 2950 2756 2984 se·

555 3007 772 3073 cundus,
803 3016 859 3058 et
879 3008 1018 3060 Flor.
1046 3012 1201 3073 speret
1219 3008 1427 3072 quisque.

1552 3119 1767 3171 No'rAE

555 3256 849 3320 speciatim,
873 3272 939 3307 ex
962 3267 1117 3322 parte
1152 3257 1318 3322 ipsius
1353 3255 1614 3310 libertatis

551 3333 810 3395 humanm,
822 3335 1075 3398 praedicta
1089 3334 1370 3385 concordia
1381 3348 1482 3383 non
1496 3347 1615 3397 pos·

555 3423 611 3459 se
636 3416 795 3459 stare:
818 3411 941 3474 quia
956 3411 1046 3460 ubi
1069 3426 1171 3460 non
1189 3417 1270 3461 est
1285 3415 1522 3475 potestas
1547 3408 1615 3458 ad

554 3485 878 3546 utrumlibet,
898 3486 974 3535 ibi
991 3501 1091 3535 nou
1115 3495 1196 3536 est
1208 3486 1429 3536 hominis
1450 3486 1613 3536 viato-

555 3561 628 3610 ris
659 3561 904 3612 libertas:
941 3556 1318 3626 sapientissime
1353 3564 1492 3612 enim
1514 3564 1613 3613 Ec-

555 3639 717 3688 clesia
739 3638 1007 3688 damnavit
1028 3640 1160 3688 hanc
1179 3639 1609 3702 propositionem:

553 3715 641 3764 ‘ad
657 3715 961 3765 merendum
980 3722 1035 3766 et
1053 3716 1421 3766 demerendum
1439 3717 1491 3766 in
1505 3724 1610 3768 sta-

553 3796 613 3840 tu
629 3797 834 3840 naturae
855 3792 1023 3854 lapsae
1041 3806 1142 3840 non
1160 3792 1444 3856 requiritur
1462 3793 1512 3842 in
1524 3793 1610 3843 ho·

551 3866 692 3916 mine
713 3867 930 3916 libertas
954 3882 985 3916 a
1007 3867 1355 3932 necessitate3
1386 3868 1479 3918 sed
1501 3868 1609 3919 suf·

549 3941 662 3993 ficit
683 3957 714 3993 a
729 3944 1001 3994 coactione
1019 3944 1052 3995 ε’
1087 3946 1283 4010 optime
1294 3946 1450 3996 etiam
1471 3961 1608 3996 nunc

549 4018 750 4069 (licitur
772 4019 866 4069 hac
888 4028 1151 4083 potestate
1187 4023 1393 4072 sublata
1414 4021 1524 4072 fore
1549 4030 1611 4072 ut

1695 3253 1840 3304 nium
1862 3248 2140 3303 vitiorum?
2156 3253 2205 3299 8.
2226 3263 2324 3300 nec
2340 3248 2358 3278 ‘
2376 3249 2639 3314 sperandi’
2657 3264 2751 3299 nec

1699 3331 1716 3359 ⁴
1733 3326 2057 3394 deprecandi
2099 3324 2253 3376 ratio'
2310 3332 2468 3389 esset,
2521 3327 2753 3390 adeoque

1696 3406 2020 3458 ‘auferretur
2037 3405 2247 3454 unicum
2278 3403 2402 3452 illud
2428 3405 2567 3453 inter
2594 3404 2751 3454 homi-

1685 3496 1789 3535 'nes
1814 3484 2083 3547 Deumque
2106 3480 2489 3542 commercium,
2511 3480 2753 3545 sperandi

1695 3559 1901 3610 scilicet
1945 3572 2006 3608 ac
2045 3555 2405 3621 deprecandi!
2443 3561 2490 3608 4.
2525 3557 2750 3622 denique

1693 3639 1709 3667 ‘
1728 3640 2007 3688 humanum
2061 3650 2222 3701 genus
2265 3632 2564 3698 disseptum*
2596 3642 2754 3700 atque

1690 3717 2005 3782 disjunctum
2024 3730 2118 3765 suo
2140 3714 2287 3764 fonte
2302 3713 2557 3765 fatiscat.'
2594 3711 2752 3777 Atqui

1691 3794 1867 3859 posita
1896 3793 2072 3843 divina
2096 3789 2457 3851 Providentia,
2477 3789 2618 3839 nulla
2652 3788 2752 3836 erit

1690 3870 1745 3921 in
1766 3871 1969 3921 homine
1990 3870 2188 3918 viatore
2213 3873 2447 3931 potestas
2471 3867 2539 3916 ad
2557 3874 2752 3915 utrum-

1690 3946 1854 3996 libet:
1906 3945 2155 4010 siquidem
2188 3943 2367 3992 divina
2387 3941 2749 4002 Providentia,

1690 4031 1749 4074 ut
1767 4024 1959 4074 dictum
1978 4029 2269 4084 est,utpote
2287 4035 2404 4085 quae
2420 4019 2634 4070 evidens
2651 4026 2750 4078 est,

551 4097 599 4143 1.
620 4109 718 4145 nec
771 4095 787 4123 ‘
808 4096 994 4146 virtus'
1028 4104 1170 4148 esset
1207 4112 1305 4147 nec
1345 4098 1361 4125 ‘
1385 4097 1607 4161 vitium,'
1687 4112 1828 4165 vera,
1853 4108 1909 4150 et
1932 4107 2077 4150 certa
2096 4097 2330 4159 scientia,
2353 4111 2452 4146 non
2475 4103 2553 4145 est
2565 4095 2667 4144 nisi
2684 4094 2747 4143 de

551 4171 784 4238 adeoque
802 4187 903 4222 nec
939 4175 955 4201 ‘
976 4173 1284 4237 praemium,’
1316 4189 1414 4223 nec
1449 4174 1465 4202 ‘
1490 4189 1608 4240 sup·

1689 4177 2016 4237 necessarii&
2036 4184 2210 4239 atque,
2236 4181 2296 4222 ut
2317 4173 2601 4237 loquuntur
2625 4171 2744 4220 Phi·

550 4246 802 4310 Ρὶἰῦὶῑῑωῖ
824 4252 874 4298 2·
895 4249 1039 4298 Deus
1077 4255 1219 4300 Θδθθῐ
1252 4249 1269 4277 ‘
1287 4255 1476 4307 auctor
1497 4262 1604 4300 om·
1686 4255 1910 4319 losephi,
1941 4255 1957 4284 ‘
1975 4252 2042 4304 ad
2065 4266 2221 4302 unum
2245 4249 2638 4301 determinati&
2709 4288 2728 4295 ..
