<?xml version="1.0" encoding="UTF-8"?>
<!DOCTYPE html PUBLIC "-//W3C//DTD XHTML 1.0 Transitional//EN"
    "http://www.w3.org/TR/xhtml1/DTD/xhtml1-transitional.dtd">
<html xmlns="http://www.w3.org/1999/xhtml" xml:lang="en" lang="en">
 <head>
  <title>
</title>
<meta http-equiv="Content-Type" content="text/html;charset=utf-8" />
  <meta name='ocr-system' content='tesseract 3.04.00' />
  <meta name='ocr-capabilities' content='ocr_page ocr_carea ocr_par ocr_line ocrx_word'/>
</head>
<body>
  <div class='ocr_page' id='page_1' title='image "./deconsolationep00boetgoog_0550.png"; bbox 0 0 3049 4928; ppageno 0'>
   <div class='ocr_carea' id='block_1_1' title="bbox 507 392 637 458">
    <p class='ocr_par' dir='ltr' id='par_1_1' title="bbox 507 392 637 458">
     <span class='ocr_line' id='line_1_1' title="bbox 507 392 637 458; baseline 0 0"><span class='ocrx_word' id='word_1_1' title='bbox 507 392 637 458; x_wconf 77' lang='lat'><strong>540</strong></span> 
     </span>
    </p>
   </div>
   <div class='ocr_carea' id='block_1_2' title="bbox 502 549 1576 4394">
    <p class='ocr_par' dir='ltr' id='par_1_2' title="bbox 502 549 1576 4394">
     <span class='ocr_line' id='line_1_2' title="bbox 507 549 1569 617; baseline 0.002 -17"><span class='ocrx_word' id='word_1_2' title='bbox 507 549 639 601; x_wconf 63' lang='grc' dir='ltr'><strong>ἅλλα</strong></span> <span class='ocrx_word' id='word_1_3' title='bbox 658 552 892 617; x_wconf 66' lang='grc' dir='ltr'><strong>παχεῖα,</strong></span> <span class='ocrx_word' id='word_1_4' title='bbox 911 551 928 582; x_wconf 76' lang='lat'>⁸</span> <span class='ocrx_word' id='word_1_5' title='bbox 943 550 1101 602; x_wconf 83' lang='lat' dir='ltr'><strong>habet</strong></span> <span class='ocrx_word' id='word_1_6' title='bbox 1118 552 1369 603; x_wconf 84' lang='lat' dir='ltr'><strong>rationem</strong></span> <span class='ocrx_word' id='word_1_7' title='bbox 1387 549 1569 602; x_wconf 72' lang='lat' dir='ltr'><strong>formae</strong></span> 
     </span>
     <span class='ocr_line' id='line_1_3' title="bbox 506 626 1570 692; baseline -0.001 -14"><span class='ocrx_word' id='word_1_8' title='bbox 506 628 895 692; x_wconf 83' lang='lat' dir='ltr'><strong>comparatione</strong></span> <span class='ocrx_word' id='word_1_9' title='bbox 917 629 1133 680; x_wconf 87' lang='lat' dir='ltr'><strong>aliorum</strong></span> <span class='ocrx_word' id='word_1_10' title='bbox 1155 626 1570 679; x_wconf 63' lang='lat' dir='ltr'><strong>elementorum!</strong></span> 
     </span>
     <span class='ocr_line' id='line_1_4' title="bbox 508 706 1571 773; baseline 0 -17"><span class='ocrx_word' id='word_1_11' title='bbox 508 706 619 757; x_wconf 68' lang='lat' dir='ltr'><strong>Aer</strong></span> <span class='ocrx_word' id='word_1_12' title='bbox 652 708 874 773; x_wconf 84' lang='lat' dir='ltr'><strong>denique</strong></span> <span class='ocrx_word' id='word_1_13' title='bbox 916 708 1154 758; x_wconf 83' lang='lat' dir='ltr'><strong>subtilior</strong></span> <span class='ocrx_word' id='word_1_14' title='bbox 1177 706 1329 773; x_wconf 87' lang='lat' dir='ltr'><strong>Aqua</strong></span> <span class='ocrx_word' id='word_1_15' title='bbox 1365 713 1472 769; x_wconf 66' lang='grc' dir='ltr'><strong>αις</strong></span> <span class='ocrx_word' id='word_1_16' title='bbox 1505 721 1571 757; x_wconf 85' lang='lat' dir='ltr'><strong>ac</strong></span> 
     </span>
     <span class='ocr_line' id='line_1_5' title="bbox 506 783 1569 850; baseline -0.001 -18"><span class='ocrx_word' id='word_1_17' title='bbox 506 784 683 847; x_wconf 79' lang='lat' dir='ltr'><strong>Terra,</strong></span> <span class='ocrx_word' id='word_1_18' title='bbox 723 799 839 850; x_wconf 81' lang='lat' dir='ltr'><strong>quae</strong></span> <span class='ocrx_word' id='word_1_19' title='bbox 881 786 1089 849; x_wconf 86' lang='lat' dir='ltr'><strong>penitus</strong></span> <span class='ocrx_word' id='word_1_20' title='bbox 1132 783 1408 833; x_wconf 87' lang='lat' dir='ltr'><strong>immobilis</strong></span> <span class='ocrx_word' id='word_1_21' title='bbox 1452 789 1569 833; x_wconf 68' lang='lat' dir='ltr'><strong>esta</strong></span> 
     </span>
     <span class='ocr_line' id='line_1_6' title="bbox 508 862 1569 927; baseline 0.001 -17"><span class='ocrx_word' id='word_1_22' title='bbox 508 862 653 927; x_wconf 81' lang='lat' dir='ltr'><strong>cnjus</strong></span> <span class='ocrx_word' id='word_1_23' title='bbox 676 876 866 927; x_wconf 88' lang='lat' dir='ltr'><strong>nempe</strong></span> <span class='ocrx_word' id='word_1_24' title='bbox 888 862 1144 913; x_wconf 85' lang='lat' dir='ltr'><strong>beneficio</strong></span> <span class='ocrx_word' id='word_1_25' title='bbox 1164 869 1270 912; x_wconf 87' lang='lat' dir='ltr'><strong>tam</strong></span> <span class='ocrx_word' id='word_1_26' title='bbox 1295 862 1467 911; x_wconf 84' lang='lat' dir='ltr'><strong>varios</strong></span> <span class='ocrx_word' id='word_1_27' title='bbox 1487 876 1569 911; x_wconf 81' lang='lat' dir='ltr'><strong>eae</strong></span> 
     </span>
     <span class='ocr_line' id='line_1_7' title="bbox 505 934 1571 1001; baseline 0 -15"><span class='ocrx_word' id='word_1_28' title='bbox 505 937 757 987; x_wconf 77' lang='lat' dir='ltr'><strong>virtutum</strong></span> <span class='ocrx_word' id='word_1_29' title='bbox 778 939 1096 1001; x_wconf 76' lang='lat' dir='ltr'><strong>superiorum</strong></span> <span class='ocrx_word' id='word_1_30' title='bbox 1124 937 1394 1000; x_wconf 79' lang='lat' dir='ltr'><strong>excipiunt</strong></span> <span class='ocrx_word' id='word_1_31' title='bbox 1413 934 1571 986; x_wconf 80' lang='lat' dir='ltr'><strong>effee-</strong></span> 
     </span>
     <span class='ocr_line' id='line_1_8' title="bbox 508 1012 1572 1077; baseline 0.002 -15"><span class='ocrx_word' id='word_1_32' title='bbox 508 1020 609 1077; x_wconf 84' lang='lat' dir='ltr'><strong>tus,</strong></span> <span class='ocrx_word' id='word_1_33' title='bbox 643 1021 702 1063; x_wconf 90' lang='lat' dir='ltr'><strong>ut</strong></span> <span class='ocrx_word' id='word_1_34' title='bbox 720 1014 782 1064; x_wconf 88' lang='lat' dir='ltr'><strong>iis</strong></span> <span class='ocrx_word' id='word_1_35' title='bbox 822 1012 1165 1064; x_wconf 79' lang='lat' dir='ltr'><strong>foecundiores</strong></span> <span class='ocrx_word' id='word_1_36' title='bbox 1206 1012 1359 1064; x_wconf 61' lang='lat' dir='ltr'><strong>factas</strong></span> <span class='ocrx_word' id='word_1_37' title='bbox 1398 1014 1451 1063; x_wconf 90' lang='lat' dir='ltr'><strong>in</strong></span> <span class='ocrx_word' id='word_1_38' title='bbox 1490 1020 1572 1064; x_wconf 86' lang='lat' dir='ltr'><strong>tot</strong></span> 
     </span>
     <span class='ocr_line' id='line_1_9' title="bbox 506 1091 1572 1156; baseline 0.003 -17"><span class='ocrx_word' id='word_1_39' title='bbox 506 1097 794 1156; x_wconf 86' lang='lat' dir='ltr'><strong>tantosque,</strong></span> <span class='ocrx_word' id='word_1_40' title='bbox 830 1105 961 1156; x_wconf 88' lang='lat' dir='ltr'><strong>quos</strong></span> <span class='ocrx_word' id='word_1_41' title='bbox 996 1091 1227 1141; x_wconf 82' lang='lat' dir='ltr'><strong>videmus</strong></span> <span class='ocrx_word' id='word_1_42' title='bbox 1258 1092 1572 1154; x_wconf 86' lang='lat' dir='ltr'><strong>animalium,</strong></span> 
     </span>
     <span class='ocr_line' id='line_1_10' title="bbox 505 1167 1571 1234; baseline 0.004 -19"><span class='ocrx_word' id='word_1_43' title='bbox 505 1167 820 1230; x_wconf 85' lang='lat' dir='ltr'><strong>plantarum,</strong></span> <span class='ocrx_word' id='word_1_44' title='bbox 840 1168 1160 1234; x_wconf 85' lang='lat' dir='ltr'><strong>aliorumque</strong></span> <span class='ocrx_word' id='word_1_45' title='bbox 1177 1182 1390 1234; x_wconf 83' lang='lat' dir='ltr'><strong>operum</strong></span> <span class='ocrx_word' id='word_1_46' title='bbox 1412 1169 1571 1220; x_wconf 83' lang='lat' dir='ltr'><strong>foetus</strong></span> 
     </span>
     <span class='ocr_line' id='line_1_11' title="bbox 505 1245 1571 1309; baseline 0.004 -17"><span class='ocrx_word' id='word_1_47' title='bbox 505 1252 801 1308; x_wconf 82' lang='lat' dir='ltr'><strong>erumpant.</strong></span> <span class='ocrx_word' id='word_1_48' title='bbox 866 1245 1029 1309; x_wconf 87' lang='lat' dir='ltr'><strong>Cujus</strong></span> <span class='ocrx_word' id='word_1_49' title='bbox 1072 1246 1264 1295; x_wconf 76' lang='lat' dir='ltr'><strong>ordinis</strong></span> <span class='ocrx_word' id='word_1_50' title='bbox 1307 1246 1466 1295; x_wconf 78' lang='lat' dir='ltr'><strong>totius</strong></span> <span class='ocrx_word' id='word_1_51' title='bbox 1507 1260 1571 1296; x_wconf 89' lang='lat' dir='ltr'><strong>ac</strong></span> 
     </span>
     <span class='ocr_line' id='line_1_12' title="bbox 504 1321 1571 1386; baseline 0.003 -17"><span class='ocrx_word' id='word_1_52' title='bbox 504 1322 657 1371; x_wconf 86' lang='lat' dir='ltr'><strong>seriei</strong></span> <span class='ocrx_word' id='word_1_53' title='bbox 700 1321 951 1373; x_wconf 86' lang='lat' dir='ltr'><strong>rationem</strong></span> <span class='ocrx_word' id='word_1_54' title='bbox 988 1323 1064 1372; x_wconf 88' lang='lat' dir='ltr'><strong>sic</strong></span> <span class='ocrx_word' id='word_1_55' title='bbox 1101 1323 1330 1386; x_wconf 84' lang='lat' dir='ltr'><strong>explicat</strong></span> <span class='ocrx_word' id='word_1_56' title='bbox 1351 1322 1571 1386; x_wconf 79' lang='lat' dir='ltr'><strong>Dionys.</strong></span> 
     </span>
     <span class='ocr_line' id='line_1_13' title="bbox 505 1396 1572 1464; baseline 0.002 -18"><span class='ocrx_word' id='word_1_57' title='bbox 505 1397 575 1447; x_wconf 85' lang='lat' dir='ltr'><strong>de</strong></span> <span class='ocrx_word' id='word_1_58' title='bbox 597 1396 759 1449; x_wconf 77' lang='lat' dir='ltr'><strong>divin.</strong></span> <span class='ocrx_word' id='word_1_59' title='bbox 783 1401 973 1450; x_wconf 90' lang='lat' dir='ltr'><strong>nomin.</strong></span> <span class='ocrx_word' id='word_1_60' title='bbox 995 1415 1113 1464; x_wconf 83' lang='lat' dir='ltr'><strong>cap.</strong></span> <span class='ocrx_word' id='word_1_61' title='bbox 1135 1403 1185 1450; x_wconf 77' lang='lat'><strong>4.</strong></span> <span class='ocrx_word' id='word_1_62' title='bbox 1217 1398 1282 1449; x_wconf 70' lang='lat' dir='ltr'><strong>&#39;rb</strong></span> <span class='ocrx_word' id='word_1_63' title='bbox 1301 1400 1506 1461; x_wconf 73' lang='grc' dir='ltr'><strong>μᾶλλον,</strong></span> <span class='ocrx_word' id='word_1_64' title='bbox 1539 1397 1572 1458; x_wconf 69' lang='grc' dir='ltr'>ἦ</span> 
     </span>
     <span class='ocr_line' id='line_1_14' title="bbox 504 1472 1573 1541; baseline 0.003 -15"><span class='ocrx_word' id='word_1_65' title='bbox 504 1472 654 1533; x_wconf 71' lang='grc' dir='ltr'><strong><em>ἦττον</em></strong></span> <span class='ocrx_word' id='word_1_66' title='bbox 692 1478 763 1539; x_wconf 70' lang='grc' dir='ltr'><strong>τᾷ</strong></span> <span class='ocrx_word' id='word_1_67' title='bbox 808 1476 973 1540; x_wconf 65' lang='grc' dir='ltr'><em>ἀγαθᾷ</em></span> <span class='ocrx_word' id='word_1_68' title='bbox 1021 1475 1291 1541; x_wconf 70' lang='grc' dir='ltr'><strong><em>πλησιάζον</em></strong></span> <span class='ocrx_word' id='word_1_69' title='bbox 1331 1477 1573 1539; x_wconf 69' lang='grc' dir='ltr'><strong>ἀναλόγως</strong></span> 
     </span>
     <span class='ocr_line' id='line_1_15' title="bbox 504 1551 1573 1619; baseline 0.003 -17"><span class='ocrx_word' id='word_1_70' title='bbox 504 1551 640 1603; x_wconf 67' lang='grc' dir='ltr'><strong>ἔσται</strong></span> <span class='ocrx_word' id='word_1_71' title='bbox 658 1552 847 1616; x_wconf 53' lang='lat' dir='ltr'><strong>&amp;vuffi-</strong></span> <span class='ocrx_word' id='word_1_72' title='bbox 883 1553 1071 1619; x_wconf 72' lang='grc' dir='ltr'>ἐπεῑπφ</span> <span class='ocrx_word' id='word_1_73' title='bbox 1091 1553 1123 1614; x_wconf 79' lang='grc' dir='ltr'>ἦ</span> <span class='ocrx_word' id='word_1_74' title='bbox 1143 1555 1219 1605; x_wconf 69' lang='grc' dir='ltr'><strong>διὸ</strong></span> <span class='ocrx_word' id='word_1_75' title='bbox 1248 1553 1434 1605; x_wconf 69' lang='grc' dir='ltr'><strong><em>πάντων</em></strong></span> <span class='ocrx_word' id='word_1_76' title='bbox 1467 1564 1573 1619; x_wconf 82' lang='grc' dir='ltr'><strong>φοι·</strong></span> 
     </span>
     <span class='ocr_line' id='line_1_16' title="bbox 503 1630 1576 1696; baseline 0 -15"><span class='ocrx_word' id='word_1_77' title='bbox 503 1634 635 1681; x_wconf 69' lang='grc' dir='ltr'><strong>φῦσα</strong></span> <span class='ocrx_word' id='word_1_78' title='bbox 654 1632 895 1691; x_wconf 67' lang='grc' dir='ltr'><strong>παντελὴς</strong></span> <span class='ocrx_word' id='word_1_79' title='bbox 915 1631 1149 1694; x_wconf 60' lang='lat' dir='ltr'><strong>&amp;quodem</strong></span> <span class='ocrx_word' id='word_1_80' title='bbox 1176 1632 1232 1681; x_wconf 73' lang='grc' dir='ltr'><strong>οὔ</strong></span> <span class='ocrx_word' id='word_1_81' title='bbox 1255 1630 1398 1696; x_wconf 78' lang='grc' dir='ltr'><strong>μέχρι</strong></span> <span class='ocrx_word' id='word_1_82' title='bbox 1433 1631 1576 1693; x_wconf 73' lang='grc' dir='ltr'><strong><em>μόνον</em></strong></span> 
     </span>
     <span class='ocr_line' id='line_1_17' title="bbox 505 1706 1571 1772; baseline 0 -15"><span class='ocrx_word' id='word_1_83' title='bbox 505 1709 654 1771; x_wconf 78' lang='grc' dir='ltr'><strong><em>χωρεῖ</em></strong></span> <span class='ocrx_word' id='word_1_84' title='bbox 676 1710 773 1757; x_wconf 71' lang='grc' dir='ltr'><strong>τῶν</strong></span> <span class='ocrx_word' id='word_1_85' title='bbox 791 1707 896 1772; x_wconf 75' lang='grc' dir='ltr'><strong>περὶ</strong></span> <span class='ocrx_word' id='word_1_86' title='bbox 918 1708 1066 1767; x_wconf 72' lang='grc' dir='ltr'><strong>αὐτὴν</strong></span> <span class='ocrx_word' id='word_1_87' title='bbox 1083 1706 1365 1771; x_wconf 71' lang='grc' dir='ltr'><strong><em>παναγόθων</em></strong></span> <span class='ocrx_word' id='word_1_88' title='bbox 1383 1708 1571 1758; x_wconf 52' lang='lat' dir='ltr'><strong>&amp;casr-</strong></span> 
     </span>
     <span class='ocr_line' id='line_1_18' title="bbox 504 1784 1574 1851; baseline 0.001 -17"><span class='ocrx_word' id='word_1_89' title='bbox 504 1784 757 1835; x_wconf 68' lang='grc' dir='ltr'><strong>ἐκτείνεται</strong></span> <span class='ocrx_word' id='word_1_90' title='bbox 775 1784 828 1835; x_wconf 72' lang='grc' dir='ltr'><strong>δὲ</strong></span> <span class='ocrx_word' id='word_1_91' title='bbox 845 1786 954 1851; x_wconf 68' lang='grc' dir='ltr'><strong>ἄχρι</strong></span> <span class='ocrx_word' id='word_1_92' title='bbox 973 1789 1070 1835; x_wconf 74' lang='grc' dir='ltr'><strong>τῶν</strong></span> <span class='ocrx_word' id='word_1_93' title='bbox 1088 1785 1328 1848; x_wconf 73' lang='grc' dir='ltr'><strong><em>ἐσχάτων·</em></strong></span> <span class='ocrx_word' id='word_1_94' title='bbox 1361 1788 1467 1836; x_wconf 77' lang='grc' dir='ltr'><strong>ταῖς</strong></span> <span class='ocrx_word' id='word_1_95' title='bbox 1486 1785 1574 1847; x_wconf 75' lang='grc' dir='ltr'><strong>μὲν</strong></span> 
     </span>
     <span class='ocr_line' id='line_1_19' title="bbox 504 1862 1571 1929; baseline 0.001 -16"><span class='ocrx_word' id='word_1_96' title='bbox 504 1864 675 1914; x_wconf 74' lang='grc' dir='ltr'><strong>ὑλικῶς</strong></span> <span class='ocrx_word' id='word_1_97' title='bbox 692 1865 924 1929; x_wconf 75' lang='grc' dir='ltr'><strong>παροῦσα,</strong></span> <span class='ocrx_word' id='word_1_98' title='bbox 955 1867 1063 1916; x_wconf 66' lang='grc' dir='ltr'><strong>ταῖς</strong></span> <span class='ocrx_word' id='word_1_99' title='bbox 1096 1863 1149 1914; x_wconf 72' lang='grc' dir='ltr'><strong>δὲ</strong></span> <span class='ocrx_word' id='word_1_100' title='bbox 1186 1862 1450 1928; x_wconf 72' lang='grc' dir='ltr'>ὑφειμένως·</span> <span class='ocrx_word' id='word_1_101' title='bbox 1484 1863 1571 1914; x_wconf 70' lang='grc' dir='ltr'><strong>ἄλ-</strong></span> 
     </span>
     <span class='ocr_line' id='line_1_20' title="bbox 505 1938 1573 2004; baseline -0.001 -15"><span class='ocrx_word' id='word_1_102' title='bbox 505 1947 615 1990; x_wconf 73' lang='grc' dir='ltr'><strong>λως</strong></span> <span class='ocrx_word' id='word_1_103' title='bbox 635 1938 687 1989; x_wconf 75' lang='grc' dir='ltr'><strong>δὲ</strong></span> <span class='ocrx_word' id='word_1_104' title='bbox 705 1938 939 2004; x_wconf 68' lang='grc' dir='ltr'><strong>ἐσχάτως,</strong></span> <span class='ocrx_word' id='word_1_105' title='bbox 972 1941 1034 1991; x_wconf 68' lang='grc' dir='ltr'><strong>ὥς</strong></span> <span class='ocrx_word' id='word_1_106' title='bbox 1054 1938 1255 1990; x_wconf 71' lang='grc' dir='ltr'><strong><em>ἕκαστον</em></strong></span> <span class='ocrx_word' id='word_1_107' title='bbox 1273 1941 1417 2000; x_wconf 71' lang='grc' dir='ltr'><strong>αὐτῆς</strong></span> <span class='ocrx_word' id='word_1_108' title='bbox 1437 1938 1573 2002; x_wconf 73' lang='grc' dir='ltr'>μετέ-</span> 
     </span>
     <span class='ocr_line' id='line_1_21' title="bbox 504 2016 1573 2080; baseline 0.003 -14"><span class='ocrx_word' id='word_1_109' title='bbox 504 2034 612 2080; x_wconf 76' lang='grc' dir='ltr'><strong>χειν</strong></span> <span class='ocrx_word' id='word_1_110' title='bbox 631 2016 825 2067; x_wconf 74' lang='grc' dir='ltr'><strong>δύναται</strong></span> <span class='ocrx_word' id='word_1_111' title='bbox 839 2021 937 2068; x_wconf 77' lang='grc' dir='ltr'><strong>τῶν</strong></span> <span class='ocrx_word' id='word_1_112' title='bbox 955 2019 1119 2068; x_wconf 71' lang='grc' dir='ltr'><strong><em>ὄντων·</em></strong></span> <span class='ocrx_word' id='word_1_113' title='bbox 1152 2019 1236 2069; x_wconf 70' lang='grc' dir='ltr'><strong>καὶ</strong></span> <span class='ocrx_word' id='word_1_114' title='bbox 1254 2019 1316 2069; x_wconf 70' lang='grc' dir='ltr'><strong>τὰ</strong></span> <span class='ocrx_word' id='word_1_115' title='bbox 1335 2018 1424 2080; x_wconf 70' lang='grc' dir='ltr'><strong>μὲν</strong></span> <span class='ocrx_word' id='word_1_116' title='bbox 1456 2017 1573 2068; x_wconf 68' lang='grc' dir='ltr'><strong>τόν·</strong></span> 
     </span>
     <span class='ocr_line' id='line_1_22' title="bbox 504 2095 1574 2161; baseline 0.002 -17"><span class='ocrx_word' id='word_1_117' title='bbox 504 2113 570 2155; x_wconf 66' lang='grc' dir='ltr'><strong>τη</strong></span> <span class='ocrx_word' id='word_1_118' title='bbox 588 2097 676 2145; x_wconf 81' lang='grc' dir='ltr'><strong>τοῦ</strong></span> <span class='ocrx_word' id='word_1_119' title='bbox 692 2096 875 2159; x_wconf 74' lang='grc' dir='ltr'><strong><em>ἀγαθοῦ</em></strong></span> <span class='ocrx_word' id='word_1_120' title='bbox 892 2095 1101 2159; x_wconf 73' lang='grc' dir='ltr'><strong>μετέχει·</strong></span> <span class='ocrx_word' id='word_1_121' title='bbox 1122 2097 1185 2148; x_wconf 74' lang='grc' dir='ltr'><strong>τὰ</strong></span> <span class='ocrx_word' id='word_1_122' title='bbox 1199 2096 1251 2147; x_wconf 82' lang='grc' dir='ltr'><strong>δὲ</strong></span> <span class='ocrx_word' id='word_1_123' title='bbox 1265 2100 1471 2161; x_wconf 74' lang='grc' dir='ltr'><strong><em>μᾶλλον,</em></strong></span> <span class='ocrx_word' id='word_1_124' title='bbox 1493 2096 1574 2146; x_wconf 73' lang='grc' dir='ltr'><strong>καὶ</strong></span> 
     </span>
     <span class='ocr_line' id='line_1_23' title="bbox 504 2169 1574 2238; baseline 0.002 -17"><span class='ocrx_word' id='word_1_125' title='bbox 504 2169 654 2230; x_wconf 71' lang='grc' dir='ltr'><strong><em>ἦττον</em></strong></span> <span class='ocrx_word' id='word_1_126' title='bbox 673 2172 934 2237; x_wconf 66' lang='grc' dir='ltr'><strong>ἐστέρηται·</strong></span> <span class='ocrx_word' id='word_1_127' title='bbox 955 2174 1017 2223; x_wconf 76' lang='grc' dir='ltr'><strong>τὰ</strong></span> <span class='ocrx_word' id='word_1_128' title='bbox 1037 2172 1089 2223; x_wconf 75' lang='grc' dir='ltr'><strong>δὲ</strong></span> <span class='ocrx_word' id='word_1_129' title='bbox 1110 2172 1421 2238; x_wconf 56' lang='grc' dir='ltr'><strong>ἀμυδροῦ-ἐραν</strong></span> <span class='ocrx_word' id='word_1_130' title='bbox 1441 2172 1574 2236; x_wconf 74' lang='grc' dir='ltr'><strong>ἔχειν</strong></span> 
     </span>
     <span class='ocr_line' id='line_1_24' title="bbox 506 2239 1574 2315; baseline 0.002 -18"><span class='ocrx_word' id='word_1_131' title='bbox 506 2250 594 2297; x_wconf 78' lang='grc' dir='ltr'><strong>τοῦ</strong></span> <span class='ocrx_word' id='word_1_132' title='bbox 623 2249 799 2312; x_wconf 75' lang='grc' dir='ltr'><strong><em>ἀγαθοῦ</em></strong></span> <span class='ocrx_word' id='word_1_133' title='bbox 832 2239 1102 2315; x_wconf 47' lang='grc' dir='ltr'><strong>μεθ-ουσίαν,</strong></span> <span class='ocrx_word' id='word_1_134' title='bbox 1136 2250 1215 2302; x_wconf 72' lang='grc' dir='ltr'><strong>καὶ</strong></span> <span class='ocrx_word' id='word_1_135' title='bbox 1253 2250 1421 2302; x_wconf 71' lang='grc' dir='ltr'><strong>ἄλλοις</strong></span> <span class='ocrx_word' id='word_1_136' title='bbox 1449 2249 1574 2300; x_wconf 70' lang='grc' dir='ltr'><strong>κατὰ</strong></span> 
     </span>
     <span class='ocr_line' id='line_1_25' title="bbox 507 2324 1572 2394; baseline 0.002 -19"><span class='ocrx_word' id='word_1_137' title='bbox 507 2324 720 2388; x_wconf 74' lang='grc' dir='ltr'><strong><em>ἔσχατον</em></strong></span> <span class='ocrx_word' id='word_1_138' title='bbox 758 2326 991 2391; x_wconf 71' lang='grc' dir='ltr'><strong><em>ἆτήχημα</em></strong></span> <span class='ocrx_word' id='word_1_139' title='bbox 1043 2326 1241 2394; x_wconf 72' lang='grc' dir='ltr'><strong>πάρέστι</strong></span> <span class='ocrx_word' id='word_1_140' title='bbox 1290 2329 1337 2378; x_wconf 61' lang='grc' dir='ltr'><strong>τ’</strong></span> <span class='ocrx_word' id='word_1_141' title='bbox 1375 2326 1572 2391; x_wconf 69' lang='grc' dir='ltr'><strong>ἀγαθόν.</strong></span> 
     </span>
     <span class='ocr_line' id='line_1_26' title="bbox 502 2403 1573 2472; baseline -0.001 -16"><span class='ocrx_word' id='word_1_142' title='bbox 502 2403 519 2432; x_wconf 90' lang='lat'>‘</span> <span class='ocrx_word' id='word_1_143' title='bbox 539 2404 694 2456; x_wconf 82' lang='lat' dir='ltr'><strong>Quod</strong></span> <span class='ocrx_word' id='word_1_144' title='bbox 729 2407 890 2471; x_wconf 82' lang='lat' dir='ltr'><strong>magis</strong></span> <span class='ocrx_word' id='word_1_145' title='bbox 924 2414 1016 2456; x_wconf 89' lang='lat' dir='ltr'><strong>aut</strong></span> <span class='ocrx_word' id='word_1_146' title='bbox 1052 2408 1220 2457; x_wconf 89' lang='lat' dir='ltr'><strong>minus</strong></span> <span class='ocrx_word' id='word_1_147' title='bbox 1254 2405 1573 2472; x_wconf 73' lang='lat' dir='ltr'><strong>propinquat</strong></span> 
     </span>
     <span class='ocr_line' id='line_1_27' title="bbox 506 2481 1570 2550; baseline 0 -18"><span class='ocrx_word' id='word_1_148' title='bbox 506 2481 656 2545; x_wconf 82' lang='lat' dir='ltr'><strong>bono,</strong></span> <span class='ocrx_word' id='word_1_149' title='bbox 676 2496 772 2545; x_wconf 91' lang='lat' dir='ltr'><strong>pro</strong></span> <span class='ocrx_word' id='word_1_150' title='bbox 792 2483 925 2548; x_wconf 84' lang='lat' dir='ltr'><strong>ipsa&#39;</strong></span> <span class='ocrx_word' id='word_1_151' title='bbox 940 2483 1384 2550; x_wconf 72' lang='lat' dir='ltr'><strong>appropinquanti</strong></span> <span class='ocrx_word' id='word_1_152' title='bbox 1400 2484 1416 2512; x_wconf 90' lang='lat'>‘</span> <span class='ocrx_word' id='word_1_153' title='bbox 1427 2497 1570 2532; x_wconf 87' lang='lat' dir='ltr'><strong>men·</strong></span> 
     </span>
     <span class='ocr_line' id='line_1_28' title="bbox 508 2556 1572 2625; baseline 0.002 -18"><span class='ocrx_word' id='word_1_154' title='bbox 508 2572 629 2608; x_wconf 82' lang='lat' dir='ltr'><strong>sura</strong></span> <span class='ocrx_word' id='word_1_155' title='bbox 663 2558 724 2610; x_wconf 83' lang='lat' dir='ltr'><strong>fit</strong></span> <span class='ocrx_word' id='word_1_156' title='bbox 762 2561 970 2612; x_wconf 90' lang='lat' dir='ltr'><strong>bonum.</strong></span> <span class='ocrx_word' id='word_1_157' title='bbox 1035 2561 1305 2625; x_wconf 85' lang='lat' dir='ltr'><strong>Siquidem</strong></span> <span class='ocrx_word' id='word_1_158' title='bbox 1335 2556 1572 2623; x_wconf 84' lang='lat' dir='ltr'><strong>perfecta</strong></span> 
     </span>
     <span class='ocr_line' id='line_1_29' title="bbox 505 2635 1571 2700; baseline -0.001 -14"><span class='ocrx_word' id='word_1_159' title='bbox 505 2635 710 2687; x_wconf 84' lang='lat' dir='ltr'><strong>bonitas</strong></span> <span class='ocrx_word' id='word_1_160' title='bbox 733 2652 827 2700; x_wconf 87' lang='lat' dir='ltr'><strong>per</strong></span> <span class='ocrx_word' id='word_1_161' title='bbox 846 2637 1019 2688; x_wconf 87' lang='lat' dir='ltr'><strong>omnia</strong></span> <span class='ocrx_word' id='word_1_162' title='bbox 1041 2652 1098 2688; x_wconf 83' lang='lat' dir='ltr'><strong>se</strong></span> <span class='ocrx_word' id='word_1_163' title='bbox 1121 2636 1432 2699; x_wconf 82' lang='lat' dir='ltr'><strong>diffundens,</strong></span> <span class='ocrx_word' id='word_1_164' title='bbox 1467 2650 1571 2685; x_wconf 90' lang='lat' dir='ltr'><strong>non</strong></span> 
     </span>
     <span class='ocr_line' id='line_1_30' title="bbox 506 2714 1569 2781; baseline -0.001 -17"><span class='ocrx_word' id='word_1_165' title='bbox 506 2714 669 2764; x_wconf 85' lang='lat' dir='ltr'><strong>solnm</strong></span> <span class='ocrx_word' id='word_1_166' title='bbox 692 2716 760 2765; x_wconf 80' lang='lat' dir='ltr'><strong>ad</strong></span> <span class='ocrx_word' id='word_1_167' title='bbox 783 2716 917 2779; x_wconf 84' lang='lat' dir='ltr'><strong>illas,</strong></span> <span class='ocrx_word' id='word_1_168' title='bbox 949 2730 1066 2781; x_wconf 77' lang='lat' dir='ltr'><strong>quae</strong></span> <span class='ocrx_word' id='word_1_169' title='bbox 1088 2723 1209 2766; x_wconf 86' lang='lat' dir='ltr'><strong>sunt</strong></span> <span class='ocrx_word' id='word_1_170' title='bbox 1240 2716 1380 2765; x_wconf 85' lang='lat' dir='ltr'><strong>circa</strong></span> <span class='ocrx_word' id='word_1_171' title='bbox 1402 2716 1569 2778; x_wconf 81' lang='lat' dir='ltr'><strong>ipsam</strong></span> 
     </span>
     <span class='ocr_line' id='line_1_31' title="bbox 507 2787 1570 2856; baseline -0.001 -17"><span class='ocrx_word' id='word_1_172' title='bbox 507 2790 825 2840; x_wconf 81' lang='lat' dir='ltr'><strong>substantias</strong></span> <span class='ocrx_word' id='word_1_173' title='bbox 865 2792 1087 2856; x_wconf 83' lang='lat' dir='ltr'><strong>optimas</strong></span> <span class='ocrx_word' id='word_1_174' title='bbox 1127 2791 1355 2854; x_wconf 83' lang='lat' dir='ltr'><strong>accedit,</strong></span> <span class='ocrx_word' id='word_1_175' title='bbox 1386 2789 1479 2840; x_wconf 77' lang='lat' dir='ltr'><strong>sed</strong></span> <span class='ocrx_word' id='word_1_176' title='bbox 1503 2787 1570 2838; x_wconf 80' lang='lat' dir='ltr'><strong>ad</strong></span> 
     </span>
     <span class='ocr_line' id='line_1_32' title="bbox 506 2868 1571 2936; baseline 0.001 -19"><span class='ocrx_word' id='word_1_177' title='bbox 506 2875 766 2919; x_wconf 84' lang='lat' dir='ltr'><strong>extremas</strong></span> <span class='ocrx_word' id='word_1_178' title='bbox 804 2884 963 2936; x_wconf 77' lang='lat' dir='ltr'><strong>usque</strong></span> <span class='ocrx_word' id='word_1_179' title='bbox 1002 2870 1271 2936; x_wconf 80' lang='lat' dir='ltr'><strong>procedit:</strong></span> <span class='ocrx_word' id='word_1_180' title='bbox 1311 2871 1423 2919; x_wconf 83' lang='lat' dir='ltr'><strong>aliis</strong></span> <span class='ocrx_word' id='word_1_181' title='bbox 1460 2868 1571 2934; x_wconf 90' lang='lat' dir='ltr'><strong>qui·</strong></span> 
     </span>
     <span class='ocr_line' id='line_1_33' title="bbox 504 2945 1569 3013; baseline 0.001 -19"><span class='ocrx_word' id='word_1_182' title='bbox 504 2945 626 2995; x_wconf 80' lang='lat' dir='ltr'><strong>dem</strong></span> <span class='ocrx_word' id='word_1_183' title='bbox 650 2961 976 3013; x_wconf 79' lang='lat' dir='ltr'><strong>summopere</strong></span> <span class='ocrx_word' id='word_1_184' title='bbox 992 2962 1245 3012; x_wconf 71' lang='lat' dir='ltr'><strong>praesens,</strong></span> <span class='ocrx_word' id='word_1_185' title='bbox 1259 2949 1374 2998; x_wconf 86' lang='lat' dir='ltr'><strong>aliis</strong></span> <span class='ocrx_word' id='word_1_186' title='bbox 1396 2957 1569 2996; x_wconf 81' lang='lat' dir='ltr'><strong>autem</strong></span> 
     </span>
     <span class='ocr_line' id='line_1_34' title="bbox 506 3021 1570 3090; baseline 0.001 -19"><span class='ocrx_word' id='word_1_187' title='bbox 506 3021 758 3072; x_wconf 85' lang='lat' dir='ltr'><strong>inferiore</strong></span> <span class='ocrx_word' id='word_1_188' title='bbox 807 3023 1029 3090; x_wconf 81' lang='lat' dir='ltr'><strong>quadam</strong></span> <span class='ocrx_word' id='word_1_189' title='bbox 1081 3025 1403 3087; x_wconf 85' lang='lat' dir='ltr'><strong>conditione,</strong></span> <span class='ocrx_word' id='word_1_190' title='bbox 1454 3023 1570 3075; x_wconf 84' lang='lat' dir='ltr'><strong>aliis</strong></span> 
     </span>
     <span class='ocr_line' id='line_1_35' title="bbox 507 3099 1571 3166; baseline 0 -18"><span class='ocrx_word' id='word_1_191' title='bbox 507 3099 721 3150; x_wconf 86' lang='lat' dir='ltr'><strong>tandem</strong></span> <span class='ocrx_word' id='word_1_192' title='bbox 754 3099 931 3150; x_wconf 77' lang='lat' dir='ltr'><strong>intimo</strong></span> <span class='ocrx_word' id='word_1_193' title='bbox 970 3100 1190 3166; x_wconf 85' lang='lat' dir='ltr'><strong>quodam</strong></span> <span class='ocrx_word' id='word_1_194' title='bbox 1225 3107 1410 3164; x_wconf 87' lang='lat' dir='ltr'><strong>pacto;</strong></span> <span class='ocrx_word' id='word_1_195' title='bbox 1447 3112 1571 3164; x_wconf 85' lang='lat' dir='ltr'><strong>qua·</strong></span> 
     </span>
     <span class='ocr_line' id='line_1_36' title="bbox 509 3175 1570 3242; baseline -0.002 -16"><span class='ocrx_word' id='word_1_196' title='bbox 509 3182 661 3226; x_wconf 82' lang='lat' dir='ltr'><strong>tenus</strong></span> <span class='ocrx_word' id='word_1_197' title='bbox 728 3177 930 3240; x_wconf 76' lang='lat' dir='ltr'><strong>singula</strong></span> <span class='ocrx_word' id='word_1_198' title='bbox 999 3175 1275 3242; x_wconf 84' lang='lat' dir='ltr'><strong>percipere</strong></span> <span class='ocrx_word' id='word_1_199' title='bbox 1329 3182 1570 3240; x_wconf 80' lang='lat' dir='ltr'><strong>possunt.</strong></span> 
     </span>
     <span class='ocr_line' id='line_1_37' title="bbox 503 3254 1573 3319; baseline -0.002 -13"><span class='ocrx_word' id='word_1_200' title='bbox 503 3254 626 3306; x_wconf 79' lang='lat' dir='ltr'><strong>Jam</strong></span> <span class='ocrx_word' id='word_1_201' title='bbox 647 3268 771 3303; x_wconf 87' lang='lat' dir='ltr'><strong>vero</strong></span> <span class='ocrx_word' id='word_1_202' title='bbox 788 3254 890 3304; x_wconf 85' lang='lat' dir='ltr'><strong>alia</strong></span> <span class='ocrx_word' id='word_1_203' title='bbox 910 3254 1096 3304; x_wconf 89' lang='lat' dir='ltr'><strong>bonum</strong></span> <span class='ocrx_word' id='word_1_204' title='bbox 1118 3268 1330 3319; x_wconf 88' lang='lat' dir='ltr'><strong>prorsus</strong></span> <span class='ocrx_word' id='word_1_205' title='bbox 1353 3255 1573 3319; x_wconf 87' lang='lat' dir='ltr'><strong>partici-</strong></span> 
     </span>
     <span class='ocr_line' id='line_1_38' title="bbox 506 3331 1571 3395; baseline 0.003 -16"><span class='ocrx_word' id='word_1_206' title='bbox 506 3337 656 3394; x_wconf 82' lang='lat' dir='ltr'><strong>pant,</strong></span> <span class='ocrx_word' id='word_1_207' title='bbox 688 3331 789 3380; x_wconf 89' lang='lat' dir='ltr'><strong>alia</strong></span> <span class='ocrx_word' id='word_1_208' title='bbox 822 3344 948 3380; x_wconf 85' lang='lat' dir='ltr'><strong>vero</strong></span> <span class='ocrx_word' id='word_1_209' title='bbox 980 3331 1145 3395; x_wconf 79' lang='lat' dir='ltr'><strong>magis</strong></span> <span class='ocrx_word' id='word_1_210' title='bbox 1179 3331 1413 3381; x_wconf 87' lang='lat' dir='ltr'><strong>minusve</strong></span> <span class='ocrx_word' id='word_1_211' title='bbox 1449 3331 1571 3382; x_wconf 84' lang='lat' dir='ltr'><strong>inde</strong></span> 
     </span>
     <span class='ocr_line' id='line_1_39' title="bbox 505 3405 1575 3469; baseline 0.006 -16"><span class='ocrx_word' id='word_1_212' title='bbox 505 3405 866 3469; x_wconf 83' lang='lat' dir='ltr'><strong>degenerant3</strong></span> <span class='ocrx_word' id='word_1_213' title='bbox 900 3407 990 3457; x_wconf 82' lang='lat' dir='ltr'><strong>sed</strong></span> <span class='ocrx_word' id='word_1_214' title='bbox 1018 3408 1119 3458; x_wconf 86' lang='lat' dir='ltr'><strong>alia</strong></span> <span class='ocrx_word' id='word_1_215' title='bbox 1137 3410 1428 3459; x_wconf 81' lang='lat' dir='ltr'><strong>tenuiorem</strong></span> <span class='ocrx_word' id='word_1_216' title='bbox 1449 3408 1575 3459; x_wconf 84' lang='lat' dir='ltr'><strong>boni</strong></span> 
     </span>
     <span class='ocr_line' id='line_1_40' title="bbox 505 3481 1574 3550; baseline 0.007 -22"><span class='ocrx_word' id='word_1_217' title='bbox 505 3481 836 3545; x_wconf 78' lang='lat' dir='ltr'><strong>praesentiam</strong></span> <span class='ocrx_word' id='word_1_218' title='bbox 855 3482 1173 3533; x_wconf 79' lang='lat' dir='ltr'><strong>sortiuntur:</strong></span> <span class='ocrx_word' id='word_1_219' title='bbox 1210 3484 1324 3532; x_wconf 90' lang='lat' dir='ltr'><strong>aliis</strong></span> <span class='ocrx_word' id='word_1_220' title='bbox 1345 3484 1574 3550; x_wconf 85' lang='lat' dir='ltr'><strong>denique</strong></span> 
     </span>
     <span class='ocr_line' id='line_1_41' title="bbox 506 3556 1572 3623; baseline 0.005 -17"><span class='ocrx_word' id='word_1_221' title='bbox 506 3556 786 3621; x_wconf 78' lang='lat' dir='ltr'><strong>vestigium</strong></span> <span class='ocrx_word' id='word_1_222' title='bbox 811 3557 931 3607; x_wconf 90' lang='lat' dir='ltr'><strong>boni</strong></span> <span class='ocrx_word' id='word_1_223' title='bbox 949 3558 1209 3623; x_wconf 83' lang='lat' dir='ltr'><strong>contingit</strong></span> <span class='ocrx_word' id='word_1_224' title='bbox 1243 3561 1572 3617; x_wconf 86' lang='lat' dir='ltr'><strong>extremum.’</strong></span> 
     </span>
     <span class='ocr_line' id='line_1_42' title="bbox 508 3634 1574 3703; baseline 0.002 -17"><span class='ocrx_word' id='word_1_225' title='bbox 508 3635 680 3686; x_wconf 81' lang='lat' dir='ltr'><strong>Quam</strong></span> <span class='ocrx_word' id='word_1_226' title='bbox 712 3634 1060 3698; x_wconf 76' lang='lat' dir='ltr'><strong>spiritualium</strong></span> <span class='ocrx_word' id='word_1_227' title='bbox 1099 3649 1574 3703; x_wconf 76' lang='lat' dir='ltr'><strong>corporearumque</strong></span> 
     </span>
     <span class='ocr_line' id='line_1_43' title="bbox 507 3710 1574 3766; baseline 0.006 -6"><span class='ocrx_word' id='word_1_228' title='bbox 507 3710 916 3762; x_wconf 74' lang='lat' dir='ltr'><strong>substantiarum</strong></span> <span class='ocrx_word' id='word_1_229' title='bbox 972 3712 1180 3762; x_wconf 80' lang='lat' dir='ltr'><strong>insitam</strong></span> <span class='ocrx_word' id='word_1_230' title='bbox 1236 3727 1267 3761; x_wconf 86' lang='lat' dir='ltr'><strong>a</strong></span> <span class='ocrx_word' id='word_1_231' title='bbox 1321 3713 1574 3766; x_wconf 78' lang='lat' dir='ltr'><strong>creatore</strong></span> 
     </span>
     <span class='ocr_line' id='line_1_44' title="bbox 507 3788 1575 3852; baseline 0.003 -14"><span class='ocrx_word' id='word_1_232' title='bbox 507 3788 981 3838; x_wconf 81' lang='lat' dir='ltr'><strong>subordinationem</strong></span> <span class='ocrx_word' id='word_1_233' title='bbox 1019 3796 1077 3838; x_wconf 87' lang='lat' dir='ltr'><strong>et</strong></span> <span class='ocrx_word' id='word_1_234' title='bbox 1120 3789 1332 3852; x_wconf 68' lang='grc' dir='ltr'><strong>εὐταξίαν</strong></span> <span class='ocrx_word' id='word_1_235' title='bbox 1380 3791 1453 3840; x_wconf 84' lang='lat' dir='ltr'><strong>sic</strong></span> <span class='ocrx_word' id='word_1_236' title='bbox 1488 3806 1575 3841; x_wconf 84' lang='lat' dir='ltr'><strong>ex·</strong></span> 
     </span>
     <span class='ocr_line' id='line_1_45' title="bbox 506 3865 1574 3931; baseline 0.005 -17"><span class='ocrx_word' id='word_1_237' title='bbox 506 3865 686 3929; x_wconf 85' lang='lat' dir='ltr'><strong>primit</strong></span> <span class='ocrx_word' id='word_1_238' title='bbox 707 3865 1027 3930; x_wconf 84' lang='lat' dir='ltr'><strong>Augustinus</strong></span> <span class='ocrx_word' id='word_1_239' title='bbox 1064 3866 1181 3931; x_wconf 76' lang='lat' dir='ltr'><strong>[lib.</strong></span> <span class='ocrx_word' id='word_1_240' title='bbox 1209 3879 1302 3918; x_wconf 83' lang='grc' dir='ltr'><strong>ιιι.</strong></span> <span class='ocrx_word' id='word_1_241' title='bbox 1339 3868 1406 3917; x_wconf 82' lang='lat' dir='ltr'><strong>de</strong></span> <span class='ocrx_word' id='word_1_242' title='bbox 1431 3868 1574 3920; x_wconf 82' lang='lat' dir='ltr'><strong>Trin.</strong></span> 
     </span>
     <span class='ocr_line' id='line_1_46' title="bbox 505 3942 1576 4011; baseline 0.004 -19"><span class='ocrx_word' id='word_1_243' title='bbox 505 3956 626 4006; x_wconf 86' lang='lat' dir='ltr'><strong>cap.</strong></span> <span class='ocrx_word' id='word_1_244' title='bbox 662 3942 739 4006; x_wconf 80' lang='grc'><strong>4.]</strong></span> <span class='ocrx_word' id='word_1_245' title='bbox 771 3945 787 3972; x_wconf 83' lang='lat'>‘</span> <span class='ocrx_word' id='word_1_246' title='bbox 807 3944 882 3994; x_wconf 89' lang='lat' dir='ltr'><strong>Ut</strong></span> <span class='ocrx_word' id='word_1_247' title='bbox 923 3956 1148 4007; x_wconf 85' lang='lat' dir='ltr'><strong>corpora</strong></span> <span class='ocrx_word' id='word_1_248' title='bbox 1182 3945 1433 3995; x_wconf 84' lang='lat' dir='ltr'><strong>crassiora</strong></span> <span class='ocrx_word' id='word_1_249' title='bbox 1476 3960 1576 4011; x_wconf 90' lang='lat' dir='ltr'><strong>per</strong></span> 
     </span>
     <span class='ocr_line' id='line_1_47' title="bbox 506 4019 1572 4088; baseline 0.004 -19"><span class='ocrx_word' id='word_1_250' title='bbox 506 4019 777 4070; x_wconf 79' lang='lat' dir='ltr'><strong>subtiliora</strong></span> <span class='ocrx_word' id='word_1_251' title='bbox 805 4026 860 4070; x_wconf 82' lang='lat' dir='ltr'><strong>et</strong></span> <span class='ocrx_word' id='word_1_252' title='bbox 894 4021 1190 4085; x_wconf 86' lang='lat' dir='ltr'><strong>potentiora</strong></span> <span class='ocrx_word' id='word_1_253' title='bbox 1224 4023 1451 4088; x_wconf 88' lang='lat' dir='ltr'><strong>quodam</strong></span> <span class='ocrx_word' id='word_1_254' title='bbox 1487 4038 1572 4073; x_wconf 89' lang='lat' dir='ltr'><strong>or·</strong></span> 
     </span>
     <span class='ocr_line' id='line_1_48' title="bbox 504 4095 1573 4166; baseline 0.007 -23"><span class='ocrx_word' id='word_1_255' title='bbox 504 4095 629 4144; x_wconf 81' lang='lat' dir='ltr'><strong>dine</strong></span> <span class='ocrx_word' id='word_1_256' title='bbox 651 4101 918 4159; x_wconf 80' lang='lat' dir='ltr'><strong>reguntur,</strong></span> <span class='ocrx_word' id='word_1_257' title='bbox 941 4097 1016 4147; x_wconf 90' lang='lat' dir='ltr'><strong>ita</strong></span> <span class='ocrx_word' id='word_1_258' title='bbox 1038 4099 1211 4149; x_wconf 83' lang='lat' dir='ltr'><strong>omnia</strong></span> <span class='ocrx_word' id='word_1_259' title='bbox 1230 4108 1450 4165; x_wconf 83' lang='lat' dir='ltr'><strong>corpora</strong></span> <span class='ocrx_word' id='word_1_260' title='bbox 1475 4113 1573 4166; x_wconf 88' lang='lat' dir='ltr'><strong>per</strong></span> 
     </span>
     <span class='ocr_line' id='line_1_49' title="bbox 506 4172 1572 4239; baseline 0.006 -17"><span class='ocrx_word' id='word_1_261' title='bbox 506 4172 744 4236; x_wconf 70' lang='lat' dir='ltr'><strong>spiritum</strong></span> <span class='ocrx_word' id='word_1_262' title='bbox 779 4173 919 4237; x_wconf 77' lang='lat' dir='ltr'><strong>vitae,</strong></span> <span class='ocrx_word' id='word_1_263' title='bbox 954 4175 1167 4239; x_wconf 80' lang='lat' dir='ltr'><strong>spiritus</strong></span> <span class='ocrx_word' id='word_1_264' title='bbox 1205 4175 1325 4226; x_wconf 80' lang='lat' dir='ltr'><strong>vitae</strong></span> <span class='ocrx_word' id='word_1_265' title='bbox 1365 4176 1572 4228; x_wconf 84' lang='lat' dir='ltr'><strong>irratio·</strong></span> 
     </span>
     <span class='ocr_line' id='line_1_50' title="bbox 504 4250 1570 4317; baseline 0.004 -18"><span class='ocrx_word' id='word_1_266' title='bbox 504 4250 660 4317; x_wconf 76' lang='lat' dir='ltr'><strong>nalis,</strong></span> <span class='ocrx_word' id='word_1_267' title='bbox 693 4264 789 4315; x_wconf 89' lang='lat' dir='ltr'><strong>per</strong></span> <span class='ocrx_word' id='word_1_268' title='bbox 812 4251 1048 4314; x_wconf 85' lang='lat' dir='ltr'><strong>spiritum</strong></span> <span class='ocrx_word' id='word_1_269' title='bbox 1080 4252 1204 4302; x_wconf 62' lang='lat' dir='ltr'><strong>vitas</strong></span> <span class='ocrx_word' id='word_1_270' title='bbox 1237 4253 1570 4304; x_wconf 70' lang='lat' dir='ltr'><strong>rationalemz</strong></span> 
     </span>
     <span class='ocr_line' id='line_1_51' title="bbox 504 4326 1572 4394; baseline 0.003 -18"><span class='ocrx_word' id='word_1_271' title='bbox 504 4330 563 4376; x_wconf 85' lang='lat' dir='ltr'><strong>et</strong></span> <span class='ocrx_word' id='word_1_272' title='bbox 581 4326 845 4377; x_wconf 80' lang='lat' dir='ltr'><strong>rationalis</strong></span> <span class='ocrx_word' id='word_1_273' title='bbox 866 4327 1103 4379; x_wconf 80' lang='lat' dir='ltr'><strong>desertor</strong></span> <span class='ocrx_word' id='word_1_274' title='bbox 1136 4335 1296 4394; x_wconf 88' lang='lat' dir='ltr'><strong>atque</strong></span> <span class='ocrx_word' id='word_1_275' title='bbox 1320 4336 1572 4394; x_wconf 80' lang='lat' dir='ltr'><strong>peccator</strong></span> 
     </span>
    </p>
   </div>
   <div class='ocr_carea' id='block_1_3' title="bbox 1208 406 2009 459">
    <p class='ocr_par' dir='ltr' id='par_1_3' title="bbox 1208 406 2009 459">
     <span class='ocr_line' id='line_1_52' title="bbox 1208 406 2009 459; baseline 0.004 -4"><span class='ocrx_word' id='word_1_276' title='bbox 1208 407 1423 457; x_wconf 61' lang='lat' dir='ltr'><strong>⁸01·AE</strong></span> <span class='ocrx_word' id='word_1_277' title='bbox 1469 406 1878 459; x_wconf 68' lang='lat' dir='ltr'><strong>vammum</strong></span> <span class='ocrx_word' id='word_1_278' title='bbox 1928 409 2009 458; x_wconf 81' lang='lat' dir='ltr'><strong>IN</strong></span> 
     </span>
    </p>
   </div>
   <div class='ocr_carea' id='block_1_4' title="bbox 1640 553 2715 4394">
    <p class='ocr_par' dir='ltr' id='par_1_4' title="bbox 1640 553 2713 1296">
     <span class='ocr_line' id='line_1_53' title="bbox 1648 553 2697 621; baseline 0.005 -19"><span class='ocrx_word' id='word_1_279' title='bbox 1648 567 1742 617; x_wconf 86' lang='lat' dir='ltr'><strong>per</strong></span> <span class='ocrx_word' id='word_1_280' title='bbox 1762 553 1999 618; x_wconf 73' lang='lat' dir='ltr'><strong>spiritum</strong></span> <span class='ocrx_word' id='word_1_281' title='bbox 2009 555 2212 619; x_wconf 82' lang='lat' dir='ltr'><strong>justum</strong></span> <span class='ocrx_word' id='word_1_282' title='bbox 2253 560 2411 621; x_wconf 87' lang='lat' dir='ltr'><strong>atque</strong></span> <span class='ocrx_word' id='word_1_283' title='bbox 2453 555 2617 621; x_wconf 90' lang='lat' dir='ltr'><strong>pium,</strong></span> <span class='ocrx_word' id='word_1_284' title='bbox 2645 562 2697 607; x_wconf 88' lang='lat' dir='ltr'><strong>et</strong></span> 
     </span>
     <span class='ocr_line' id='line_1_54' title="bbox 1640 630 2699 696; baseline 0.004 -17"><span class='ocrx_word' id='word_1_285' title='bbox 1640 630 1726 681; x_wconf 80' lang='lat' dir='ltr'><strong>bic</strong></span> <span class='ocrx_word' id='word_1_286' title='bbox 1749 646 1842 696; x_wconf 86' lang='lat' dir='ltr'><strong>per</strong></span> <span class='ocrx_word' id='word_1_287' title='bbox 1858 633 2052 695; x_wconf 82' lang='lat' dir='ltr'><strong>Deum,</strong></span> <span class='ocrx_word' id='word_1_288' title='bbox 2087 646 2148 681; x_wconf 96' lang='lat' dir='ltr'><strong>ac</strong></span> <span class='ocrx_word' id='word_1_289' title='bbox 2186 632 2261 681; x_wconf 89' lang='lat' dir='ltr'><strong>sic</strong></span> <span class='ocrx_word' id='word_1_290' title='bbox 2295 633 2540 682; x_wconf 84' lang='lat' dir='ltr'><strong>universa</strong></span> <span class='ocrx_word' id='word_1_291' title='bbox 2561 633 2699 683; x_wconf 84' lang='lat' dir='ltr'><strong>cre&#39;a-</strong></span> 
     </span>
     <span class='ocr_line' id='line_1_55' title="bbox 1644 711 2702 775; baseline 0.002 -17"><span class='ocrx_word' id='word_1_292' title='bbox 1644 715 1763 758; x_wconf 84' lang='lat' dir='ltr'><strong>tura</strong></span> <span class='ocrx_word' id='word_1_293' title='bbox 1794 724 1889 773; x_wconf 90' lang='lat' dir='ltr'><strong>per</strong></span> <span class='ocrx_word' id='word_1_294' title='bbox 1925 711 2227 759; x_wconf 89' lang='lat' dir='ltr'><strong>Creatorem</strong></span> <span class='ocrx_word' id='word_1_295' title='bbox 2269 724 2434 774; x_wconf 82' lang='lat' dir='ltr'><strong>suum,</strong></span> <span class='ocrx_word' id='word_1_296' title='bbox 2480 725 2548 759; x_wconf 85' lang='lat' dir='ltr'><strong>ex</strong></span> <span class='ocrx_word' id='word_1_297' title='bbox 2586 724 2702 775; x_wconf 85' lang='lat' dir='ltr'><strong>quo,</strong></span> 
     </span>
     <span class='ocr_line' id='line_1_56' title="bbox 1643 783 2710 848; baseline 0.003 -16"><span class='ocrx_word' id='word_1_298' title='bbox 1643 796 1737 845; x_wconf 90' lang='lat' dir='ltr'><strong>per</strong></span> <span class='ocrx_word' id='word_1_299' title='bbox 1758 798 1930 848; x_wconf 89' lang='lat' dir='ltr'><strong>quem,</strong></span> <span class='ocrx_word' id='word_1_300' title='bbox 1963 783 2016 832; x_wconf 88' lang='lat' dir='ltr'><strong>in</strong></span> <span class='ocrx_word' id='word_1_301' title='bbox 2052 798 2153 848; x_wconf 87' lang='lat' dir='ltr'><strong>quo</strong></span> <span class='ocrx_word' id='word_1_302' title='bbox 2195 784 2409 835; x_wconf 89' lang='lat' dir='ltr'><strong>condita</strong></span> <span class='ocrx_word' id='word_1_303' title='bbox 2452 786 2612 835; x_wconf 87' lang='lat' dir='ltr'><strong>etiam</strong></span> <span class='ocrx_word' id='word_1_304' title='bbox 2656 791 2710 835; x_wconf 89' lang='lat' dir='ltr'><strong>et</strong></span> 
     </span>
     <span class='ocr_line' id='line_1_57' title="bbox 1642 860 2708 913; baseline 0.005 -6"><span class='ocrx_word' id='word_1_305' title='bbox 1642 860 1888 910; x_wconf 77' lang='lat' dir='ltr'><strong>instituta</strong></span> <span class='ocrx_word' id='word_1_306' title='bbox 1906 860 2023 910; x_wconf 62' lang='lat' dir='ltr'><strong>est?</strong></span> <span class='ocrx_word' id='word_1_307' title='bbox 2086 861 2241 913; x_wconf 79' lang='lat' dir='ltr'><strong>Quod</strong></span> <span class='ocrx_word' id='word_1_308' title='bbox 2277 869 2453 911; x_wconf 88' lang='lat' dir='ltr'><strong>autem</strong></span> <span class='ocrx_word' id='word_1_309' title='bbox 2494 862 2582 912; x_wconf 88' lang='lat' dir='ltr'><strong>hic</strong></span> <span class='ocrx_word' id='word_1_310' title='bbox 2605 863 2708 913; x_wconf 83' lang='lat' dir='ltr'><strong>De·</strong></span> 
     </span>
     <span class='ocr_line' id='line_1_58' title="bbox 1643 936 2712 1004; baseline 0.003 -19"><span class='ocrx_word' id='word_1_311' title='bbox 1643 951 1729 985; x_wconf 89' lang='lat' dir='ltr'><strong>um</strong></span> <span class='ocrx_word' id='word_1_312' title='bbox 1779 936 1794 963; x_wconf 89' lang='lat'>‘</span> <span class='ocrx_word' id='word_1_313' title='bbox 1824 944 2053 986; x_wconf 87' lang='lat' dir='ltr'><strong>mentem</strong></span> <span class='ocrx_word' id='word_1_314' title='bbox 2110 938 2324 1001; x_wconf 87' lang='lat' dir='ltr'><strong>primam</strong></span> <span class='ocrx_word' id='word_1_315' title='bbox 2349 938 2364 959; x_wconf 91' lang='lat'>&#39;</span> <span class='ocrx_word' id='word_1_316' title='bbox 2419 946 2712 1004; x_wconf 83' lang='lat' dir='ltr'><strong>nuncupat,</strong></span> 
     </span>
     <span class='ocr_line' id='line_1_59' title="bbox 1642 1014 2713 1079; baseline 0.003 -17"><span class='ocrx_word' id='word_1_317' title='bbox 1642 1028 1785 1064; x_wconf 89' lang='lat' dir='ltr'><strong>more</strong></span> <span class='ocrx_word' id='word_1_318' title='bbox 1801 1014 2037 1063; x_wconf 79' lang='lat' dir='ltr'><strong>Platonis</strong></span> <span class='ocrx_word' id='word_1_319' title='bbox 2056 1014 2552 1079; x_wconf 83' lang='lat' dir='ltr'><strong>Platonicorumque</strong></span> <span class='ocrx_word' id='word_1_320' title='bbox 2567 1014 2713 1079; x_wconf 85' lang='lat' dir='ltr'><strong>facit,</strong></span> 
     </span>
     <span class='ocr_line' id='line_1_60' title="bbox 1641 1089 2710 1156; baseline 0.003 -18"><span class='ocrx_word' id='word_1_321' title='bbox 1641 1090 1865 1156; x_wconf 79' lang='lat' dir='ltr'><strong>quicum</strong></span> <span class='ocrx_word' id='word_1_322' title='bbox 1885 1089 1968 1141; x_wconf 74' lang='grc' dir='ltr'><strong>τὸν</strong></span> <span class='ocrx_word' id='word_1_323' title='bbox 1987 1092 2091 1140; x_wconf 80' lang='grc' dir='ltr'><strong><em>νοῦν</em></strong></span> <span class='ocrx_word' id='word_1_324' title='bbox 2119 1092 2310 1156; x_wconf 85' lang='lat' dir='ltr'><strong>passim</strong></span> <span class='ocrx_word' id='word_1_325' title='bbox 2348 1099 2557 1143; x_wconf 85' lang='lat' dir='ltr'><strong>vocant.</strong></span> <span class='ocrx_word' id='word_1_326' title='bbox 2623 1094 2710 1142; x_wconf 86' lang='lat' dir='ltr'><strong>Vi-</strong></span> 
     </span>
     <span class='ocr_line' id='line_1_61' title="bbox 1641 1167 2711 1235; baseline 0.004 -19"><span class='ocrx_word' id='word_1_327' title='bbox 1641 1167 1840 1217; x_wconf 82' lang='lat' dir='ltr'><strong>dendus</strong></span> <span class='ocrx_word' id='word_1_328' title='bbox 1879 1173 1998 1232; x_wconf 83' lang='lat' dir='ltr'><strong>post</strong></span> <span class='ocrx_word' id='word_1_329' title='bbox 2027 1169 2302 1218; x_wconf 86' lang='lat' dir='ltr'><strong>Platonem</strong></span> <span class='ocrx_word' id='word_1_330' title='bbox 2328 1168 2555 1218; x_wconf 85' lang='lat' dir='ltr'><strong>Aristot.</strong></span> <span class='ocrx_word' id='word_1_331' title='bbox 2595 1182 2711 1235; x_wconf 83' lang='lat' dir='ltr'><strong>cap.</strong></span> 
     </span>
     <span class='ocr_line' id='line_1_62' title="bbox 1643 1244 2381 1296; baseline 0 -1"><span class='ocrx_word' id='word_1_332' title='bbox 1643 1248 1722 1295; x_wconf 82' lang='lat'><strong>11.</strong></span> <span class='ocrx_word' id='word_1_333' title='bbox 1744 1244 1835 1294; x_wconf 84' lang='lat' dir='ltr'><strong>lib.</strong></span> <span class='ocrx_word' id='word_1_334' title='bbox 1857 1244 1924 1295; x_wconf 84' lang='lat' dir='ltr'><strong>de</strong></span> <span class='ocrx_word' id='word_1_335' title='bbox 1948 1245 2166 1295; x_wconf 84' lang='lat' dir='ltr'><strong>Mundo.</strong></span> <span class='ocrx_word' id='word_1_336' title='bbox 2208 1246 2381 1296; x_wconf 67' lang='lat' dir='ltr'><strong>Vallia.</strong></span> 
     </span>
    </p>

    <p class='ocr_par' dir='ltr' id='par_1_5' title="bbox 1643 1320 2714 1848">
     <span class='ocr_line' id='line_1_63' title="bbox 1644 1320 2714 1386; baseline 0.002 -17"><span class='ocrx_word' id='word_1_337' title='bbox 1644 1353 1651 1354; x_wconf 27' lang='lat' dir='ltr'><em>ff</em></span> <span class='ocrx_word' id='word_1_338' title='bbox 1708 1320 1835 1370; x_wconf 78' lang='lat' dir='ltr'><strong>Hoec</strong></span> <span class='ocrx_word' id='word_1_339' title='bbox 1853 1327 1989 1371; x_wconf 75' lang='lat' dir='ltr'><strong>acm</strong></span> <span class='ocrx_word' id='word_1_340' title='bbox 2007 1322 2176 1386; x_wconf 77' lang='lat' dir='ltr'><strong>etiam]</strong></span> <span class='ocrx_word' id='word_1_341' title='bbox 2210 1323 2455 1372; x_wconf 74' lang='lat' dir='ltr'><strong>Imitatur</strong></span> <span class='ocrx_word' id='word_1_342' title='bbox 2473 1322 2592 1372; x_wconf 82' lang='lat' dir='ltr'><strong>haec</strong></span> <span class='ocrx_word' id='word_1_343' title='bbox 2607 1323 2714 1371; x_wconf 85' lang='lat' dir='ltr'><strong>Sal·</strong></span> 
     </span>
     <span class='ocr_line' id='line_1_64' title="bbox 1644 1397 2713 1449; baseline 0.003 -4"><span class='ocrx_word' id='word_1_344' title='bbox 1644 1397 1824 1446; x_wconf 73' lang='lat' dir='ltr'><strong>vianus</strong></span> <span class='ocrx_word' id='word_1_345' title='bbox 1846 1398 1938 1447; x_wconf 89' lang='lat' dir='ltr'><strong>lib.</strong></span> <span class='ocrx_word' id='word_1_346' title='bbox 1960 1412 2001 1447; x_wconf 82' lang='grc' dir='ltr'><strong>ι.</strong></span> <span class='ocrx_word' id='word_1_347' title='bbox 2023 1398 2090 1447; x_wconf 85' lang='lat' dir='ltr'><strong>(le</strong></span> <span class='ocrx_word' id='word_1_348' title='bbox 2114 1398 2255 1448; x_wconf 84' lang='lat' dir='ltr'><strong>Gub.</strong></span> <span class='ocrx_word' id='word_1_349' title='bbox 2279 1400 2407 1449; x_wconf 82' lang='lat' dir='ltr'><strong>Dei:</strong></span> <span class='ocrx_word' id='word_1_350' title='bbox 2439 1399 2456 1427; x_wconf 90' lang='lat'>‘</span> <span class='ocrx_word' id='word_1_351' title='bbox 2478 1400 2713 1449; x_wconf 79' lang='lat' dir='ltr'><strong>Praeser-</strong></span> 
     </span>
     <span class='ocr_line' id='line_1_65' title="bbox 1644 1472 2711 1540; baseline 0.004 -18"><span class='ocrx_word' id='word_1_352' title='bbox 1644 1472 1738 1522; x_wconf 87' lang='lat' dir='ltr'><strong>tim</strong></span> <span class='ocrx_word' id='word_1_353' title='bbox 1760 1487 1879 1523; x_wconf 89' lang='lat' dir='ltr'><strong>cum</strong></span> <span class='ocrx_word' id='word_1_354' title='bbox 1914 1474 2071 1523; x_wconf 84' lang='lat' dir='ltr'><strong>etiam</strong></span> <span class='ocrx_word' id='word_1_355' title='bbox 2113 1476 2164 1524; x_wconf 90' lang='lat' dir='ltr'><strong>in</strong></span> <span class='ocrx_word' id='word_1_356' title='bbox 2204 1476 2301 1539; x_wconf 84' lang='lat' dir='ltr'><strong>his,</strong></span> <span class='ocrx_word' id='word_1_357' title='bbox 2333 1491 2448 1540; x_wconf 80' lang='lat' dir='ltr'><strong>quae</strong></span> <span class='ocrx_word' id='word_1_358' title='bbox 2486 1477 2711 1526; x_wconf 87' lang='lat' dir='ltr'><strong>humano</strong></span> 
     </span>
     <span class='ocr_line' id='line_1_66' title="bbox 1644 1550 2711 1617; baseline 0.004 -17"><span class='ocrx_word' id='word_1_359' title='bbox 1644 1557 1770 1601; x_wconf 87' lang='lat' dir='ltr'><strong>actu</strong></span> <span class='ocrx_word' id='word_1_360' title='bbox 1819 1550 2265 1615; x_wconf 82' lang='lat' dir='ltr'><strong>administrantur,</strong></span> <span class='ocrx_word' id='word_1_361' title='bbox 2313 1553 2440 1603; x_wconf 80' lang='lat' dir='ltr'><strong>nihil</strong></span> <span class='ocrx_word' id='word_1_362' title='bbox 2498 1554 2711 1617; x_wconf 83' lang='lat' dir='ltr'><strong>penitus</strong></span> 
     </span>
     <span class='ocr_line' id='line_1_67' title="bbox 1644 1628 2713 1695; baseline 0.003 -18"><span class='ocrx_word' id='word_1_363' title='bbox 1644 1628 1755 1677; x_wconf 79' lang='lat' dir='ltr'><strong>aine</strong></span> <span class='ocrx_word' id='word_1_364' title='bbox 1779 1628 1978 1678; x_wconf 84' lang='lat' dir='ltr'><strong>ratione</strong></span> <span class='ocrx_word' id='word_1_365' title='bbox 2012 1630 2280 1691; x_wconf 83' lang='lat' dir='ltr'><strong>consistat,</strong></span> <span class='ocrx_word' id='word_1_366' title='bbox 2314 1631 2594 1695; x_wconf 86' lang='lat' dir='ltr'><strong>omniaque</strong></span> <span class='ocrx_word' id='word_1_367' title='bbox 2636 1632 2713 1680; x_wconf 84' lang='lat' dir='ltr'><strong>ita</strong></span> 
     </span>
     <span class='ocr_line' id='line_1_68' title="bbox 1643 1706 2711 1774; baseline 0 -18"><span class='ocrx_word' id='word_1_368' title='bbox 1643 1722 1677 1756; x_wconf 81' lang='lat' dir='ltr'><strong>a</strong></span> <span class='ocrx_word' id='word_1_369' title='bbox 1714 1706 2060 1758; x_wconf 83' lang='lat' dir='ltr'><strong>Providentia</strong></span> <span class='ocrx_word' id='word_1_370' title='bbox 2102 1708 2529 1771; x_wconf 84' lang='lat' dir='ltr'><strong>incolumitatem,</strong></span> <span class='ocrx_word' id='word_1_371' title='bbox 2568 1709 2711 1774; x_wconf 77' lang='lat' dir='ltr'><strong>quasi</strong></span> 
     </span>
     <span class='ocr_line' id='line_1_69' title="bbox 1647 1784 2714 1848; baseline 0.004 -14"><span class='ocrx_word' id='word_1_372' title='bbox 1647 1799 1835 1848; x_wconf 87' lang='lat' dir='ltr'><strong>corpus</strong></span> <span class='ocrx_word' id='word_1_373' title='bbox 1900 1784 1965 1835; x_wconf 87' lang='lat' dir='ltr'><strong>ab</strong></span> <span class='ocrx_word' id='word_1_374' title='bbox 2028 1786 2201 1835; x_wconf 83' lang='lat' dir='ltr'><strong>anima</strong></span> <span class='ocrx_word' id='word_1_375' title='bbox 2252 1786 2412 1836; x_wconf 83' lang='lat' dir='ltr'><strong>vitam</strong></span> <span class='ocrx_word' id='word_1_376' title='bbox 2471 1784 2714 1838; x_wconf 79' lang='lat' dir='ltr'><strong>trabant.&#39;</strong></span> 
     </span>
    </p>

    <p class='ocr_par' dir='ltr' id='par_1_6' title="bbox 1645 1937 2713 2527">
     <span class='ocr_line' id='line_1_70' title="bbox 1710 1937 2710 2001; baseline 0.003 -14"><span class='ocrx_word' id='word_1_377' title='bbox 1710 1938 1932 1987; x_wconf 74' lang='lat' dir='ltr'><strong>Lucanas</strong></span> <span class='ocrx_word' id='word_1_378' title='bbox 2000 1937 2269 2001; x_wconf 72' lang='lat' dir='ltr'><strong>admonuit]</strong></span> <span class='ocrx_word' id='word_1_379' title='bbox 2340 1940 2566 1990; x_wconf 89' lang='lat' dir='ltr'><strong>Famoso</strong></span> <span class='ocrx_word' id='word_1_380' title='bbox 2622 1940 2710 1990; x_wconf 91' lang='lat' dir='ltr'><strong>illo</strong></span> 
     </span>
     <span class='ocr_line' id='line_1_71' title="bbox 1646 2013 2708 2081; baseline 0.005 -19"><span class='ocrx_word' id='word_1_381' title='bbox 1646 2028 1800 2063; x_wconf 84' lang='lat' dir='ltr'><strong>versu</strong></span> <span class='ocrx_word' id='word_1_382' title='bbox 1821 2014 1912 2063; x_wconf 87' lang='lat' dir='ltr'><strong>lib.</strong></span> <span class='ocrx_word' id='word_1_383' title='bbox 1950 2027 1987 2064; x_wconf 85' lang='lat'><strong>1.</strong></span> <span class='ocrx_word' id='word_1_384' title='bbox 2022 2013 2090 2063; x_wconf 85' lang='lat' dir='ltr'><strong>de</strong></span> <span class='ocrx_word' id='word_1_385' title='bbox 2124 2014 2188 2065; x_wconf 87' lang='lat' dir='ltr'><strong>B.</strong></span> <span class='ocrx_word' id='word_1_386' title='bbox 2213 2013 2272 2065; x_wconf 87' lang='lat' dir='ltr'><strong>C.&#39;</strong></span> <span class='ocrx_word' id='word_1_387' title='bbox 2339 2019 2355 2043; x_wconf 84' lang='lat'>⁸</span> <span class='ocrx_word' id='word_1_388' title='bbox 2379 2015 2497 2065; x_wconf 87' lang='lat' dir='ltr'><strong>Nec</strong></span> <span class='ocrx_word' id='word_1_389' title='bbox 2532 2029 2708 2081; x_wconf 89' lang='lat' dir='ltr'><strong>quem-</strong></span> 
     </span>
     <span class='ocr_line' id='line_1_72' title="bbox 1645 2089 2710 2158; baseline 0.004 -19"><span class='ocrx_word' id='word_1_390' title='bbox 1645 2105 1799 2155; x_wconf 87' lang='lat' dir='ltr'><strong>quam</strong></span> <span class='ocrx_word' id='word_1_391' title='bbox 1814 2089 1926 2154; x_wconf 86' lang='lat' dir='ltr'><strong>jam</strong></span> <span class='ocrx_word' id='word_1_392' title='bbox 1949 2089 2089 2139; x_wconf 76' lang='lat' dir='ltr'><strong>ferre</strong></span> <span class='ocrx_word' id='word_1_393' title='bbox 2126 2097 2303 2155; x_wconf 85' lang='lat' dir='ltr'><strong>potest</strong></span> <span class='ocrx_word' id='word_1_394' title='bbox 2337 2091 2587 2143; x_wconf 79' lang='lat' dir='ltr'><strong>Caesarve</strong></span> <span class='ocrx_word' id='word_1_395' title='bbox 2608 2094 2710 2158; x_wconf 87' lang='lat' dir='ltr'><strong>pri·-</strong></span> 
     </span>
     <span class='ocr_line' id='line_1_73' title="bbox 1646 2167 2712 2234; baseline 0.004 -17"><span class='ocrx_word' id='word_1_396' title='bbox 1646 2181 1807 2229; x_wconf 86' lang='lat' dir='ltr'><strong>orem,</strong></span> <span class='ocrx_word' id='word_1_397' title='bbox 1832 2167 2178 2231; x_wconf 84' lang='lat' dir='ltr'><strong>Pompeiusve</strong></span> <span class='ocrx_word' id='word_1_398' title='bbox 2217 2182 2430 2231; x_wconf 84' lang='lat' dir='ltr'><strong>parem:</strong></span> <span class='ocrx_word' id='word_1_399' title='bbox 2467 2169 2585 2234; x_wconf 79' lang='lat' dir='ltr'><strong>quis</strong></span> <span class='ocrx_word' id='word_1_400' title='bbox 2602 2171 2712 2234; x_wconf 87' lang='lat' dir='ltr'><strong>jus-</strong></span> 
     </span>
     <span class='ocr_line' id='line_1_74' title="bbox 1647 2245 2711 2311; baseline 0.001 -15"><span class='ocrx_word' id='word_1_401' title='bbox 1647 2246 1749 2296; x_wconf 78' lang='lat' dir='ltr'><strong>tius</strong></span> <span class='ocrx_word' id='word_1_402' title='bbox 1769 2245 1938 2296; x_wconf 84' lang='lat' dir='ltr'><strong>induit</strong></span> <span class='ocrx_word' id='word_1_403' title='bbox 1958 2259 2106 2298; x_wconf 34' lang='lat' dir='ltr'><strong>*arma</strong></span> <span class='ocrx_word' id='word_1_404' title='bbox 2138 2246 2282 2295; x_wconf 86' lang='lat' dir='ltr'><strong>Scire</strong></span> <span class='ocrx_word' id='word_1_405' title='bbox 2315 2246 2481 2304; x_wconf 77' lang='lat' dir='ltr'><strong>nefas,</strong></span> <span class='ocrx_word' id='word_1_406' title='bbox 2524 2262 2711 2311; x_wconf 86' lang='lat' dir='ltr'><strong>magno</strong></span> 
     </span>
     <span class='ocr_line' id='line_1_75' title="bbox 1647 2321 2713 2386; baseline 0.002 -15"><span class='ocrx_word' id='word_1_407' title='bbox 1647 2336 1705 2372; x_wconf 81' lang='lat' dir='ltr'><strong>se</strong></span> <span class='ocrx_word' id='word_1_408' title='bbox 1739 2321 1917 2386; x_wconf 83' lang='lat' dir='ltr'><strong>judice</strong></span> <span class='ocrx_word' id='word_1_409' title='bbox 1971 2322 2190 2386; x_wconf 85' lang='lat' dir='ltr'><strong>quisque</strong></span> <span class='ocrx_word' id='word_1_410' title='bbox 2240 2327 2445 2372; x_wconf 83' lang='lat' dir='ltr'><strong>tuetur:</strong></span> <span class='ocrx_word' id='word_1_411' title='bbox 2503 2324 2713 2374; x_wconf 86' lang='lat' dir='ltr'><strong>Victrix</strong></span> 
     </span>
     <span class='ocr_line' id='line_1_76' title="bbox 1646 2399 2712 2461; baseline 0.003 -14"><span class='ocrx_word' id='word_1_412' title='bbox 1646 2414 1807 2448; x_wconf 84' lang='lat' dir='ltr'><strong>causa</strong></span> <span class='ocrx_word' id='word_1_413' title='bbox 1828 2399 1953 2455; x_wconf 83' lang='lat' dir='ltr'><strong>Deis</strong></span> <span class='ocrx_word' id='word_1_414' title='bbox 1974 2399 2191 2461; x_wconf 83' lang='lat' dir='ltr'><strong>placuit,</strong></span> <span class='ocrx_word' id='word_1_415' title='bbox 2212 2399 2303 2448; x_wconf 84' lang='lat' dir='ltr'><strong>sed</strong></span> <span class='ocrx_word' id='word_1_416' title='bbox 2327 2399 2469 2449; x_wconf 80' lang='lat' dir='ltr'><strong>victa</strong></span> <span class='ocrx_word' id='word_1_417' title='bbox 2489 2399 2712 2452; x_wconf 67' lang='lat' dir='ltr'><strong>Catoni?</strong></span> 
     </span>
     <span class='ocr_line' id='line_1_77' title="bbox 1653 2477 1830 2527; baseline 0 0"><span class='ocrx_word' id='word_1_418' title='bbox 1653 2477 1830 2527; x_wconf 64' lang='lat' dir='ltr'><strong>Vallia.</strong></span> 
     </span>
    </p>

    <p class='ocr_par' dir='ltr' id='par_1_7' title="bbox 1643 2553 2715 2833">
     <span class='ocr_line' id='line_1_78' title="bbox 1712 2553 2715 2617; baseline 0.002 -15"><span class='ocrx_word' id='word_1_419' title='bbox 1712 2554 1844 2602; x_wconf 81' lang='lat' dir='ltr'><strong>Nam</strong></span> <span class='ocrx_word' id='word_1_420' title='bbox 1863 2557 1914 2601; x_wconf 72' lang='lat' dir='ltr'><strong>ul</strong></span> <span class='ocrx_word' id='word_1_421' title='bbox 1928 2553 2117 2616; x_wconf 75' lang='lat' dir='ltr'><strong>quidam</strong></span> <span class='ocrx_word' id='word_1_422' title='bbox 2131 2568 2206 2603; x_wconf 78' lang='lat' dir='ltr'><strong>me</strong></span> <span class='ocrx_word' id='word_1_423' title='bbox 2219 2568 2396 2617; x_wconf 76' lang='lat' dir='ltr'><strong>quoque</strong></span> <span class='ocrx_word' id='word_1_424' title='bbox 2411 2554 2715 2604; x_wconf 72' lang='lat' dir='ltr'><strong>excellentior</strong></span> 
     </span>
     <span class='ocr_line' id='line_1_79' title="bbox 1645 2627 2709 2694; baseline 0.002 -16"><span class='ocrx_word' id='word_1_425' title='bbox 1645 2628 1738 2690; x_wconf 76' lang='lat' dir='ltr'><strong>ait,</strong></span> <span class='ocrx_word' id='word_1_426' title='bbox 1758 2628 1944 2694; x_wconf 74' lang='grc' dir='ltr'><strong><em>Ἀνδρὸς</em></strong></span> <span class='ocrx_word' id='word_1_427' title='bbox 1976 2629 2097 2693; x_wconf 70' lang='grc' dir='ltr'><strong><em>ἱεροῦ</em></strong></span> <span class='ocrx_word' id='word_1_428' title='bbox 2122 2632 2262 2691; x_wconf 75' lang='grc' dir='ltr'><strong><em>’σῶμα</em></strong></span> <span class='ocrx_word' id='word_1_429' title='bbox 2295 2627 2507 2690; x_wconf 70' lang='grc' dir='ltr'><strong>δυνάμεις</strong></span> <span class='ocrx_word' id='word_1_430' title='bbox 2539 2629 2709 2680; x_wconf 73' lang='grc' dir='ltr'><strong><em>οἰκοδο-</em></strong></span> 
     </span>
     <span class='ocr_line' id='line_1_80' title="bbox 1643 2704 2714 2772; baseline 0.003 -18"><span class='ocrx_word' id='word_1_431' title='bbox 1643 2704 1804 2768; x_wconf 79' lang='grc' dir='ltr'><strong>μοῦσι]</strong></span> <span class='ocrx_word' id='word_1_432' title='bbox 1839 2705 1903 2755; x_wconf 90' lang='lat' dir='ltr'><strong>Id</strong></span> <span class='ocrx_word' id='word_1_433' title='bbox 1927 2714 2028 2769; x_wconf 87' lang='lat' dir='ltr'><strong>est,</strong></span> <span class='ocrx_word' id='word_1_434' title='bbox 2054 2708 2071 2734; x_wconf 87' lang='lat'>‘</span> <span class='ocrx_word' id='word_1_435' title='bbox 2096 2707 2192 2757; x_wconf 86' lang='lat' dir='ltr'><strong>viri</strong></span> <span class='ocrx_word' id='word_1_436' title='bbox 2225 2709 2360 2757; x_wconf 81' lang='lat' dir='ltr'><strong>sacri</strong></span> <span class='ocrx_word' id='word_1_437' title='bbox 2395 2722 2592 2772; x_wconf 84' lang='lat' dir='ltr'><strong>corpus</strong></span> <span class='ocrx_word' id='word_1_438' title='bbox 2613 2709 2714 2759; x_wconf 82' lang='lat' dir='ltr'><strong>vir·</strong></span> 
     </span>
     <span class='ocr_line' id='line_1_81' title="bbox 1646 2781 2384 2833; baseline 0.001 -1"><span class='ocrx_word' id='word_1_439' title='bbox 1646 2791 1792 2833; x_wconf 85' lang='lat' dir='ltr'><strong>tutes</strong></span> <span class='ocrx_word' id='word_1_440' title='bbox 1816 2781 2113 2832; x_wconf 77' lang='lat' dir='ltr'><strong>aedificant.’</strong></span> <span class='ocrx_word' id='word_1_441' title='bbox 2153 2783 2384 2833; x_wconf 70' lang='lat' dir='ltr'><strong>Bamare.</strong></span> 
     </span>
    </p>

    <p class='ocr_par' dir='ltr' id='par_1_8' title="bbox 1647 2860 2714 3065">
     <span class='ocr_line' id='line_1_82' title="bbox 1715 2860 2714 2924; baseline 0.003 -15"><span class='ocrx_word' id='word_1_442' title='bbox 1715 2861 1956 2916; x_wconf 70' lang='lat' dir='ltr'><strong>Quosdam</strong></span> <span class='ocrx_word' id='word_1_443' title='bbox 1983 2860 2242 2924; x_wconf 73' lang='lat' dir='ltr'><strong>remordet]</strong></span> <span class='ocrx_word' id='word_1_444' title='bbox 2284 2861 2492 2911; x_wconf 82' lang='lat' dir='ltr'><strong>Lucret.</strong></span> <span class='ocrx_word' id='word_1_445' title='bbox 2515 2861 2607 2912; x_wconf 83' lang='lat' dir='ltr'><strong>lib.</strong></span> <span class='ocrx_word' id='word_1_446' title='bbox 2627 2874 2714 2913; x_wconf 83' lang='lat' dir='ltr'><strong>m.</strong></span> 
     </span>
     <span class='ocr_line' id='line_1_83' title="bbox 1648 2937 2714 3004; baseline 0.002 -17"><span class='ocrx_word' id='word_1_447' title='bbox 1648 2939 1664 2966; x_wconf 84' lang='lat'>‘</span> <span class='ocrx_word' id='word_1_448' title='bbox 1689 2937 2091 3000; x_wconf 73' lang='lat' dir='ltr'><strong>Praeteritisque</strong></span> <span class='ocrx_word' id='word_1_449' title='bbox 2133 2937 2358 2986; x_wconf 81' lang='lat' dir='ltr'><strong>admissa</strong></span> <span class='ocrx_word' id='word_1_450' title='bbox 2399 2939 2551 2989; x_wconf 82' lang='lat' dir='ltr'><strong>annis</strong></span> <span class='ocrx_word' id='word_1_451' title='bbox 2584 2938 2714 3004; x_wconf 65' lang='lat' dir='ltr'><strong>pec·</strong></span> 
     </span>
     <span class='ocr_line' id='line_1_84' title="bbox 1647 3013 2333 3065; baseline 0.001 -1"><span class='ocrx_word' id='word_1_452' title='bbox 1647 3022 1769 3064; x_wconf 83' lang='lat' dir='ltr'><strong>cata</strong></span> <span class='ocrx_word' id='word_1_453' title='bbox 1787 3013 2119 3064; x_wconf 71' lang='lat' dir='ltr'><strong>remordent!</strong></span> <span class='ocrx_word' id='word_1_454' title='bbox 2159 3014 2333 3065; x_wconf 65' lang='lat' dir='ltr'><strong>Sirm-</strong></span> 
     </span>
    </p>

    <p class='ocr_par' dir='ltr' id='par_1_9' title="bbox 1644 3093 2710 3298">
     <span class='ocr_line' id='line_1_85' title="bbox 1644 3093 2710 3159; baseline 0.001 -17"><span class='ocrx_word' id='word_1_455' title='bbox 1644 3122 1649 3129; x_wconf 89' lang='lat'><strong>·</strong></span> <span class='ocrx_word' id='word_1_456' title='bbox 1715 3093 1941 3144; x_wconf 74' lang='lat' dir='ltr'><strong>Forsitan</strong></span> <span class='ocrx_word' id='word_1_457' title='bbox 1979 3093 2292 3157; x_wconf 69' lang='lat' dir='ltr'><strong>pertimescit]</strong></span> <span class='ocrx_word' id='word_1_458' title='bbox 2333 3093 2472 3144; x_wconf 88' lang='lat' dir='ltr'><strong>Pub.</strong></span> <span class='ocrx_word' id='word_1_459' title='bbox 2519 3095 2710 3159; x_wconf 80' lang='lat' dir='ltr'><strong>Syrus:</strong></span> 
     </span>
     <span class='ocr_line' id='line_1_86' title="bbox 1649 3171 2710 3235; baseline 0 -12"><span class='ocrx_word' id='word_1_460' title='bbox 1649 3171 1668 3201; x_wconf 85' lang='lat'>‘</span> <span class='ocrx_word' id='word_1_461' title='bbox 1691 3173 1970 3235; x_wconf 85' lang='lat' dir='ltr'><strong>Nunquam</strong></span> <span class='ocrx_word' id='word_1_462' title='bbox 2013 3185 2198 3221; x_wconf 87' lang='lat' dir='ltr'><strong>secura</strong></span> <span class='ocrx_word' id='word_1_463' title='bbox 2252 3179 2333 3221; x_wconf 86' lang='lat' dir='ltr'><strong>est</strong></span> <span class='ocrx_word' id='word_1_464' title='bbox 2378 3184 2545 3235; x_wconf 83' lang='lat' dir='ltr'><strong>prava</strong></span> <span class='ocrx_word' id='word_1_465' title='bbox 2592 3184 2710 3223; x_wconf 85' lang='lat' dir='ltr'><strong>con-</strong></span> 
     </span>
     <span class='ocr_line' id='line_1_87' title="bbox 1644 3246 2521 3298; baseline -0.007 0"><span class='ocrx_word' id='word_1_466' title='bbox 1644 3246 1902 3298; x_wconf 57' lang='lat' dir='ltr'><strong>scientia?</strong></span> <span class='ocrx_word' id='word_1_467' title='bbox 1938 3247 2089 3296; x_wconf 81' lang='lat' dir='ltr'><strong>Idem.</strong></span> <span class='ocrx_word' id='word_1_468' title='bbox 2512 3266 2521 3275; x_wconf 92' lang='lat'><strong>·</strong></span> 
     </span>
    </p>

    <p class='ocr_par' dir='ltr' id='par_1_10' title="bbox 1642 3323 2713 4394">
     <span class='ocr_line' id='line_1_88' title="bbox 1711 3323 2712 3389; baseline -0.001 -16"><span class='ocrx_word' id='word_1_469' title='bbox 1711 3323 1848 3373; x_wconf 74' lang='lat' dir='ltr'><strong>Alios</strong></span> <span class='ocrx_word' id='word_1_470' title='bbox 1888 3323 1940 3372; x_wconf 76' lang='lat' dir='ltr'><strong>in</strong></span> <span class='ocrx_word' id='word_1_471' title='bbox 1990 3324 2168 3372; x_wconf 81' lang='lat' dir='ltr'><strong>cladem</strong></span> <span class='ocrx_word' id='word_1_472' title='bbox 2220 3323 2440 3372; x_wconf 78' lang='lat' dir='ltr'><strong>meritam</strong></span> <span class='ocrx_word' id='word_1_473' title='bbox 2488 3324 2712 3389; x_wconf 62' lang='lat' dir='ltr'><strong>pret-ip]</strong></span> 
     </span>
     <span class='ocr_line' id='line_1_89' title="bbox 1646 3399 2713 3464; baseline 0.003 -15"><span class='ocrx_word' id='word_1_474' title='bbox 1646 3399 1774 3449; x_wconf 83' lang='lat' dir='ltr'><strong>Illos</strong></span> <span class='ocrx_word' id='word_1_475' title='bbox 1795 3399 2051 3462; x_wconf 86' lang='lat' dir='ltr'><strong>nimirum,</strong></span> <span class='ocrx_word' id='word_1_476' title='bbox 2075 3413 2200 3464; x_wconf 82' lang='lat' dir='ltr'><strong>quos</strong></span> <span class='ocrx_word' id='word_1_477' title='bbox 2220 3406 2357 3449; x_wconf 86' lang='lat' dir='ltr'><strong>teste</strong></span> <span class='ocrx_word' id='word_1_478' title='bbox 2387 3400 2582 3451; x_wconf 85' lang='lat' dir='ltr'><strong>Juveu.</strong></span> <span class='ocrx_word' id='word_1_479' title='bbox 2603 3402 2713 3452; x_wconf 85' lang='lat' dir='ltr'><strong>Sat.</strong></span> 
     </span>
     <span class='ocr_line' id='line_1_90' title="bbox 1648 3475 2711 3543; baseline 0.003 -17"><span class='ocrx_word' id='word_1_480' title='bbox 1648 3488 1738 3527; x_wconf 80' lang='lat' dir='ltr'><strong>nt.</strong></span> <span class='ocrx_word' id='word_1_481' title='bbox 1786 3478 1802 3505; x_wconf 89' lang='lat'>‘</span> <span class='ocrx_word' id='word_1_482' title='bbox 1826 3478 1908 3526; x_wconf 84' lang='lat' dir='ltr'><strong>Ex</strong></span> <span class='ocrx_word' id='word_1_483' title='bbox 1940 3476 2121 3527; x_wconf 88' lang='lat' dir='ltr'><strong>humili</strong></span> <span class='ocrx_word' id='word_1_484' title='bbox 2163 3486 2349 3541; x_wconf 80' lang='lat' dir='ltr'><strong>magna</strong></span> <span class='ocrx_word' id='word_1_485' title='bbox 2391 3475 2456 3527; x_wconf 69' lang='lat' dir='ltr'><strong>aii</strong></span> <span class='ocrx_word' id='word_1_486' title='bbox 2497 3477 2711 3543; x_wconf 81' lang='lat' dir='ltr'><strong>fastigia</strong></span> 
     </span>
     <span class='ocr_line' id='line_1_91' title="bbox 1647 3553 2713 3619; baseline 0.003 -16"><span class='ocrx_word' id='word_1_487' title='bbox 1647 3569 1818 3605; x_wconf 87' lang='lat' dir='ltr'><strong>rerum</strong></span> <span class='ocrx_word' id='word_1_488' title='bbox 1859 3553 2097 3616; x_wconf 82' lang='lat' dir='ltr'><strong>Extollit,</strong></span> <span class='ocrx_word' id='word_1_489' title='bbox 2140 3555 2341 3619; x_wconf 87' lang='lat' dir='ltr'><strong>quoties</strong></span> <span class='ocrx_word' id='word_1_490' title='bbox 2379 3556 2548 3605; x_wconf 84' lang='lat' dir='ltr'><strong>voluit</strong></span> <span class='ocrx_word' id='word_1_491' title='bbox 2589 3557 2713 3606; x_wconf 87' lang='lat' dir='ltr'><strong>For-</strong></span> 
     </span>
     <span class='ocr_line' id='line_1_92' title="bbox 1648 3629 2708 3695; baseline 0.003 -16"><span class='ocrx_word' id='word_1_492' title='bbox 1648 3636 1776 3680; x_wconf 86' lang='lat' dir='ltr'><strong>tuna</strong></span> <span class='ocrx_word' id='word_1_493' title='bbox 1786 3629 1994 3695; x_wconf 85' lang='lat' dir='ltr'><strong>jocari.’</strong></span> <span class='ocrx_word' id='word_1_494' title='bbox 2058 3630 2119 3679; x_wconf 87' lang='lat' dir='ltr'><strong>In</strong></span> <span class='ocrx_word' id='word_1_495' title='bbox 2144 3644 2360 3695; x_wconf 86' lang='lat' dir='ltr'><strong>quorum</strong></span> <span class='ocrx_word' id='word_1_496' title='bbox 2382 3646 2600 3681; x_wconf 88' lang='lat' dir='ltr'><strong>numero</strong></span> <span class='ocrx_word' id='word_1_497' title='bbox 2622 3633 2708 3683; x_wconf 84' lang='lat' dir='ltr'><strong>ha-</strong></span> 
     </span>
     <span class='ocr_line' id='line_1_93' title="bbox 1646 3707 2712 3774; baseline 0.003 -16"><span class='ocrx_word' id='word_1_498' title='bbox 1646 3707 1847 3758; x_wconf 78' lang='lat' dir='ltr'><strong>bandus</strong></span> <span class='ocrx_word' id='word_1_499' title='bbox 1880 3708 2117 3771; x_wconf 77' lang='lat' dir='ltr'><strong>Sejanus,</strong></span> <span class='ocrx_word' id='word_1_500' title='bbox 2145 3708 2357 3758; x_wconf 79' lang='lat' dir='ltr'><strong>Tiberio</strong></span> <span class='ocrx_word' id='word_1_501' title='bbox 2400 3708 2712 3774; x_wconf 77' lang='lat' dir='ltr'><strong>Imperatori</strong></span> 
     </span>
     <span class='ocr_line' id='line_1_94' title="bbox 1646 3782 2710 3849; baseline 0.006 -18"><span class='ocrx_word' id='word_1_502' title='bbox 1646 3782 1856 3832; x_wconf 89' lang='lat' dir='ltr'><strong>nimium</strong></span> <span class='ocrx_word' id='word_1_503' title='bbox 1911 3783 2226 3849; x_wconf 86' lang='lat' dir='ltr'><strong>nimiumque</strong></span> <span class='ocrx_word' id='word_1_504' title='bbox 2284 3783 2587 3837; x_wconf 80' lang='lat' dir='ltr'><strong>familiaris:</strong></span> <span class='ocrx_word' id='word_1_505' title='bbox 2645 3786 2710 3838; x_wconf 81' lang='lat' dir='ltr'><strong>de</strong></span> 
     </span>
     <span class='ocr_line' id='line_1_95' title="bbox 1642 3859 2713 3928; baseline 0.006 -20"><span class='ocrx_word' id='word_1_506' title='bbox 1642 3874 1748 3926; x_wconf 90' lang='lat' dir='ltr'><strong>quo</strong></span> <span class='ocrx_word' id='word_1_507' title='bbox 1778 3859 1916 3909; x_wconf 85' lang='lat' dir='ltr'><strong>idem</strong></span> <span class='ocrx_word' id='word_1_508' title='bbox 1949 3861 2061 3911; x_wconf 89' lang='lat' dir='ltr'><strong>Sat.</strong></span> <span class='ocrx_word' id='word_1_509' title='bbox 2101 3873 2158 3910; x_wconf 90' lang='lat' dir='ltr'><strong>x.</strong></span> <span class='ocrx_word' id='word_1_510' title='bbox 2214 3864 2230 3891; x_wconf 88' lang='lat'>‘</span> <span class='ocrx_word' id='word_1_511' title='bbox 2258 3862 2459 3913; x_wconf 68' lang='lat' dir='ltr'><strong>Ninnios</strong></span> <span class='ocrx_word' id='word_1_512' title='bbox 2490 3865 2713 3928; x_wconf 85' lang='lat' dir='ltr'><strong>optabat</strong></span> 
     </span>
     <span class='ocr_line' id='line_1_96' title="bbox 1644 3937 2708 4006; baseline 0.006 -20"><span class='ocrx_word' id='word_1_513' title='bbox 1644 3937 1861 3987; x_wconf 83' lang='lat' dir='ltr'><strong>honores</strong></span> <span class='ocrx_word' id='word_1_514' title='bbox 1914 3937 1986 3987; x_wconf 85' lang='lat' dir='ltr'><strong>Et</strong></span> <span class='ocrx_word' id='word_1_515' title='bbox 2028 3937 2213 3988; x_wconf 86' lang='lat' dir='ltr'><strong>nimias</strong></span> <span class='ocrx_word' id='word_1_516' title='bbox 2257 3940 2510 4003; x_wconf 88' lang='lat' dir='ltr'><strong>poscebat</strong></span> <span class='ocrx_word' id='word_1_517' title='bbox 2548 3955 2708 4006; x_wconf 72' lang='lat' dir='ltr'><strong>open</strong></span> 
     </span>
     <span class='ocr_line' id='line_1_97' title="bbox 1642 4014 2710 4078; baseline 0.004 -15"><span class='ocrx_word' id='word_1_518' title='bbox 1642 4028 1919 4064; x_wconf 84' lang='lat' dir='ltr'><strong>numerosa</strong></span> <span class='ocrx_word' id='word_1_519' title='bbox 1941 4014 2173 4078; x_wconf 55' lang='lat' dir='ltr'><strong>parabat*</strong></span> <span class='ocrx_word' id='word_1_520' title='bbox 2195 4016 2433 4067; x_wconf 78' lang='lat' dir='ltr'><strong>Excelsoe</strong></span> <span class='ocrx_word' id='word_1_521' title='bbox 2455 4018 2616 4068; x_wconf 80' lang='lat' dir='ltr'><strong>turris</strong></span> <span class='ocrx_word' id='word_1_522' title='bbox 2639 4024 2710 4068; x_wconf 78' lang='lat' dir='ltr'><strong>ta-</strong></span> 
     </span>
     <span class='ocr_line' id='line_1_98' title="bbox 1646 4090 2710 4158; baseline 0.004 -18"><span class='ocrx_word' id='word_1_523' title='bbox 1646 4091 1840 4154; x_wconf 84' lang='lat' dir='ltr'><strong>bulata,</strong></span> <span class='ocrx_word' id='word_1_524' title='bbox 1878 4091 2017 4140; x_wconf 83' lang='lat' dir='ltr'><strong>unde</strong></span> <span class='ocrx_word' id='word_1_525' title='bbox 2061 4090 2215 4141; x_wconf 86' lang='lat' dir='ltr'><strong>altior</strong></span> <span class='ocrx_word' id='word_1_526' title='bbox 2249 4100 2390 4143; x_wconf 81' lang='lat' dir='ltr'><strong>esset</strong></span> <span class='ocrx_word' id='word_1_527' title='bbox 2433 4094 2617 4158; x_wconf 75' lang='lat' dir='ltr'><strong>Canus,</strong></span> <span class='ocrx_word' id='word_1_528' title='bbox 2646 4101 2710 4144; x_wconf 83' lang='lat' dir='ltr'><strong>et</strong></span> 
     </span>
     <span class='ocr_line' id='line_1_99' title="bbox 1645 4170 2708 4234; baseline 0.002 -14"><span class='ocrx_word' id='word_1_529' title='bbox 1645 4170 1883 4233; x_wconf 66' lang='lat' dir='ltr'><strong>impulsae</strong></span> <span class='ocrx_word' id='word_1_530' title='bbox 1941 4180 2177 4234; x_wconf 65' lang='lat' dir='ltr'><strong>preceps</strong></span> <span class='ocrx_word' id='word_1_531' title='bbox 2230 4170 2453 4221; x_wconf 85' lang='lat' dir='ltr'><strong>immane</strong></span> <span class='ocrx_word' id='word_1_532' title='bbox 2509 4171 2708 4222; x_wconf 59' lang='lat' dir='ltr'><strong>ruina?</strong></span> 
     </span>
     <span class='ocr_line' id='line_1_100' title="bbox 1644 4244 2706 4312; baseline 0.002 -16"><span class='ocrx_word' id='word_1_533' title='bbox 1644 4246 1781 4296; x_wconf 88' lang='lat' dir='ltr'><strong>Item</strong></span> <span class='ocrx_word' id='word_1_534' title='bbox 1814 4244 2073 4295; x_wconf 81' lang='lat' dir='ltr'><strong>Cleander</strong></span> <span class='ocrx_word' id='word_1_535' title='bbox 2102 4246 2280 4311; x_wconf 82' lang='lat' dir='ltr'><strong>Pbryx</strong></span> <span class='ocrx_word' id='word_1_536' title='bbox 2314 4261 2526 4312; x_wconf 81' lang='lat' dir='ltr'><strong>genere,</strong></span> <span class='ocrx_word' id='word_1_537' title='bbox 2557 4260 2621 4297; x_wconf 83' lang='lat' dir='ltr'><strong>ex</strong></span> <span class='ocrx_word' id='word_1_538' title='bbox 2644 4261 2706 4298; x_wconf 87' lang='lat' dir='ltr'><strong>ea</strong></span> 
     </span>
     <span class='ocr_line' id='line_1_101' title="bbox 1645 4322 2705 4394; baseline 0.003 -23"><span class='ocrx_word' id='word_1_539' title='bbox 1645 4329 1769 4376; x_wconf 85' lang='lat' dir='ltr'><strong>nota</strong></span> <span class='ocrx_word' id='word_1_540' title='bbox 1789 4322 2070 4394; x_wconf 83' lang='lat' dir='ltr'><strong>hominum,</strong></span> <span class='ocrx_word' id='word_1_541' title='bbox 2092 4322 2182 4387; x_wconf 89' lang='lat' dir='ltr'><strong>qui</strong></span> <span class='ocrx_word' id='word_1_542' title='bbox 2201 4322 2410 4388; x_wconf 81' lang='lat' dir='ltr'><strong>publice</strong></span> <span class='ocrx_word' id='word_1_543' title='bbox 2445 4337 2544 4388; x_wconf 86' lang='lat' dir='ltr'><strong>per</strong></span> <span class='ocrx_word' id='word_1_544' title='bbox 2571 4334 2705 4388; x_wconf 70' lang='lat' dir='ltr'><strong>prae-</strong></span> 
     </span>
    </p>
   </div>
  </div>
 </body>
</html>
