3049 4928
505 401 635 468 208

1213 407 1520 463 boumn
1572 414 1669 468 DE
1715 406 2027 464 coleson.

857 561 1091 626 Fratre
1125 561 1244 644 qui
1276 558 1623 643 quondam
1649 558 1827 624 ferus
1858 560 2253 635 interemto?

857 665 1104 729 Matris
1133 662 1344 728 effuso
1372 662 1635 727 maduit
1663 659 1952 738 cruere,b

851 766 1114 851 Corpus
1145 773 1210 831 et
1237 768 1391 831 visu
1420 764 1707 848 gelidum
1737 765 2134 849 pererranS,‘
2654 753 2716 828 5.

851 867 990 933 Ora
1015 886 1150 932 non
1179 867 1381 933 tinxit
1407 867 1747 952 lacrymiS,
1780 864 1897 930 sed
1925 883 2075 927 esse

498 1048 669 1111 sectis,
690 1055 737 1100 et
750 1049 914 1111 fratre
934 1052 1103 1115 occiso,
1125 1052 1238 1114 olim
1257 1051 1495 1112 immanis,
1521 1050 1629 1111 fuit
1663 1050 1847 1100 tinctus
1877 1046 2107 1109 sanguine
2127 1058 2225 1093 suoe
2246 1041 2434 1101 matris,
2454 1052 2595 1103 qnam
2618 1038 2717 1101 ipse

509 1115 702 1178 occidit,
734 1121 783 1165 et
801 1118 1008 1166 lustrans
1026 1119 1172 1167 oculis
1191 1119 1388 1167 cadaver
1408 1116 1656 1179 frigidum
1675 1115 1863 1177 nmtris,
1882 1128 1975 1163 non
2002 1110 2182 1174 rigavit
2197 1119 2346 1171 genas
2361 1103 2681 1169 ullisfletibus
2697 1117 2718 1160 ,⁰

1498 1260 1549 1312 N
1558 1258 1716 1312 0¹1*AE

506 1380 657 1432 clade
678 1382 914 1434 saevitum
933 1390 1030 1447 est,
1045 1384 1109 1433 ad
1129 1388 1574 1434 monumentorum

506 1459 880 1526 bustorumque
913 1462 1198 1512 diversoria
1235 1462 1391 1528 plebe
1432 1475 1571 1514 com-

505 1537 673 1601 pulsa.
688 1539 850 1602 Tunc,
867 1545 1061 1603 praeter
1078 1540 1381 1588 immensum
1397 1552 1574 1587 nume·

510 1628 622 1662 rum
648 1613 949 1679 insularum,
969 1615 1147 1664 domus
1171 1614 1460 1678 priscorum
1484 1613 1575 1662 du-

510 1703 628 1738 cum
644 1698 897 1753 arserunt,
912 1690 1186 1740 hostilibus
1204 1689 1373 1739 adhuc
1395 1690 1572 1753 spoliis

504 1768 776 1817 adornatae
799 1784 815 1828 3
851 1769 1188 1833 Deorumque
1213 1755 1354 1817 aedes
1381 1766 1446 1815 ab
1471 1768 1572 1815 Re-

513 1844 661 1906 gibus
684 1859 745 1893 ae
770 1843 963 1893 deinde
1001 1843 1218 1893 Punicis
1255 1835 1318 1892 ac
1353 1841 1575 1891 Gallicis

512 1921 664 1971 bellis
687 1929 809 1971 vota
841 1921 1204 1985 dedicataque,
1229 1924 1286 1969 et
1326 1918 1571 1984 quicquid

510 1998 780 2047 visendum
801 2005 960 2062 atque
977 1985 1325 2046 memorabile
1340 2008 1408 2044 ex
1441 1994 1572 2045 anti-

507 2077 710 2139 quitate
732 2074 1052 2126 duraverat?

575 2152 894 2215 Patribusque
910 2150 1068 2213 caesis]
1088 2151 1105 2179 ‘
1124 2150 1288 2200 Stella
1310 2148 1448 2198 enim
1467 2148 1570 2199 cri·

506 2228 652 2289 nita,’
690 2229 863 2293 inquit
882 2227 1178 2290 Suetonius,
1196 2228 1212 2255 ‘
1229 2240 1343 2292 quae
1358 2226 1569 2276 summis
1600 2254 1603 2257 ·

503 2306 851 2367 potestatibus
861 2305 1076 2355 exitium
1090 2303 1403 2369 portendere
1416 2304 1571 2367 vulgo

505 2387 836 2445 putatur,per
851 2383 1120 2436 continuas
1138 2388 1318 2431 noctes
1332 2380 1455 2430 oriri
1467 2395 1570 2430 coe-

506 2463 678 2521 perat.
745 2457 944 2509 Anxius
990 2475 1051 2510 ea
1086 2473 1162 2523 re,
1190 2463 1251 2508 ut
1287 2473 1355 2508 ex
1378 2456 1570 2508 Babilo

508 2535 778 2600 astrologo⁴
809 2536 1015 2601 didicit,
1042 2537 1210 2586 solere
1245 2535 1421 2599 Reges
1444 2536 1568 2586 talia

501 2619 709 2662 ostenta
725 2613 875 2663 ‘caede
914 2614 1086 2679 aliqua
1115 2613 1308 2663 illustri
1331 2613 1566 2676 expiare,

505 2694 663 2754 atque
684 2705 714 2739 a
729 2696 896 2740 semet
910 2691 959 2740 in
978 2691 1155 2755 capita
1172 2691 1460 2739 Procerum
1479 2689 1566 2738 de-

505 2767 722 2830 pellere,
762 2768 1078 2818 nobilissimo
1123 2767 1313 2832 cuique
1347 2765 1590 2816 exitium'

507 2843 805 2897 destinavit.
887 2846 1107 2895 Constat
1149 2844 1402 2909 quosdam
1447 2856 1569 2891 cum

501 2921 802 2987 paedagogis
827 2929 902 2974 et·
922 2921 1170 2988 capsariis
1212 2935 1315 2971 uno
1345 2918 1569 2983 prandio

502 2997 700 3061 pariter
734 3007 983 3062 necatos;
1021 2999 1148 3049 alios
1186 2998 1425 3047 diurnum
1463 2995 1571 3045 vic·

500 3077 611 3125 tum
627 3077 917 3141 prohibitos
933 3091 1184 3142 quaerere.
1217 3075 1406 3125 Nullus
1425 3078 1570 3138 post-

498 3154 598 3203 hac
622 3154 883 3205 adhibitus
905 3155 1140 3204 delectus
1165 3157 1256 3201 aut
1280 3149 1462 3200 modus
1492 3150 1568 3200 in-

500 3224 775 3280 'terimendi
803 3248 818 3280 ι
895 3235 1246 3296 quoscumque
1310 3225 1569 3291 libuisset,

499 3316 823 3372 quacumque
842 3307 911 3357 de
932 3305 1126 3368 eausa,'
1146 3308 1244 3355 διο.

492 3450 499 3455 ⁴
566 3389 592 3416 ⁸
636 3385 812 3434 Fratre
837 3420 851 3435 .
877 3417 891 3433 .
917 3418 931 3436 .
950 3381 1226 3444 interemto]
1260 3378 1570 3430 Britannico

498 3460 722 3524 scilicet,
741 3475 893 3524 quem
917 3459 1163 3510 Claudius
1181 3471 1246 3506 ex
1270 3455 1573 3519 Messalina,

502 3541 564 3583 ut
587 3537 852 3586 Neronem
892 3551 958 3586 ex
998 3535 1290 3600 Agrippina
1324 3546 1572 3597 suscepe-

503 3617 608 3674 rat,
636 3622 889 3675 quemque
912 3620 971 3664 ut
995 3614 1071 3663 ait
1093 3611 1391 3670 Suetonius,
1433 3610 1450 3639 ‘
1466 3623 1571 3659 non

504 3688 674 3737 minus
698 3685 1027 3735 aemulatione
1067 3687 1222 3748 vocis,
1249 3702 1366 3747 quae
1389 3684 1466 3735 im
1481 3685 1571 3751 ju.

504 3764 726 3815 'cundior
751 3762 1086 3826 suppetebat,
1120 3774 1270 3826 quarn
1302 3764 1470 3822 metu,
1501 3777 1570 3809 ue

500 3842 813 3908 quandoque
859 3840 996 3905 apud
1040 3839 1302 3889 hominum
1345 3838 1569 3902 gratiam

502 3924 726 3984 paterna
745 3917 993 3967 memoria
1012 3917 1344 3982 praevaleret,
1364 3929 1569 3965 veneno

504 4008 777 4060 aggressus
817 3998 932 4043 est:
990 4000 1047 4042 et
1087 4008 1204 4044 cum
1242 3993 1309 4042 ad
1342 3990 1567 4055 primum

504 4079 712 4137 gustum
737 4069 1073 4134 concidisset,
1094 4067 1343 4120 comitiali
1383 4066 1567 4116 morbo

501 4165 567 4199 ex
586 4146 958 4198 consuetudine
972 4153 1269 4208 correptum
1288 4142 1428 4207 apud
1445 4157 1566 4192 con-

501 4227 647 4275 vivas
669 4224 973 4286 ementitus,
1012 4227 1223 4286 postero
1259 4219 1343 4268 die
1377 4212 1567 4280 raptim

501 4303 640 4353 iuter
661 4303 911 4353 maximos
932 4298 1124 4350 imbres
1141 4293 1457 4348 translatitio
1477 4309 1568 4346 ex-

1650 1380 1771 1431 tulit
1792 1376 2009 1428 funere.’

1711 1454 1737 1492 ²²
1765 1455 1955 1506 Matris
1966 1452 2115 1519 effuso
2130 1486 2145 1501 .
2171 1486 2184 1501 .
2207 1485 2221 1501 .
2241 1448 2427 1513 cruore]
2450 1448 2467 1477 ‘
2486 1448 2715 1498 Matrem

1650 1530 2057 1607 dicta'factaque
2081 1543 2174 1578 sua
2195 1526 2561 1592 exquirentem
2574 1538 2717 1575 acer-

1649 1611 1765 1660 bius
1791 1616 1847 1660 et
1879 1603 2261 1672 corrigentem,’
2300 1604 2375 1653 ait
2410 1601 2550 1651 idem
2585 1601 2715 1651 Sue-

1649 1692 1838 1754 tonius,
1866 1689 1882 1718 ‘
1905 1690 1980 1740 ita
2004 1686 2318 1753 gravabatur
2340 1691 2399 1734 ut
2416 1682 2569 1732 minis
2590 1682 2709 1745 ejus

1648 1783 1712 1817 ac
1761 1767 2011 1817 violentia
2056 1764 2271 1814 territus
2307 1757 2448 1810 'hanc
2487 1756 2715 1822 perdere

1649 1844 1911 1895 statuerit.
1964 1844 2171 1892 Etcum
2197 1851 2399 1888 veneno
2422 1840 2716 1902 pertentas·

1648 1926 1732 1970 set
1779 1919 2103 1983 sentiretque
2146 1914 2395 1965 antidotis
2436 1908 2713 1975 praemuni·

1648 2004 1782 2059 tam,
1797 1994 2076 2053 lacunaria,
2098 2006 2217 2058 quae
2240 1995 2399 2039 noctu
2416 1999 2573 2050 super
2596 1984 2712 2032 dor-

1645 2073 1914 2135 mientem,
1968 2072 2146 2120 laxata
2201 2066 2459 2129 machina,
2503 2061 2715 2113 decide·

1646 2158 1781 2214 rent,
1793 2148 2015 2214 paravit,
2024 2145 2184 2212 quod,
2195 2145 2447 2208 pluraque
2460 2140 2581 2202 alia,
2593 2149 2712 2188 cum

1645 2226 1848 2276 videret
1863 2224 1996 2273 votis
2014 2236 2118 2272 non
2141 2217 2476 2284 respondere,
2487 2215 2713 2279 pugione

1645 2311 1865 2353 matrem
1911 2298 2133 2349 occidit:
2192 2293 2330 2345 unde
2369 2291 2444 2341 illi
2494 2303 2710 2339 versus:

1645 2380 1774 2432 Quis
1813 2383 1975 2441 negat
2015 2375 2192 2425 AEneae
2234 2375 2421 2433 magna
2443 2367 2509 2417 de
2544 2366 2711 2428 stirpe

1644 2455 1947 2508 Neronem?
1980 2449 2205 2502 Sustulit
2222 2449 2314 2499 hic
2336 2451 2574 2507 matrem,
2605 2455 2713 2490 sus·

1642 2534 1767 2584 tulit
1798 2533 1886 2582 ille
1909 2527 2147 2595 patrem.’
2211 2584 2224 2597 ·

1705 2619 1728 2645 ⁰
1763 2613 1948 2674 Corpus
1984 2613 2033 2657 et
2069 2606 2175 2655 visu
2194 2602 2407 2666 gelidum
2438 2594 2708 2662 pererrans]

1643 2685 1994 2739 ‘Adduntur'
2047 2679 2316 2748 praedictis
2372 2678 2388 2705 ‘
2415 2671 2709 2735 atrociora,'

1641 2766 1815 2831 inquit
1848 2762 2154 2822 Suetonius,
2184 2757 2200 2786 ‘
2224 2771 2323 2805 nec
2348 2752 2565 2803 incertis
2588 2764 2708 2800 auc·

1643 2841 1877 2904 toribus‚'
1944 2839 2210 2890 Neronem
2245 2831 2450 2882 seilicet
2495 2827 2599 2877 ‘ad
2640 2825 2712 2875 vi·

1643 2917 1859 2969 sendum
1880 2912 2177 2965 interfectae
2195 2907 2373 2959 matris
2386 2904 2612 2965 cadaver
2626 2917 2712 2952 ae·

1644 2994 1889 3056 curt-isse,
1930 2979 2291 3042 contrectasse
2317 2981 2572 3042 membra,
2607 2979 2708 3028 alia

1644 3066 2115 3136 vituperasse,‘alia
2133 3061 2394 3123 laudasse,
2424 3057 2613 3122 sitique
2637 3055 2710 3104 iu·

1646 3147 1799 3198 terim
1842 3145 2027 3196 oborta
2070 3135 2301 3191 bibisse?
2392 3133 2533 3184 Hine
2571 3142 2709 3178 nunc

1644 3225 1841 3275 dicitur
1893 3224 1910 3252 ‘
1938 3231 2123 3272 censor
2188 3211 2410 3265 extincti
2463 3204 2710 3268 decoris,’

1644 3302 1784 3368 quod
1804 3295 2234 3366 quemadmodum
2254 3302 2442 3342 censor
2458 3285 2525 3335 de
2540 3284 2710 3334 unius·

1644 3380 1892 3444 cujusque
1919 3370 2251 3426 facultatibus
2283 3365 2463 3416 facere
2494 3360 2714 3423 solebat,

1646 3455 1792 3506 Nero
1815 3452 2043 3517 singulas
2065 3446 2288 3499 materni
2325 3439 2558 3504 corporis
2594 3449 2712 3501 par-

1646 3539 1729 3584 tes
1745 3534 1989 3594 lustrare,
2009 3527 2143 3577 et'de
2158 3521 2374 3586 singulis
2395 3514 2711 3568 sententiam

1646 3609 1790 3660 ferre
1812 3623 1916 3659 non
1940 3600 2293 3658 dubitaverit,
2329 3609 2432 3645 non
2463 3594 2713 3655 lacryma·

1646 3692 1751 3749 tus,
1782 3683 1922 3750 quod
1955 3681 2174 3731 mirum:
2210 3670 2535 3726 conscientia
2574 3667 2712 3715 enim

1646 3763 1758 3818 illa,
1779 3775 1880 3823 qua
1914 3755 2183 3806 confessus
2222 3758 2305 3800 est
2350 3741 2610 3808 exagitari
2649 3754 2708 3790 se

1645 3835 1811 3886 veluti
1843 3831 2144 3884 verberibus
2167 3825 2440 3877 Furiarum
2468 3835 2529 3871 ac
2560 3817 2710 3868 taedis

1645 3911 1970 3981 ardentibus,
1989 3919 2194 3972 quaque
2218 3907 2408 3966 agente
2430 3896 2548 3947 sitis
2579 3909 2710 3958 prae·

1645 3989 1787 4040 dicta
1809 3988 1994 4038 oborta
2023 3983 2144 4045 fuit,
2164 3978 2393 4031 ’eundem
2433 3973 2500 4024 ad
2542 3973 2708 4034 lacry-

1643 4081 1752 4117 mas
1771 4061 2065 4115 fundendas
2088 4071 2279 4122 cogere
2294 4051 2590 4102 debuisset:
2617 4043 2706 4093 sed

1642 4157 1747 4194 vox
1788 4137 2121 4191 conscientiae
2142 4141 2269 4183 tunc
2293 4134 2511 4194 propter
2545 4121 2707 4186 majo-

1643 4232 1752 4267 rem
1796 4209 2205 4279 perturbationis
2242 4209 2512 4269 impetum,
2536 4194 2710 4260 credo,

1644 4294 1709 4346 ab
1730 4293 1847 4359 ipso
1869 4291 1956 4342 vix
1977 4285 2302 4340 audiebatur.
