3049 4928
510 555 794 642 inquit.⁹
869 555 1053 637 Quia
1094 556 1160 621 id
1210 554 1558 621 hominum
1610 572 1824 620 sermo
1878 555 2252 620 communis
2304 561 2607 639 usurpat,
2649 564 2710 622 et

511 660 788 746 quidem
818 660 1106 739 crebro:
1152 658 1590 742 quorumdam
1616 658 1863 724 malam
1895 678 2046 723 esse
2077 658 2434 724 fortunam.
2506 658 2709 724 Visne

510 763 728 846 igitur,
766 763 1010 847 inquit,
1061 762 1413 847 paulisper
1460 761 1644 845 vulgi
1698 761 2117 826 sermonibus
2167 761 2594 841 accedamus,
2637 783 2712 825 ne

511 866 791 932 nimium
843 867 1031 931 velut
1088 867 1176 931 ab
1220 864 1655 931 humanitatis
1717 885 1848 929 usu
1908 865 2275 929 recessisse
2329 866 2712 930 videamur?

515 968 613 1036 Ut
639 971 891 1054 placet,
942 970 1242 1054 inquam.
1363 967 1609 1034 Nonne
1656 969 1857 1052 igitur
1900 968 2195 1032 bonumy
2285 987 2523 1033 censes
2576 989 2719 1033 esse

517 1072 698 1157 quod
728 1072 1055 1158 prodest?
1129 1071 1234 1137 Ita
1264 1079 1392 1150 est,
1438 1072 1729 1155 inquam.
1824 1067 2003 1149 Quae
2059 1089 2217 1135 vero
2267 1076 2385 1135 aut
2432 1075 2718 1136 exercet,

517 1183 640 1240 aut
713 1176 1011 1260 corrigit,
1074 1175 1400 1260 prodest?
1485 1174 1755 1251 Fateor,
1805 1175 2105 1257 inquam.
2234 1174 2429 1239 Bona
2476 1174 2716 1256 igitur?

517 1275 877 1357 Quidni'l'
944 1279 1081 1345 Sed
1130 1280 1277 1343 haec
1325 1296 1561 1342 eorum
1609 1282 1713 1340 est
1763 1277 1879 1360 qui
1929 1278 2042 1340 vel
2087 1276 2157 1340 in
2206 1276 2453 1342 virtute
2495 1278 2720 1362 positi,

516 1387 745 1447 contra
776 1401 1014 1467 aspera
1043 1382 1301 1446 bellum
1331 1385 1589 1463 gerunt,
1640 1380 1750 1443 vel
1797 1399 1839 1443 a
1875 1379 2061 1444 vitiis
2108 1379 2551 1458 declinanteS,
2600 1381 2720 1444 vir-

512 1486 677 1549 tutis
708 1486 828 1549 iter
858 1472 1201 1570 arripiunt.
1292 1483 1581 1567 Negare,
1621 1484 1920 1567 inquam,
1966 1503 2250 1567 nequeo.
2341 1480 2532 1562 Quid
2562 1502 2718 1548 vero

501 1584 826 1670 jucunda,
882 1608 1035 1671 quae
1084 1589 1153 1651 in
1199 1587 1553 1672 praemium
1604 1587 1918 1652 tribuitur
1962 1586 2213 1652 bonis?
2274 1606 2433 1650 num
2481 1585 2721 1669 vulgus

513 1693 762 1757 malam
793 1712 946 1756 esse
980 1692 1323 1756 decernit?
1370 1709 1835 1774 nequaquam:
1883 1710 2108 1755 verum
2140 1688 2242 1754 uti
2274 1694 2403 1767 est,
2435 1689 2535 1755 ita
2558 1709 2723 1774 quo-

517 1815 648 1878 que
679 1815 835 1859 esse
893 1797 1219 1879 optimam
1268 1800 1522 1859 censet.
1635 1791 1821 1873 Quid
1882 1795 2167 1878 reliqua,
2219 1812 2379 1876 quae
2431 1812 2590 1859 cum
2640 1795 2725 1858 sit

518 1917 791 1981 aspera,
822 1903 886 1963 et
927 1898 1117 1984 justo
1166 1898 1504 1982 supplicio
1551 1898 1770 1964 malos
1826 1897 2216 1976 coerceat,¹⁰
2273 1918 2432 1963 num
2478 1898 2721 1963 bonam

515 2001 814 2084 populus
842 2004 1077 2086 putat?
1163 2001 1379 2067 Immo
1426 2002 1746 2081 omnium,
1800 2004 2096 2088 inquam,
2145 2022 2300 2086 quae
2350 2000 2724 2085 excogitari

513 2110 822 2185 possunt,
839 2106 1108 2188 judicat
1148 2125 1297 2170 esse
1331 2105 1795 2170 miserrimam.
1882 2105 2064 2170 Vide
2092 2105 2320 2188 igitur,
2364 2124 2475 2182 ne,
2506 2103 2727 2188 opini-

519 2224 719 2270 onem
750 2210 987 2293 populi
1018 2215 1398 2294 sequenteS,
1429 2210 1757 2295 quiddam
1785 2209 1987 2276 valde
2014 2207 2456 2293 inopinabile‘
2502 2207 2724 2273 confe-

519 2310 860 2376 cerimus!
949 2310 1184 2392 Quid?
1250 2313 1542 2397 inquam.
1632 2312 1741 2378 Ex
1791 2313 1895 2377 his
1944 2312 2140 2389 enim,
2193 2310 2313 2388 ait,
2363 2330 2519 2393 quae
2570 2330 2722 2374 con-

518 2431 712 2479 cessa
742 2424 923 2496 sunt,
957 2418 1224 2497 evenit:
1271 2438 1505 2483 eorum
1539 2417 1807 2502 quidem
1839 2417 1956 2502 qui
1996 2422 2149 2482 sunt
2178 2414 2288 2480 vel
2334 2413 2400 2479 in
2451 2433 2719 2500 posses-

1217 413 1300 463 ΒΟ
1313 409 1518 460 tt'rffll
1577 409 1671 460 DE
1719 408 2030 459 CONSOB-

579 2641 603 2665 ⁸
643 2633 718 2682 Ita
733 2634 942 2685 hanzines
962 2638 1102 2699 vulgo
1120 2639 1389 2702 loquuntur,
1410 2642 1458 2689 et
1480 2641 1667 2703 quidem
1687 2639 1878 2702 sepius.
2041 2639 2062 2671 ὸ
2099 2640 2257 2695 Quare
2276 2632 2409 2687 non?
2594 2641 2614 2667 ⁶
2644 2633 2723 2682 In·

513 2697 757 2749 credibile.
944 2700 971 2735 ‘¹
995 2704 1321 2754 Intulerimus.
1565 2716 1585 2739 ²
1620 2706 1950 2768 Consequitur.

1438 2834 1466 2854 O
1473 2833 1806 2854 OOOOOONOOO

515 2909 675 2973 iuquit
696 2912 852 2977 vulg.
873 2914 1075 2964 Thuan.
1098 2915 1311 2980 primus,
1335 2924 1391 2966 et
1406 2918 1546 2969 Vict.
1572 2917 1803 2982 primus:
1848 2918 1912 2967 Et
1932 2913 2047 2982 qui?
2078 2916 2389 2981 inquit—10
2420 2908 2663 2978 Asperaj.
2684 2923 2721 2959 ε.

1514 3062 1567 3113 N
1572 3063 1737 3114 0¹1·AE

517 3173 656 3239 quod
697 3175 1017 3240 sapientibus
1062 3178 1205 3228 clara
1240 3184 1295 3229 et
1330 3178 1585 3229 distincta
1664 3198 1872 3256 vocant,
1913 3191 2017 3243 ‘nd
2057 3187 2351 3241 hominem!
2426 3186 2558 3236 Cum
2602 3182 2723 3234 utile

516 3252 815 3317 cognitione
848 3254 1211 3318 judicantibus
1262 3256 1581 3306 verissimum
1668 3269 1926 3334 quoddam
1949 3269 2018 3318 git
2040 3281 2201 3332 genus
2223 3263 2367 3325 boni,
2382 3263 2540 3313 etiam
2558 3260 2726 3324 vulgo,

518 3329 961 3396 ⁰⁰¹¹i⁸⁸i¹¹¹¹¹mq⁰e
1018 3332 1255 3383 ‘'idem'‘
1304 3334 1448 3398 ⁰¹¹j¹¹³
1507 3332 1584 3382 fei
1666 3348 1747 3397 cui
1769 3345 2023 3396 familiare
2046 3349 2147 3405 est,
2165 3341 2355 3391 bouum
2379 3337 2522 3388 aliud
2544 3337 2723 3387 hones-

520 3407 670 3470 plura
714 3414 836 3458 sunt
878 3409 1114 3471 exempla
1160 3410 1298 3473 apud
1349 3411 1585 3462 Philoso-

519 3484 669 3548 phos¹
690 3492 749 3534 ut
782 3485 846 3534 de
881 3485 1093 3547 lumine,
1117 3485 1184 3536 de
1215 3486 1492 3549 coloribus,
1528 3494 1585 3538 et

519 3562 711 3611 ceteris
744 3561 1014 3624 ejusmodi.
1082 3562 1170 3612 Sic
1206 3577 1332 3626 ergo
1374 3564 1456 3612 ‘id
1494 3564 1586 3614 bo·

521 3639 711 3689 minum
744 3654 912 3689 sermo
946 3641 1228 3689 communis
1263 3647 1499 3704 usurpat,
1531 3650 1586 3693 et

519 3716 727 3781 quidem
773 3716 980 3779 crebro,
1019 3718 1354 3781 quorumdam
1400 3721 1584 3772 malam

521 3799 634 3843 esse
667 3793 962 3845 fortunam.'
1031 3796 1210 3847 Quare
1248 3796 1589 3863 Philosophia

519 3871 681 3934 ipsius
707 3872 844 3935 vulgi
869 3872 1193 3922 sermonibus
1212 3882 1361 3924 utens
1380 3876 1588 3939 probat,

520 3961 723 3997 onmem
747 3945 1003 4002 fortunam
1028 3962 1144 4000 esse
1166 3950 1372 4015 bonam,
1393 3967 1489 4003 nee
1513 3955 1587 4003 ni·

518 4024 565 4075 si
607 4024 934 4076 abutentium
974 4025 1099 4076 vitio
1137 4028 1323 4078 malam
1357 4029 1586 4095 aliquam

520 4116 653 4153 esse.

583 4189 607 4225 1
642 4182 813 4231 Nonne
833 4181 988 4243 igitur
1008 4181 1194 4245 bonum,
1213 4182 1321 4246 cisa]
1389 4197 1429 4233 1.
1458 4184 1585 4233 Phi-

518 4259 751 4324 losophia
785 4258 973 4323 probat
992 4259 1152 4323 vulgo
1185 4273 1388 4309 omnem
1423 4258 1586 4310 fortu-

520 4349 639 4386 nam
683 4351 800 4387 esse
847 4334 1032 4388 bonam
1074 4343 1397 4400 argumento,
1443 4337 1583 4402 quod

1669 3430 1798 3487 tum,
1819 3422 1959 3472 aliud
1970 3419 2278 3487 jucundum,
2299 3415 2439 3466 aliud
2462 3413 2591 3464 utile
2611 3428 2726 3464 cen·

1665 3502 1787 3563 seri,
1807 3499 2001 3550 idcireo
2023 3494 2269 3562 quicquid
2293 3492 2422 3543 utile
2456 3498 2559 3555 est,
2582 3489 2728 3548 illud,

1666 3580 1825 3631 etiam
1848 3579 2022 3642 vulgo,
2037 3577 2225 3627 bonum
2248 3571 2506 3622 habeatur
2520 3583 2727 3620 neeesse

1667 3664 1767 3709 est.
1833 3655 1997 3721 Atqui
2050 3652 2262 3703 fortuna
2302 3656 2528 3713 utraque
2583 3645 2724 3697 utilis

1667 3743 1767 3794 est.
1790 3735 1981 3801 quippe
2002 3747 2115 3798 quae
2137 3735 2228 3779 aut
2251 3730 2466 3778 exercet
2503 3730 2597 3774 aut
2618 3736 2728 3773 cor-

1662 3812 1804 3876 rigit.
1873 3809 2133 3860 Nimirum
2180 3803 2394 3854 fortuna
2437 3798 2605 3849 omnis
2648 3797 2728 3847 vel

1664 3888 1946 3954 proborum
1985 3890 2066 3933 est
2085 3882 2168 3931 vel
2199 3878 2581 3944 improborum3
2616 3889 2724 3942 quae

1665 3979 1843 4015 rursus
1882 3963 1966 4012 vel
2008 3959 2224 4010 adversa
2261 3955 2395 4005 solet
2428 3952 2611 4003 baberi
2648 3950 2726 4000 vel

1666 4054 1940 4107 prospera.
1972 4050 2013 4086 1.
2047 4035 2103 4085 Si
2126 4034 2238 4084 boec
2273 4029 2482 4081 fortuna
2514 4028 2727 4078 adversa

1666 4117 1828 4168 fuerit
1850 4113 2151 4180 proborum,
2165 4121 2340 4158 eorum
2363 4105 2616 4156 videlieet
2638 4101 2725 4168 qni

1669 4193 1914 4243 virtutem
1938 4188 2136 4248 colunt,
2152 4187 2267 4235 haee
2289 4183 2473 4233 iisdem
2490 4181 2722 4246 prodest,

1665 4278 1755 4321 aut
1790 4269 1857 4319 ad
1890 4268 2031 4333 ipsos
2065 4261 2410 4315 absolvendos
2433 4277 2465 4310 a
2497 4258 2725 4326 peccatis

1667 4346 1973 4413 p'raeteritis,
1987 4350 2079 4397 aut
2097 4341 2165 4395 ad
2187 4343 2330 4406 ipsos
2363 4356 2396 4392 a
2414 4335 2604 4395 futuris*
2621 4349 2722 4389 ser·
