3049 4928
569 391 882 441 BOETHII
933 392 1028 440 DE
1076 390 1387 444 CONSOb·
1433 387 1878 444 PHILOSOPH.
1931 392 2072 441 mn.
2120 394 2222 442 lv.

299 536 443 602 quod
465 536 655 592 multas
677 536 913 588 civitate·
933 542 993 588 et
1013 536 1234 601 populos
1267 536 1368 587 cir-

299 614 489 666 cuivit.
554 614 691 668 Dum
727 614 805 664 illi
845 615 1213 678 prudentiores
1236 629 1371 664 sem·

301 706 404 756 per
439 690 627 752 habiti,
659 691 748 756 qui
786 692 1063 746 multorum
1108 690 1371 742 homiuum

305 768 792 820 conversationibus
828 768 1114 831 probantur
1142 765 1371 820 eruditi?

219 853 222 858 '
300 845 558 898 Similiter
580 844 832 908 Apuleius
869 844 936 893 «le
972 844 1086 896 Deo
1107 844 1368 894 Socratis-2

2376 380 2508 444 545

1445 537 1497 588 in
1521 536 1644 588 OEd.
1666 552 1745 588 ns.
1761 540 1878 588 478.
1900 537 1968 590 de
1985 538 2192 592 Baccho
2214 556 2229 589 z
2260 538 2388 590 ‘Ille
2405 540 2510 594 dis·

1445 629 1625 678 perses
1663 614 1863 664 domuit
1904 615 2165 667 Gelonos:
2223 615 2383 667 Arma
2416 618 2505 669 de-

1445 690 1610 742 traxit
1629 692 1862 744 trucibus
1882 692 2226 755 puellis.’Qno
2243 694 2509 757 stratege.

1444 773 1583 822 mate
1605 782 1726 820 usus
1746 767 1815 816 sit
1840 767 2095 822 Hercules
2110 768 2165 818 in
2185 767 2508 824 debellandis

1445 842 1741 906 Centauris,
1759 843 1914 900 docet
1953 844 2232 909 Polyaenus
2254 846 2322 896 lib
2356 860 2397 895 1.
2419 862 2508 897 cu-

305 922 322 949 ‘
345 922 462 974 Nec
497 921 634 972 aliud
673 929 723 971 te
755 921 808 970 in
842 921 1025 976 eodem
1049 922 1237 986 Ulysse
1262 920 1371 970 Ho-
1437 920 1530 983 jus
1553 920 1713 970 verba
1735 921 1834 974 huc
1857 920 2324 987 adscribam,quod
2346 922 2506 973 sciam

299 1015 477 1052 merus
503 1000 677 1061 docet,
710 1002 795 1066 qni
827 998 1034 1065 semper
1057 1001 1106 1051 ei
1129 1000 1374 1054 comitem

303 1078 469 1128 voluit
487 1092 605 1128 esse
630 1078 999 1130 prudentiam:
1030 1093 1185 1143 quam
1208 1078 1375 1143 poeti-

301 1169 370 1204 co
403 1155 511 1205 ritu
545 1156 832 1208 Minervam
867 1157 1204 1219 nuncupavit.
1268 1158 1375 1221 Igi-

303 1236 414 1293 tur,
462 1230 559 1280 hac
603 1231 787 1286 eadem
842 1232 1145 1295 comitante,
1201 1233 1376 1286 omnia

295 1306 565 1362 hormnda
606 1308 785 1371 subiit,
826 1310 999 1362 omnia
1038 1309 1255 1365 adversa
1287 1325 1374 1359 su-

300 1383 530 1448 peravit.
596 1384 807 1449 Quippe
854 1401 920 1440 ea
957 1386 1222 1451 adjutrice
1271 1388 1375 1452 Cy·

297 1460 471 1525 clopis
494 1475 682 1525 specus
717 1462 977 1525 introivit3
1012 1464 1103 1518 sed
1135 1477 1375 1527 egressus

301 1544 428 1588 est:
478 1537 613 1590 Solis
659 1538 820 1589 boves
867 1539 1029 1600 vidit3
1080 1539 1171 1592 sed
1215 1540 1376 1593 absti-

295 1603 462 1668 nuit:
502 1613 569 1664 ad
592 1612 800 1665 Inferos
832 1615 1131 1679 demeavit3
1163 1617 1257 1670 sed
1297 1617 1375 1667 as*-

299 1691 513 1744 ceudit:
583 1692 765 1746 eadem
827 1694 1096 1759 Sapientia
1167 1696 1376 1757 comite,

297 1768 531 1833 Scyllam
554 1771 1050 1835 praeternavigavin
1073 1786 1169 1822 nec
1193 1771 1378 1836 abrep-

305 1852 394 1895 tus
430 1851 544 1896 est:
600 1845 866 1910 Charybdi
911 1854 1225 1913 conspectus
1264 1855 1376 1911 est;

297 1935 405 1977 nee
450 1927 690 1977 retentus
735 1929 852 1973 est:
905 1924 1084 1979 Circes
1131 1925 1373 1988 poculum

305 2000 476 2062 hibin
510 2016 611 2052 nec
632 2008 866 2052 mutatus
888 2008 1001 2054 est:
1030 2002 1095 2051 ad
1116 2003 1375 2068 Lotopha-

307 2093 402 2143 gos
443 2079 696 2140 accessit;
734 2094 830 2129 nec
855 2080 1126 2130 remansit:
1163 2080 1373 2134 Sirenes

299 2154 540 2216 ,audivit3
594 2169 694 2208 nec
733 2156 993 2206 accessit?
1058 2158 1144 2206 De
1190 2156 1374 2207 eodem

303 2232 586 2297 Polymnus
613 2232 708 2283 lib.
729 2248 769 2285 1.
801 2234 1257 2298 strategematum.
1294 2237 1373 2286 Id.

379 2310 520 2360 Vento
538 2309 593 2359 ἐκ
612 2305 775 2375 antro]
805 2311 953 2375 Virg'.
974 2313 1085 2361 AEn.
1108 2326 1197 2363 111.
1231 2314 1246 2341 ‘
1270 2313 1373 2363 Hic

303 2398 393 2435 me
416 2384 537 2436 dum
570 2385 767 2450 trepidi
801 2388 1035 2438 crudelia
1067 2390 1243 2439 limina
1276 2391 1372 2439 lin-

299 2469 475 2528 quunt
494 2462 830 2514 Immemores
864 2464 991 2515 socii
1022 2473 1167 2517 vasto
1190 2468 1374 2532 Cyclo·-

299 2539 387 2602 ·pis
409 2539 466 2592 in
487 2548 637 2595 antro
660 2541 990 2592 Deseruere?
1025 2543 1178 2592 Idem.

369 2616 502 2667 Duri
523 2617 730 2680 labores]
761 2619 947 2668 Senec.
973 2620 1024 2668 in
1062 2621 1224 2671 Herc.
1249 2622 1374 2673 Fur.

303 2707 381 2742 vs.
406 2697 523 2743 433.
560 2694 650 2745 ubi
690 2695 910 2758 Megara
942 2696 1010 2745 de
1036 2697 1267 2746 Hercule
1305 2699 1373 2748 ad

304 2771 542 2834 Lycum:
578 2774 592 2800 ‘
621 2772 851 2837 Imperia
888 2774 1018 2823 dura
1061 2775 1215 2826 tolle:
1250 2776 1373 2840 quid

301 2847 473 2898 virtus
495 2849 630 2898 erit?
645 2849 658 2871 '
710 2850 1044 2902 Min.Felix:
1078 2856 1094 2881 ‘
1117 2853 1269 2903 Vires
1290 2853 1377 2902 de·

299 2924 463 2989 nique
501 2931 561 2976 et
597 2927 802 2976 mentis
822 2934 879 2978 et
912 2930 1143 2992 corporis
1166 2930 1278 2978 sine
1303 2931 1373 2978 la-

299 3003 447 3056 boris
477 3005 859 3055 exercitatione
898 3014 1233 3071 torpescunt:
1268 3023 1374 3057 om·

299 3093 398 3130 nes
439 3081 573 3131 adeo
612 3083 769 3131 vestri
812 3083 910 3132 viri
949 3082 1114 3133 fortes
1152 3101 1282 3149 quos
1321 3086 1375 3134 in

299 3157 608 3221 exemplum
648 3158 973 3222 praedicatis,
1003 3162 1249 3211 aerumnis
1272 3162 1377 3211 suis

299 3232 497 3295 inclyti
551 3231 875 3286 floruerunt:
942 3235 1282 3286 Cassiodorus
1336 3253 1376 3288 1.

301 3308 513 3359 Variar.
531 3312 618 3358 24.
662 3310 678 3338 ‘
711 3311 969 3362 Laborem
1014 3327 1117 3362 uon
1163 3312 1375 3377 refugit,

297 3384 399 3448 ,qui
463 3385 668 3436 virtutis
727 3388 943 3450 gloriam
1020 3391 1376 3453 concupiscit!

302 3462 516 3513 Idemr.
552 3464 854 3515 varians&
885 3466 900 3493 ⁴
927 3467 1135 3515 Natura
1153 3466 1378 3517 hnmana

301 3539 452 3590 duris
499 3540 762 3591 laboribus
811 3541 1111 3603 instruitur,
1160 3543 1235 3591 ita
1280 3558 1376 3606 per

297 3617 423 3666 ntia
489 3617 754 3680 torpentia
813 3616 1087 3667 fatuatur?
1173 3619 1377 3669 Seneca

302 3693 480 3756 Epist.
505 3697 586 3741 31.
620 3692 637 3721 ‘
661 3693 957 3743 Generosos
998 3694 1196 3743 animos
1229 3695 1377 3744 labor

294 3765 507 3829 nutrit!
572 3767 833 3817 Pindarus
874 3768 1034 3833 Pyth.
1077 3771 1173 3819 ult.
1237 3768 1293 3818 Ei
1327 3768 1380 3818 δέ

300 3862 376 3894 τις
392 3843 538 3901 ὕψος
554 3844 603 3893 ἐν
618 3843 956 3910 ἆν-θρότωσιν,
974 3844 1084 3895 ἄνευ
1098 3845 1308 3908 καμίνου
1321 3847 1376 3896 οὗ

291 3921 540 3986 φαίνει-αι.
608 3924 678 3972 Et
711 3924 927 3986 Olymp.
950 3929 1006 3971 Ε.
1066 3923 1165 3972 Ἀεὶ
1185 3925 1225 3972 δ’
1258 3924 1376 3986 ἄμφ’

305 4001 520 4064 ἀρεταῖσι
541 3997 679 4050 πόνος
697 3996 910 4048 δαπάνα
928 4016 988 4048 τε
1008 3997 1254 4064 μάρναται,
1263 4000 1376 4063 πρὸς

306 4074 450 4140 ἔργον
468 4073 660 4138 κινδύνῳ
678 4075 1040 4137 κεκαλυμμένον.
1092 4077 1247 4126 Silius
1271 4078 1375 4128 Ita·

300 4153 393 4202 110.
433 4152 522 4201 111).
545 4167 587 4203 1.
619 4159 634 4182 ‘
658 4150 844 4202 Ardua
883 4153 1133 4204 virtutem
1170 4153 1376 4220 profert

307 4227 428 4279 via!
461 4229 615 4279 Idem.
871 4250 877 4258 ·

368 4304 464 4353 Ille
487 4308 750 4356 Gentmros
767 4307 947 4356 demit
968 4306 1212 4371 nrperbor]
1244 4307 1365 4358 Seu.

434 4383 614 4448 Delph.
632 4390 678 4435 et
700 4383 820 4436 Var.
841 4387 971 4436 clas.

1337 4387 1512 4437 Bo‘e'th.

1445 1011 1549 1052 non
1584 998 1636 1046 iu
1678 999 1902 1054 omnium
1926 999 2164 1056 menibus
2188 1014 2304 1056 eum
2327 1006 2509 1054 aucto*

1449 1089 1565 1128 rem.
1599 1077 1811 1140 versari,
1843 1083 1899 1127 et
1939 1084 2112 1128 tamen
2156 1080 2507 1132 narrationem

1448 1150 1589 1204 illam
1610 1169 1723 1210 ,esse
1758 1154 1898 1204 lectu
1913 1154 2230 1219 jucundam:
2270 1160 2284 1184 ‘
2305 1158 2507 1208 Hercu-

1448 1229 1523 1280 les
1543 1244 1658 1279 cum
1677 1245 1707 1280 e
1729 1231 1878 1280 Pelio
1898 1233 2275 1288 Centaurorum
2299 1244 2507 1297 gentem

1448 1306 1756 1356 exscindere
1794 1308 2084 1371 statuisset,
2126 1311 2202 1360 sic
2242 1317 2300 1360 ut
2339 1320 2509 1362 tamen

1446 1381 1562 1446 ipse
1580 1397 1681 1436 nou
1702 1384 1843 1447 prior
1877 1385 2137 1449 inciperet
2158 1401 2398 1452 pugnam,
2416 1391 2510 1438 sed

1446 1457 1563 1508 illos
1598 1468 1935 1525 provocaret,
1953 1463 2243 1516 diversatus
2266 1473 2349 1515 est
2371 1466 2511 1530 apud

1449 1536 1702 1592 Pholum:
1745 1545 2032 1605 apertoque
2072 1542 2204 1591 cado
2244 1542 2349 1591 vini
2388 1544 2513 1593 odo·

1443 1615 1573 1679 rati,
1616 1631 1734 1666 eum
1776 1618 1891 1682 ipse
1925 1632 2041 1668 cum
2080 1619 2184 1669 suis
2208 1621 2508 1672 custodivit.

1448 1692 1513 1741 Id
1529 1694 1816 1744 sentientes
1834 1694 2105 1758 Centauri,
2119 1710 2425 1747 concursum
2444 1699 2512 1749 ad

1449 1770 1601 1820 Plioli
1623 1780 1827 1821 antrum
1851 1770 2107 1836 feceruut,
2129 1772 2404 1839 vivumque
2430 1790 2514 1824 ra-

1450 1854 1697 1911 puerunt.
1768 1848 1850 1898 lbi
1892 1857 2002 1899 tum
2046 1850 2327 1909 Hercules,
2368 1854 2515 1917 quasi

1448 1922 1695 1986 injuriam
1735 1923 2105 1988 inferentibus,
2141 1926 2229 1990 qui
2274 1941 2512 1980 accurre-

1450 2007 1584 2063 rant,
1612 2002 1864 2065 impetum
1905 2004 1956 2051 in
1988 2002 2324 2067 eos-faciens,
2345 2011 2514 2055 morte

1451 2075 1741 2128 Centauros
1756 2076 1970 2128 affecit?
2021 2079 2181 2129 Istius
2203 2079 2358 2129 etiam
2376 2082 2516 2131 labo-

1449 2153 1521 2204 ris
1558 2153 1811 2204 Herculei
1850 2156 2089 2207 meminit
2111 2156 2273 2207 ovid.
2295 2158 2514 2210 Heroid.

1452 2229 1623 2293 Epist.
1657 2235 1707 2280 9.
1768 2232 1923 2284 Silius
1966 2233 2057 2284 lib.
2097 2247 2188 2284 111.
2239 2235 2429 2285 Senec.
2465 2238 2514 2285 in

1453 2304 1617 2360 Herc.
1645 2307 1757 2357 OEt.
1777 2323 1853 2357 vs.
1877 2313 2024 2359 1195.
2058 2310 2208 2360 Idem.

1515 2382 1734 2436 Abstulit
1766 2399 1892 2433 soevo
1928 2387 2129 2449 spolium
2152 2386 2296 2450 leoni]
2325 2390 2514 2439 Senec.

1452 2458 1503 2513 in
1544 2460 1708 2511 Herc.
1752 2461 1871 2513 Fur.
1912 2477 1992 2512 vs.
2028 2467 2172 2513 1150.
2205 2468 2219 2492 ‘
2240 2463 2348 2512 Cur
2380 2464 2514 2514 latus

1450 2535 1637 2585 laevum
1690 2544 1848 2586 vacat
1903 2538 2080 2602 spolio
2125 2539 2362 2590 Leonis?
2450 2542 2514 2591 In

1451 2612 1729 2678 Hippolyt.
1771 2630 1822 2664 v.
1859 2620 1974 2667 317.
2024 2618 2228 2668 ‘Natus
2264 2618 2518 2670 Alcmena

1441 2690 1624 2753 ¹posuit
1656 2691 2031 2756 pharetras‚Et
2052 2695 2224 2744 minax
2242 2700 2376 2746 vasti
2402 2713 2517 2761 spo·

1451 2766 1576 2815 lium
1612 2768 1835 2818 Leonis.'
1905 2771 1966 2819 In
1992 2771 2290 2822 Herc.OEt.
2327 2777 2516 2824 muso.

1451 2842 1467 2869 ‘
1489 2843 1721 2906 spolium
1759 2846 1948 2895 Leonis
1978 2848 2244 2897 sordidum
2270 2849 2392 2898 tabo
2422 2865 2514 2898 ex-

1450 2918 1593 2969 suit.'
1650 2921 1747 2970 *De
1783 2921 1880 2970 hoc
1923 2923 2099 2972 labore
2143 2925 2244 2974 vid.
2289 2925 2512 2974 eundem

1447 2996 1501 3047 in
1546 2997 1708 3048 Herc.
1749 3000 1872 3048 Fur.
1908 3015 1983 3048 vs.
2019 3003 2104 3050 45.
2146 3004 2264 3050 225.
2308 3006 2424 3051 465.
2450 2999 2515 3048 'in

1447 3073 1662 3136 Tliyest.
1691 3088 1764 3123 vs.
1786 3079 1900 3124 858.
1925 3077 1976 3124 in
2001 3074 2186 3138 Agam.
2213 3092 2287 3125 vs.
2311 3080 2427 3126 830.
2463 3077 2516 3126 in

1453 3151 1612 3202 Herc.
1645 3153 1753 3202 OEt.
1791 3167 1866 3202 vs.
1902 3157 1981 3202 16.
2019 3156 2167 3202 1193.
2204 3156 2353 3203 1892.
2442 3154 2514 3202 Et

1450 3231 1666 3280 anret.
1699 3230 1791 3281 lib.
1817 3245 1867 3280 ν.
1911 3231 2146 3280 Martial.
2168 3228 2259 3280 lib.
2283 3244 2335 3279 v.
2359 3229 2517 3293 Epig.

1449 3311 1533 3357 67.
1576 3307 1846 3357 Claudiau.
1887 3308 1938 3356 in
1963 3306 2136 3358 Ruflu.
2154 3309 2206 3357 »1.
2243 3321 2282 3356 1.
2321 3323 2368 3359 ν.
2392 3311 2512 3357 285.

1450 3383 1632 3433 Silium
1668 3384 1794 3434 Ital.
1832 3383 1922 3433 111).
1962 3397 2050 3433 ιιι.
2082 3384 2398 3434 Vah-Flam.
2420 3382 2512 3432 111).

1451 3473 1582 3510 vrit.
1624 3460 1786 3510 Ovid.
1828 3462 1996 3525 Epist.
2033 3459 2256 3510 Heroid.
2280 3463 2330 3510 9.
2372 3459 2515 3508 Poli-

1449 3537 1578 3586 tian.
1601 3537 1653 3593 in
1690 3537 1954 3600 Nutricis,
1977 3553 2024 3588 ν.
2047 3542 2130 3587 67.
2163 3537 2354 3587 AEliau.
2379 3538 2415 3587 l.
2434 3550 2514 3586 ιν.

1448 3614 1572 3663 Var.
1593 3614 1717 3665 hist.
1741 3630 1858 3679 cap.
1878 3620 1928 3665 5.
1963 3616 2112 3664 Idem.

1514 3691 1657 3740 Fixit
1676 3697 1728 3740 et
1748 3693 1892 3741 certis
1910 3693 2121 3742 volucres
2130 3690 2350 3755 sagittis]
2386 3692 2515 3742 Lac-

1450 3774 1582 3818 taut.
1624 3769 1715 3819 lib.
1755 3783 1795 3819 1.
1850 3769 1975 3819 Div.
2008 3769 2186 3819 Instit.
2213 3784 2330 3832 cap.
2358 3772 2412 3818 9.
2446 3766 2513 3817 de

1449 3844 1716 3894 Hercule:
1761 3847 1777 3874 ‘
1797 3846 1941 3897 Quid
1972 3846 2111 3895 enim
2142 3852 2253 3896 -tam
2286 3845 2516 3909 magnifl-

1449 3935 1586 3982 cum,
1605 3921 1646 3970 si
1665 3922 1888 3979 leonem,
1909 3936 2198 3988 aprumque
2216 3922 2480 3987 superavit
2496 3924 2516 3971 ἒ

1442 3999 1493 4046 «εἰ
1530 4011 1650 4046 aves
1692 3999 1886 4062 dejecit
1920 4001 2157 4063 sagittis?
2214 4001 2256 4049 si
2313 4000 2514 4064 regium

1443 4075 1704 4124 stabulum
1742 4075 1971 4138 egessit?
2007 4077 2051 4124 si
2079 4077 2329 4140 virginem
2365 4077 2511 4138 vicit,

1446 4150 1817 4216 cingulumque
1858 4153 2120 4207 detraxit?
2152 4154 2195 4201 si
2232 4168 2394 4219 equos
2434 4152 2512 4201 fe-

1448 4243 1595 4278 roces
1613 4243 1730 4278 cum
1746 4229 1956 4280 domino
1981 4230 2277 4280 interemit?
2330 4230 2515 4294 Opera

1439 4313 1570 4356 sunt
1594 4307 1697 4356 ista
1724 4304 1879 4357 fortis
1916 4306 2030 4370 viri,
2046 4306 2267 4356 bominis
2303 4315 2510 4356 tamen:

2253 4388 2379 4438 ΞΜ
