3049 4928
1005 376 1526 427 Pchosopmffi
1580 376 1718 425 [ΑΒ.
1768 375 1815 422 Ι.

2389 357 2520 421 129

297 528 456 607 um,·‘
497 525 636 591 nisi
681 531 809 589 tna
846 522 1262 606 prodidisset
1304 522 1552 600 oratic,
1597 519 2000 585 nesciebam.
2094 518 2229 584 Sed
2259 523 2328 583 tu
2360 539 2516 604 pro-

297 628 459 697 cul²
511 650 557 694 a
585 627 815 713 patria
838 646 970 691 non
1000 625 1268 709 quidem
1297 625 1534 709 pulsus
1562 644 1662 701 eS,
1711 623 1832 689 sed
1866 623 2216 688 aberrasti.
2305 623 2402 687 At
2447 625 2509 687 si

296 744 366 800 te
397 733 680 819 pulsum
710 729 1081 795 existimari
1108 730 1349 807 maviS,
1379 733 1445 793 te
1475 727 1701 811 potins
1730 727 1881 810 ipse
1911 725 2285 809 pepulisti.³
2335 726 2516 792 Nam

294 839 365 903 id
398 835 683 921 quidem'
717 833 799 898 de
827 839 893 897 te
923 851 1268 916 nunquam
1322 832 1636 913 cuiquam
1686 829 1794 893 fas
1834 827 2124 893 fuisset!
2213 828 2289 893 Si
2335 830 2510 896 enim

294 961 378 1005 cu
377 940 501 1024 jus
532 935 847 1002 oriundus
874 935 970 998 sis
1000 934 1241 1018 patriae
1271 926 1759 1009 reminiscaris)
1801 949 1955 1007 non,
2005 929 2106 994 uti
2153 928 2512 996 Athenien-

294 1044 476 1107 sium
499 1049 540 1076 ω
604 1037 960 1124 quondam,
1018 1035 1458 1103 multitudinis
1505 1034 1785 1117 imperio
1835 1032 2094 1114 regitur
2118 1030 2176 1096 :¹
2235 1035 2398 1096 ἀλλὰ
2446 1032 2518 1107 εἷς

293 1141 583 1225 βασιλεύς
616 1145 785 1217 ἐστιν,
817 1138 892 1214 εἷς
922 1137 1232 1226 κοίρανοςβ
1253 1146 1281 1185 4
1326 1138 1445 1221 qui
1473 1137 1854 1220 frequentia
1905 1137 2175 1213 civium,
2225 1156 2363 1200 non
2396 1138 2513 1201 de-

336 1367 341 1372 ·
363 1343 389 1376 ⁵
429 1345 585 1393 Nemo
614 1344 840 1407 potuisset
861 1348 909 1391 te
929 1341 1117 1404 pellere.

1250 1338 1265 1370 1
1305 1337 1579 1401 vuapatria
1613 1352 1704 1386 non
1736 1336 1923 1398 regitur
1946 1336 2142 1397 imperio
2161 1334 2518 1394 multitudinis,-

290 1409 421 1458 πᾶσαι
444 1410 561 1459 olim
582 1410 783 1459 Athenoe
802 1407 1089 1470 regebantur
1107 1421 1123 1454 .·
1159 1405 1240 1455 red
1270 1404 1421 1466 hujus.

1552 1409 1590 1434 '¹⁸
1631 1401 1764 1451 Unus
1784 1407 1854 1451 est
1877 1402 2134 1464 Dominus,
2155 1416 2272 1449 unus
2297 1401 2420 1450 Rem.

1547 1546 1608 1566 Ν

292 1640 397 1685 --2
433 1634 568 1685 ‘Sed
613 1621 668 1684 tu
702 1651 842 1699 quam
873 1607 1063 1699 procul]
1097 1632 1248 1697 Ejice
1294 1631 1604 1695 particulam
1641 1627 1802 1694 quam3
1837 1628 2089 1679 suadente
2125 1630 2228 1678 Ms.
2252 1627 2519 1679 Rittersh!

296 1701 586 1751 Sinna—3
620 1701 723 1749 Ms.
747 1702 998 1751 Rittersh.
1025 1706 1072 1750 te
1093 1699 1191 1763 ipse
1218 1697 1556 1760 repulisti.-—4
1591 1695 1687 1745 Sed
1715 1693 1781 1745 εἷς
1803 1693 2009 1759 κοίρανός
2031 1695 2178 1756 ἐστιν,
2211 1692 2275 1745 εἷς
2295 1694 2523 1751 βασιλεὺς

1301 1823 1517 1876 NOTAE

299 1944 517 1994 dicatur
531 1942 891 2008 corporis‚alia
910 1941 1119 2003 mentis,
1135 1946 1376 2005 propter·

301 2036 367 2071 ea
388 2020 609 2069 exilium
636 2034 739 2069 non
775 2020 938 2069 solum
973 2019 1040 2068 de
1074 2016 1377 2081 corporibus

302 2113 334 2145 a
374 2096 543 2146 natali
575 2097 684 2145 solo
716 2096 962 2160 expulsiS,
992 2095 1085 2144 sed
1121 2093 1278 2143 etiam
1312 2092 1378 2141 de

303 2174 570 2224 mentibus
610 2189 640 2222 a
671 2174 805 2224 coelo
836 2173 945 2222 sive
980 2171 1152 2237 potius
1188 2186 1217 2219 a
1254 2167 1375 2219 Deo

305 2250 523 2299 remotis
545 2249 763 2314 intelligi
798 2256 1000 2313 potest:
1036 2248 1172 2297 unde
1194 2262 1371 2313 quam-

304 2327 384 2375 vis
406 2325 661 2376 Boethius
684 2326 733 2374 in
759 2325 1025 2390 praedictis
1050 2323 1154 2372 suis
1179 2322 1372 2373 Carmi-

305 2404 460 2453 nibus
484 2404 551 2452 de
588 2403 745 2468 priori
782 2404 1033 2453 duntaxat
1057 2400 1214 2451 exilio
1236 2401 1375 2449 locu·

309 2489 391 2531 tus
415 2479 599 2543 fuerit,
639 2478 968 2543 Philosophia
1003 2487 1195 2540 tamen,
1230 2491 1373 2526 occa-

309 2560 452 2608 sione
498 2566 740 2622 accepta,
790 2558 855 2607 de
902 2557 1179 2621 posteriori
1217 2556 1375 2604 exilio

308 2636 562 2700 loquitur,
578 2635 917 2699 simulataque
939 2649 1031 2682 sna
1054 2633 1376 2697 ignoratione

307 2713 479 2763 innuit
499 2716 515 2740 ‘
534 2713 744 2762 exilium
770 2727 871 2761 non
895 2711 1025 2760 adeo
1042 2709 1377 2774 longinquum

310 2789 460 2853 esse‚’
498 2789 636 2856 quod
679 2790 919 2839 nimirum
966 2803 1106 2837 mens
1145 2786 1379 2847 hominis,

311 2882 687 2933 quamcumque
725 2867 769 2916 is
801 2867 995 2915 incolat
1018 2873 1274 2916 terrarum
1299 2878 1377 2911 re-

308 2945 536 3009 gionem,
562 2958 658 2993 nec
693 2943 916 3007 longiori
948 2950 1249 3005 propterea,
1285 2954 1380 2987 nec

309 3022 533 3073 breviori
574 3021 850 3070 intervallo
887 3035 921 3069 a
964 3018 1162 3069 coelesti
1207 3016 1377 3080 patria

309 3098 464 3148 distet
483 3116 495 3146 :
525 3099 661 3146 bene
680 3097 871 3162 quippe
888 3095 1227 3159 Anaxagoras
1243 3109 1375 3159 quae·

312 3175 465 3237 renti,
493 3175 701 3221 nullane
735 3172 914 3235 patriae
943 3170 1043 3235 ipsi
1074 3180 1210 3220 esset
1236 3185 1380 3231 cura,

309 3252 462 3315 Mihi,
485 3250 678 3315 inquit,
712 3248 897 3313 patriae
936 3262 1060 3297 cura
1092 3254 1147 3296 et
1169 3246 1378 3312 quidem

310 3342 510 3378 summa
532 3332 652 3374 est:
686 3325 903 3388 digitum
930 3324 981 3374 in
1006 3325 1190 3374 coelum
1211 3326 1379 3372 inten-

309 3403 457 3453 dens.
529 3401 745 3465 Optime
779 3400 831 3450 S.
871 3400 1067 3451 Paulus
1101 3415 1165 3450 ιι.
1191 3401 1309 3450 Cor.
1332 3406 1378 3451 5.

309 3484 490 3531 monet
512 3481 529 3508 ‘
552 3495 647 3529 nos
679 3480 870 3529 habere
894 3480 1101 3528 domum
1128 3489 1378 3529 aeternam

309 3557 361 3606 in
386 3556 531 3606 coelis
550 3555 584 3605 :'
617 3554 754 3620 quod
780 3556 915 3618 apud
942 3554 1263 3604 Christianos
1299 3561 1380 3604 est

309 3633 740 3698 vulgatissimum.
771 3631 1064 3695 Propterea
1083 3632 1147 3681 ab
1167 3633 1263 3682 hac
1288 3648 1378 3696 pa-

312 3712 409 3760 tria
459 3724 614 3758 nemo
662 3709 905 3773 pellitur:
961 3713 977 3737 ‘
1015 3716 1070 3759 tu
1121 3713 1301 3773 procul
1350 3726 1378 3757 a

312 3788 486 3852 patria
522 3800 624 3835 non
664 3785 868 3850 quidem
905 3787 1083 3851 pulsus
1119 3786 1175 3835 es
1196 3786 1227 3834 :'
1264 3801 1379 3834 nam

311 3864 407 3913 hoc
430 3870 513 3913 est
538 3863 814 3912 discrimen
839 3863 977 3913 inter
1014 3864 1231 3929 patriam
1268 3879 1381 3912 cor-

314 3941 452 4004 poris
476 3947 532 3989 et
562 3940 780 4002 patriam
804 3941 1011 4004 mentiS,
1047 3941 1183 4005 quod
1223 3941 1380 3990 etiam

315 4015 462 4065 inviti
487 4016 745 4080 possimus
769 4032 800 4065 a
820 4017 993 4079 patria
1026 4017 1259 4080 corporis
1294 4032 1383 4065 ex·

320 4095 478 4158 pelli:
514 4111 546 4144 a
568 4095 739 4158 patria
766 4111 888 4144 vero
911 4095 1120 4158 mentis,
1145 4095 1382 4144 nimirum

322 4184 351 4218 a
373 4171 502 4221 coelo
536 4173 649 4222 sive
685 4171 858 4235 potius
892 4173 955 4222 ab
991 4174 1106 4237 ipso
1140 4173 1255 4221 Deo
1284 4187 1384 4220 non

324 4250 415 4298 nisi
453 4251 691 4300 volentes
732 4249 1062 4298 recedamus:
1111 4249 1208 4298 huc
1250 4251 1384 4297 enim

447 4331 624 4395 Delph.
647 4337 692 4380 et
727 4332 838 4380 Var.
868 4333 996 4381 Clas.

1460 1936 1737 2000 tendimus,
1751 1935 1836 1987 hic
1859 1949 2234 1984 commoramur
2252 1934 2524 1986 affectibus

1459 2017 1672 2078 mentis,
1714 2015 1931 2080 quorum
1977 2029 2150 2062 sumus
2195 2014 2406 2065 domini.
2475 2015 2523 2065 A

1459 2098 1630 2163 patria
1652 2102 1828 2146 tamen
1862 2095 2059 2145 coelesti
2094 2095 2386 2145 aberramus
2432 2097 2522 2146 ali-

1461 2175 1695 2241 quando:
1738 2175 1753 2202 ‘
1790 2173 1883 2222 sed
1916 2173 2168 2222 aberrasti
2189 2173 2222 2222 :'
2268 2181 2521 2237 quatenus

1458 2254 1622 2305 libere
1647 2255 1885 2303 voluntas
1903 2257 2080 2301 nostra
2098 2252 2278 2302 deficit
2298 2269 2328 2302 a
2350 2252 2524 2304 divina

1458 2332 1747 2390 voluntate,
1776 2346 1889 2395 qna:
1937 2337 1996 2378 nt
2038 2336 2119 2379 est
2150 2329 2315 2393 prima
2350 2346 2521 2381 rerum

1458 2406 1684 2456 omnium
1706 2421 1884 2468 cansa,
1901 2405 1974 2454 sic
2001 2405 2169 2469 prima
2200 2413 2283 2455 est
2317 2413 2524 2458 actuum

1459 2486 1792 2533 humanorum
1829 2481 2038 2547 regula:
2075 2482 2406 2547 quamobrem
2441 2487 2456 2514 ‘
2483 2487 2525 2536 si

1462 2566 1514 2609 te
1540 2559 1740 2622 pulsnm
1767 2557 2051 2606 existimari
2071 2558 2251 2620 mavis,
2274 2566 2325 2608 te
2355 2561 2526 2622 potius

1462 2637 1571 2700 ipse
1597 2635 1877 2699 pepulisti,’
1903 2643 1990 2683 tua
2014 2634 2215 2682 scilicet
2240 2636 2526 2698 voluntate,

1463 2721 1556 2764 tuo
1591 2726 1862 2772 consensu,
1894 2710 2044 2773 cujus
2076 2709 2150 2757 ita
2183 2709 2420 2758 dominus
2455 2727 2529 2775 es,

1461 2797 1519 2839 ut
1553 2788 1644 2838 ‘id
1681 2787 1748 2837 de
1786 2793 1838 2837 te
1875 2801 2130 2850 utinquam
2167 2787 2407 2851 cuiquam
2449 2789 2526 2840 fas

1461 2864 1682 2917 fuisset!
1712 2867 1878 2923 Tanta
1903 2864 2098 2928 quippe
2120 2870 2202 2913 est
2223 2865 2412 2923 mentis
2435 2869 2530 2916 hu·-

1461 2958 1629 2994 manae
1653 2942 1885 3005 libertae,
1902 2941 2012 3004 ipsa
2035 2949 2093 2990 ut
2110 2956 2206 2990 nec
2229 2955 2406 2991 errore
2422 2959 2525 2995 ,nec

1459 3022 1609 3084 vitio,
1628 3021 1813 3086 quibus
1831 3035 1859 3068 a
1877 3019 2076 3069 coelesti
2092 3019 2260 3083 patria
2274 3034 2528 3086 arcemur,

1458 3099 1554 3149 nisi
1590 3097 1770 3146 eadem
1808 3097 1968 3146 libere
2005 3097 2244 3160 voluerit,
2275 3100 2525 3149 contami-

1461 3174 1572 3225 nari
1598 3173 1782 3237 possit.

1527 3250 1539 3284 ¹
1567 3253 1714 3314 Cujtcs
1747 3250 1973 3298 oriundus
2006 3250 2074 3299 sis
2106 3251 2280 3314 patrioe
2309 3252 2527 3302 reminis-

1460 3328 1612 3391 caris]
1664 3329 1919 3391 Inceptus
1972 3327 2036 3376 de
2092 3327 2261 3391 patria
2323 3329 2525 3379 coelesti

1462 3421 1632 3456 sermo
1665 3405 2026 3455 continuatur:
2064 3404 2218 3468 hujus
2244 3412 2413 3454 autem
2440 3421 2529 3470 pa-

1464 3484 1581 3534 triae
1629 3481 1887 3532 reminisci
1943 3482 2199 3531 duntaxat
2250 3482 2526 3532 Boethium

1462 3566 1702 3624 oportet:
1741 3560 1860 3624 quia
1894 3558 2147 3608 Boethius
2183 3559 2292 3608 sive
2327 3574 2357 3607 a
2392 3560 2528 3622 Deo,

1461 3637 1573 3686 sive
1608 3650 1697 3686 suo
1722 3637 1917 3695 Marte,
1940 3635 2048 3683 sive
2073 3634 2231 3683 etiam
2257 3634 2528 3698 magistro·

1464 3729 1575 3763 rum
1597 3712 1920 3762 adminiculis
1933 3713 2238 3773 instructus,
2255 3711 2424 3760 multis
2443 3712 2529 3775 ab,-

1461 3790 1582 3839 hinc
1606 3790 1753 3839 annis
1777 3795 1991 3837 noverat
2014 3787 2201 3851 coelum
2237 3802 2381 3835 suam
2416 3802 2528 3836 esse

1466 3867 1719 3931 patriam:
1776 3865 1867 3915 sed
1912 3866 2054 3914 notio
2093 3865 2206 3913 haec
2252 3862 2529 3914 affectibus

1463 3942 1599 3994 forle
1626 3945 1931 3994 obscurata:
1965 3944 2084 3991 hinc
2120 3942 2246 3991 illud
2280 3957 2382 3992 non
2423 3948 2527 3991 tam

1464 4023 1598 4071 scire
1642 4021 1881 4084 primum,
1929 4034 2080 4086 quam
2137 4019 2396 4070 reminisci
2440 4018 2530 4089 de·

1465 4097 1641 4147 bebat.
1896 4130 1901 4135 -
2522 4140 2525 4145 .

1532 4181 1567 4206 ¹¹¹
1592 4175 1723 4233 Non,
1763 4173 1836 4222 uti
1873 4172 2256 4234 Atheniensium]
2311 4170 2531 4241 Triplex⁴

1468 4257 1549 4300 est
1607 4250 1790 4314 patriae
1849 4249 2093 4312 regendae
2156 4238 2370 4307 modus,¹
2423 4232 2529 4319 sire

1363 4332 1538 4381 Boiu».
2372 4329 2400 4378 Ῑ
