3049 4928
539 444 672 509 440

542 605 623 669 gis
652 619 688 653 1.
710 604 848 653 solus
880 604 1063 653 consul
1093 602 1213 668 fuit,
1242 614 1299 655 ut
1332 604 1605 656 Cassiodo-

543 697 628 730 rus
650 671 1081 731 infastis'refert.
1102 690 1155 732 at
1183 684 1321 747 apud
1344 684 1604 733 Marcelli·

545 774 664 807 num
690 757 892 820 collega
912 758 1165 807 Eusebius
1189 759 1414 809 additur.
1472 760 1604 809 Con·

542 836 654 884 sule
677 842 733 884 et
767 835 1134 885 cassiodorum
1172 837 1294 885 Var.
1327 850 1402 887 ιν.
1436 835 1606 900 Epist.

544 925 684 961 xxx·
725 912 961 961 Remurt.

612 990 690 1038 Ne
711 989 962 1052 Albinum]
1022 988 1105 1039 Ad
1141 987 1385 1039 Albinum
1421 995 1605 1039 extant

545 1065 683 1129 apud
706 1066 1072 1115 Cassiodorum
1103 1066 1194 1126 lib.
1220 1081 1259 1115 1.
1290 1067 1416 1117 Var.
1438 1066 1605 1129 Epist.

544 1146 627 1192 20.
653 1149 708 1192 et
726 1142 917 1192 lib.'1v.
940 1144 1109 1206 Epist.
1128 1146 1208 1192 3⁰.
1241 1142 1411 1193 Silam.

616 1218 756 1267 Odiis
777 1233 850 1267 me
876 1220 1108 1284 Cypriani
1136 1221 1361 1270 delatoris
1390 1222 1605 1286 opposui]

547 1295 679 1345 Quis
701 1296 819 1344 ille?
864 1295 1001 1345 idem
1027 1311 1093 1345 ne
1126 1296 1193 1346 de
1219 1313 1320 1362 quo
1347 1297 1603 1348 Athalari-

546 1385 637 1419 cus
679 1372 791 1420 Rex
831 1372 970 1435 apud
1005 1373 1366 1424 Cassiodorum
1403 1377 1437 1426 l.
1480 1390 1605 1427 vm.

546 1448 751 1499 variar.
771 1448 1010 1512 Epistola
1044 1464 1166 1500 xxi.
1200 1453 1215 1479 ‘
1236 1451 1474 1501 Senescis
1497 1455 1607 1518 qui·

546 1523 664 1573 dem
688 1539 923 1589 corpore,
958 1526 1048 1575 sed
1073 1528 1227 1577 laude
1254 1529 1553 1592 juvenescis
1578 1532 1609 1580 ε’

547 1607 602 1649 et
626 1608 746 1665 post
766 1603 961 1660 multa:
998 1604 1013 1632 ‘
1041 1605 1388 1657 Quamobrem
1429 1609 1607 1657 multis

546 1678 804 1728 laboribus
825 1681 1090 1745 multaque
1107 1680 1212 1731 fide
1235 1689 1290 1732 et
1309 1686 1609 1734 constantia

546 1756 903 1819 comprobato,
964 1758 1280 1809 Patriciatus
1326 1760 1442 1824 tibi,
1490 1764 1607 1812 Deo

548 1835 777 1897 auspice,
810 1834 1125 1885 conferimus
1159 1838 1485 1902 dignitatem,
1520 1842 1608 1890 ho-

548 1925 724 1960 norem
764 1913 976 1977 quidem
1011 1915 1225 1978 celsum,
1258 1916 1347 1965 sed
1381 1917 1470 1982 qui
1504 1919 1608 1967 tuis

548 1987 746 2035 meritis
766 1987 1013 2049 probetur
1037 2003 1151 2037 esse
1176 1991 1429 2055 aequalis?
1472 1994 1606 2042 Sane

547 2063 632 2110 vix
659 2063 844 2112 credo:
887 2064 1062 2128 utique
1097 2080 1213 2115 cum
1245 2068 1384 2130 apud
1414 2069 1610 2118 Proco-

549 2141 689 2204 pium
713 2141 923 2204 legerim
949 2144 1012 2190 de
1038 2142 1175 2191 bello
1211 2144 1498 2195 Gothorum
1520 2146 1610 2196 lib.

549 2231 590 2266 1.
628 2218 987 2269 ‘Theodorico
1019 2219 1178 2283 igitur
1219 2235 1311 2270 suo
1352 2220 1460 2270 fato
1493 2237 1609 2285 per·

549 2292 747 2359 functo,
770 2293 1096 2351 Athalaricus
1118 2298 1270 2362 hujus
1295 2314 1362 2348 ex
1393 2297 1498 2347 filia
1518 2314 1608 2348 ne·

555 2386 648 2433 pos
666 2374 896 2437 suscepit
919 2373 1211 2437 imperinm,
1225 2389 1385 2425 annos
1398 2384 1613 2426 octenos

550 2457 725 2514 natus,
746 2450 841 2500 sub
864 2459 1028 2502 matre
1042 2450 1419 2502 Amalasuntha
1441 2452 1611 2504 adhuc

548 2527 800 2578 educatus
821 2545 835 2578 ε
856 2542 972 2577 nam
997 2528 1149 2591 hujus
1174 2536 1326 2592 pater
1345 2538 1410 2577 ex
1435 2530 1610 2579 huma·

550 2603 629 2652 nis
649 2613 966 2668 excesserat,
1000 2619 1098 2654 uec
1134 2606 1289 2669 longo
1327 2614 1448 2670 post
1464 2597 1611 2657 'tern-

550 2694 677 2744 pore
702 2693 858 2745 quam
876 2682 909 2733 J
917 2682 1202 2731 ustinianus
1225 2675 1432 2733 iniisset
1451 2684 1612 2748 impe-

550 2755 702 2807 rium.
769 2757 1144 2808 Amalasuutha
1160 2760 1356 2824 itaque,
1377 2760 1471 2810 filii
1496 2776 1615 2825 pro-

551 2833 818 2882 curatione
839 2840 1101 2897 snscepta,
1137 2849 1352 2898 regnum
1377 2836 1616 2885 adminis-

555 2909 759 2958 trabat:
802 2909 1079 2973 prudentia
1113 2918 1169 2960 et
1206 2913 1456 2976 aequitate
1477 2912 1617 2962 miri·

550 2983 649 3034 fiee
673 2986 897 3049 poliens,
938 2986 1137 3036 virileni
1173 3002 1284 3052 prae
1322 3003 1376 3038 se
1411 2987 1619 3040 ferebat

551 3071 817 3112 naturam:
842 3063 1042 3128 quippe
1071 3065 1313 3130 quamdiu
1332 3066 1443 3115 haec
1460 3067 1617 3131 impe-

551 3137 631 3187 rio
650 3137 878 3202 praefuit,
894 3140 1240 3191 Romanorum
1261 3142 1515 3191 neminem
1537 3144 1619 3193 vel

552 3215 784 3279 corporis
811 3215 986 3267 affecit
1007 3231 1178 3282 poena,
1212 3220 1295 3268 vel
1319 3233 1486 3269 rerum
1500 3220 1617 3284 jac-

553 3297 672 3341 tura
694 3309 708 3342 z
751 3294 1035 3357 quinetiam
1079 3309 1177 3345 nec
1222 3295 1423 3345 Gothos
1460 3296 1621 3360 ipsos,

552 3370 653 3418 etsi
676 3371 964 3420 lacessendi
999 3373 1256 3422 Romanos
1288 3373 1622 3438 percupidus,

551 3445 632 3495 his
654 3462 861 3512 quoquo
887 3456 1044 3513 pacto
1075 3448 1316 3513 injuriam
1353 3453 1620 3514 permitte-

548 3521 641 3571 bat
679 3521 911 3574 inferre:
960 3525 1086 3588 quin
1120 3527 1292 3588 potius
1324 3529 1617 3592 Symmachi

552 3612 614 3646 ac
639 3597 819 3648 Boetii
857 3600 1035 3650 liberis
1059 3609 1281 3664 paterna
1303 3603 1442 3653 bona
1468 3605 1617 3654 resti-

554 3675 672 3738 tuit,
711 3675 924 3725 dudum’
961 3677 1062 3743 (ait
1102 3677 1350 3729 Aretiuus
1374 3681 1464 3730 lib.
1490 3696 1528 3732 1.
1550 3682 1618 3730 de

551 3750 691 3800 bello
717 3750 838 3802 Ital.
873 3761 1039 3803 contr.
1051 3752 1213 3819 θοι.)
1246 3757 1261 3783 ‘
1279 3770 1309 3804 a
1332 3756 1618 3807 Theodori·

553 3842 616 3878 co
639 3827 926 3894 publicata,
949 3828 1171 3880 afferens
1193 3845 1279 3882 eos
1300 3832 1446 3884 falsis
1478 3835 1617 3884 dela·

552 3903 779 3954 tionibus
825 3913 883 3956 et
922 3913 1116 3957 temere
1161 3923 1194 3956 a
1235 3922 1362 3974 rege
1398 3911 1617 3962 creditis

552 3978 712 4031 fuisse
732 3981 1042 4033 damnatos!
1073 3985 1305 4036 Reman-t.

621 4058 875 4123 Cypriani]
923 4060 1213 4124 Cyprianus
1238 4069 1295 4111 et
1316 4060 1497 4124 Opilio
1513 4060 1617 4112 fra-

554 4141 662 4183 tres
693 4134 858 4186 fuere.
926 4138 1048 4188 Non
1086 4138 1174 4188 ille
1220 4137 1402 4202 Opilio
1440 4140 1531 4204 qui
1568 4155 1616 4191 a.

554 4221 752 4261 nxxur.
775 4214 1098 4264 consulatum
1122 4229 1240 4264 cum
1261 4214 1472 4266 Justiuo
1492 4215 1616 4280 imp.

557 4287 732 4347 gessit.
752 4303 903 4354 quem
925 4290 1088 4340 virum
1107 4289 1379 4343 sublimem
1400 4297 1457 4340 et
1479 4303 1619 4356 mag-

556 4361 766 4414 nificum
790 4367 1055 4417 Ennodius
1091 4368 1189 4430 Ep.
1221 4380 1307 4417 ιιι.
1330 4368 1365 4417 l.
1392 4381 1444 4418 v.
1464 4381 1615 4434 quem

1247 461 1462 510 No'rAE
1510 459 1844 510 VARIORU
1857 462 1908 508 M
1958 461 2040 510 IN

1677 611 1734 653 et
1744 603 1861 654 Ouu
1870 604 2297 668 phr.Panviuius,
2305 620 2573 670 perperam
2590 614 2740 670 puto,

1678 680 1821 730 Astii
1845 682 2016 746 magni
2040 683 2176 732 illius
2201 682 2349 731 ducis
2370 682 2530 731 filium
2549 691 2732 743 vocat;

1677 756 1894 807 fortasse
1928 759 2130 820 melius,
2165 773 2229 807 ex
2264 759 2558 809 Gaudentio
2593 757 2736 807 Aetii

1678 834 1806 897 filio,
1827 835 1972 898 cnjus
2002 836 2236 884 meminit
2261 836 2314 884 in
2338 835 2596 884 Chronico
2617 835 2737 884 Ida-

1679 912 1801 973 tius,
1828 920 2072 974 nepotem
2105 911 2362 961 dixisset:
2398 911 2579 960 Aetius
2601 912 2736 959 enim

1679 988 1879 1037 occisus
1901 998 1981 1037 est
2004 1003 2051 1037 ι.
2076 1002 2261 1039 cumr.
2287 987 2467 1052 Opilio
2492 1002 2613 1035 vero
2641 986 2741 1037 iste

1678 1077 1814 1114 anuo
1854 1078 2095 1115 nxxxnr.
2136 1080 2253 1114 cum
2291 1064 2496 1114 Liberio
2523 1063 2740 1126 patricio

1678 1141 2013 1190 'l'heotlahadi
2040 1142 2103 1190 de
2144 1155 2272 1205 pace
2297 1141 2363 1191 ad
2385 1140 2739 1191 Justiniaunm

1679 1219 1881 1281 legatus
1903 1218 2415 1282 Constantinopolim
2436 1219 2624 1265 missus
2648 1225 2750 1275 est,

1680 1304 1741 1346 nt
1791 1297 1974 1345 scribit
2019 1296 2311 1360 Procopius
2359 1295 2451 1344 lib.
2499 1308 2534 1343 ι.
2605 1294 2744 1343 Hist.

1680 1373 1941 1435 Gothicae,
1961 1387 2078 1422 cum
2098 1387 2256 1436 supra
2278 1385 2467 1420 annum
2485 1371 2743 1432 octogesi-

1682 1465 1817 1499 mum
1840 1450 2174 1511 constitutus,
2197 1448 2363 1497 minus
2385 1446 2637 1508 legationi
2661 1445 2746 1494 isti

1682 1538 1835 1592 aptus
1871 1526 2029 1590 fuisse
2068 1538 2361 1576 censeatur.
2429 1526 2552 1575 Non
2589 1524 2633 1571 is
2672 1524 2747 1572 in·

1684 1620 1835 1669 quam
1857 1622 1872 1667 ;
1895 1606 2005 1668 sed,
2027 1611 2083 1653 ut
2098 1603 2377 1654 doctissimi
2396 1600 2660 1651 Sirmondi
2684 1599 2746 1647 ad

1688 1682 1853 1746 Epist.
1874 1696 1965 1732 ιιι.
1987 1681 2076 1731 lib.
2096 1694 2149 1732 V.
2166 1678 2392 1729 Ennodii
2418 1675 2595 1726 verbis
2614 1684 2751 1738 utar,

1683 1760 1698 1788 ‘
1716 1761 1945 1809 diversus
1967 1759 2030 1808 ab
2047 1759 2146 1806 hoc
2172 1754 2432 1806 consulari
2455 1754 2541 1804 hic
2565 1753 2749 1802 eadem

1685 1845 1844 1885 aetate
1892 1835 2069 1898 Opilio
2108 1833 2282 1883 Boetii
2324 1833 2555 1894 delator,
2599 1841 2748 1896 quem

1685 1914 1988 1976 perstringit
2011 1914 2047 1960 l.
2076 1925 2115 1961 1.
2137 1910 2204 1960 de
2238 1908 2633 1959 Consolatione.
2700 1906 2750 1954 Is

1685 1990 1923 2039 nimirum
1961 2004 2113 2053 quem
2158 1986 2494 2037 Athalaricus
2546 1992 2752 2048 postea,

1685 2075 1745 2117 nt
1791 2076 1871 2116 est
1916 2066 2051 2129 apud
2094 2063 2457 2115 cassiodorum
2495 2063 2590 2113 lib.
2631 2074 2753 2112 vm.

1688 2144 1856 2207 Epist.
1881 2157 2000 2193 xv1.
2058 2143 2309 2193 Comitem
2346 2153 2618 2190 sacrarum
2654 2139 2751 2189 lar·

1686 2219 1935 2283 gitionum
1981 2218 2110 2268 fecit
2142 2217 2322 2267 indict.
2346 2230 2422 2266 vr.
2460 2216 2564 2264 lioc
2588 2222 2749 2271 est‘a.

1686 2309 1933 2345 nxxvnr.
1975 2296 2198 2344 triennio
2233 2302 2508 2358 postquam
2535 2308 2566 2341 a
2587 2293 2750 2342 Theo-

1687 2374 1866 2424 dorico
1890 2374 2003 2423 ead.
2046 2373 2305 2422 Comitiva
2342 2379 2558 2419 ornatus
2579 2369 2753 2419 fuerat

1687 2450 1976 2515 Cyprianus
1992 2449 2106 2514 eJus
2127 2448 2308 2510 frater,
2325 2446 2533 2497 delator
2550 2453 2608 2496 et
2625 2446 2755 2511 ipse,

1685 2534 1748 2576 ut
1770 2526 1950 2576 scribit
1969 2526 2203 2586 Boetius»,
2237 2524 2413 2574 Albini
2446 2525 2752 2573 consularis.

1688 2602 1828 2656 Quin
1845 2611 1900 2653 et
1918 2603 2099 2652 horum
2123 2617 2328 2667 quoque
2351 2601 2575 2649 fratrum
2605 2608 2753 2665 pater

1689 2679 1871 2743 Opilio
1910 2678 2058 2741 alius,
2097 2679 2183 2742 qui
2220 2677 2405 2739 Comes
2432 2677 2562 2725 item
2587 2691 2750 2726 sacra-

1690 2769 1804 2819 rum
1830 2753 2159 2818 largitionum
2179 2751 2350 2801 fuerat
2380 2751 2475 2801 sub
2509 2751 2753 2802 Odoacre

1689 2831 1781 2880 lib.
1807 2832 1930 2879 Var.
1949 2844 2005 2880 v.
2027 2830 2199 2894 Epist.
2222 2828 2337 2879 ιμ’
2378 2828 2559 2878 Vallia.

1760 2906 2017 2971 Cypriani]
2053 2906 2257 2955 Fallor?
2297 2904 2481 2954 aufuit
2509 2905 2603 2954 ille
2626 2904 2752 2969 ipse,

1692 2985 1776 3036 cui
1819 2983 2181 3035 Referendarii
2219 2980 2443 3031 officium
2482 2980 2753 3031 laboriosis

1693 3061 1915 3126 primum
1938 3059 2321 3110 conditionibus
2343 3059 2583 3122 obeunti,
2602 3074 2753 3123 prop·

1692 3147 1775 3189 ter
1820 3139 2168 3203 eloquentiam
2222 3137 2541 3200 aliarumque
2583 3149 2753 3185 rerum

1693 3215 1933 3281 peritiam
1969 3214 2318 3264 Theodoricus
2369 3213 2482 3260 Rex
2535 3211 2756 3261 contulit

1692 3293 2003 3357 dignitatem
2040 3293 2317 3341 Sacrarum
2363 3287 2753 3351 Largitiouum:

1696 3370 2026 3422 Athalaricus
2074 3383 2219 3429 vero,
2269 3365 2422 3428 hujus
2475 3378 2757 3427 successor,

1694 3448 2001 3511 dignitatem
2035 3441 2387 3493 Patriciatus?
2419 3440 2559 3489 Vide
2588 3441 2753 3491 Cassi.-

1693 3525 1910 3574 odorum
1948 3522 2081 3571 libro
2128 3520 2308 3583 quinto
2342 3517 2551 3566 Variar.
2590 3517 2754 3580 Epist.

1691 3605 1777 3651 40.
1820 3609 1876 3650 et
1918 3603 2032 3650 1111.
2076 3598 2209 3647 libro
2244 3602 2431 3645 octavo
2468 3593 2645 3658 Epist.
2675 3598 2753 3642 21.

1692 3677 1865 3727 Sitzm.

1762 3752 1947 3811 Quibus
1989 3756 2146 3801 aulem
2186 3748 2501 3810 deferentibus
2533 3746 2756 3810 perculsi]

1693 3831 1777 3881 Ita
1823 3829 2112 3880 rectissime
2154 3836 2389 3875 veteres:
2424 3824 2607 3872 excusi
2642 3837 2754 3886 per-

1694 3922 1863 3970 verse,
1901 3905 2128 3971 percussi.
2193 3902 2409 3952 Tacitus
2449 3899 2591 3951 Anu.
2638 3913 2753 3949 ΧΠ.

1694 3984 1711 4012 ‘
1738 3984 1993 4033 Perculso
2038 3981 2255 4043 Seneca,
2309 3983 2610 4042 promptum
2656 3975 2754 4026 fuit

1695 4057 1884 4110 Rufum
1910 4057 2126 4107 Fenium
2146 4050 2488 4103 imminuere!
2529 4053 2753 4102 Rern-art.

1713 4162 1718 4165 -
1762 4135 1974 4190 Quorum
1998 4131 2228 4193 Basilius,
2255 4129 2369 4178 olim
2387 4126 2523 4188 regio
2543 4127 2753 4176 ministe-

1694 4210 1767 4259 rio
1788 4209 2031 4274 depulsus]
2068 4210 2294 4270 Propter
2328 4204 2511 4268 magiae
2546 4205 2753 4253 crimem

1691 4287 2161 4339 Theodoricussex
2194 4282 2333 4347 apud
2358 4282 2506 4331 Cass.
2532 4281 2661 4329 Var.
2683 4293 2751 4328 lv.

1689 4368 1795 4431 Ep.
1855 4377 2000 4415 xxu.
2052 4363 2120 4413 ad
2177 4361 2360 4425 Argoi.
2415 4356 2582 4410 Praef.
2627 4357 2749 4406 Urb.
