3049 4928
1246 427 1547 479 uon'mn
1601 429 1696 481 DE
1744 427 2054 479 CONSOB-

1399 721 1720 788 PROSA
1761 721 1892 788 Vl.

627 900 994 980 QuoNum
1025 898 1247 983 igitur,
1291 899 1394 963 uti
1424 898 1627 983 paulo
1671 897 1826 964 ante
1877 903 2309 964 monstratum
2363 904 2489 977 est,
2541 913 2734 963 omne

539 1002 718 1087 quod
745 1003 969 1081 scitur,
996 1021 1134 1066 non
1160 1020 1248 1066 ex
1277 1020 1425 1080 sua,
1472 1001 1596 1066 sed
1641 1021 1730 1067 ex
1777 1002 2467 1085 comprehendentium
2501 1007 2736 1066 natura

541 1106 987 1187 cognoscitur,
1018 1105 1397 1169 intueamur
1424 1124 1630 1181 nunc,
1661 1112 1984 1187 quantum
2014 1103 2121 1168 fas
2152 1110 2302 1181 est:
2343 1104 2497 1186 quis
2530 1104 2620 1167 sit
2641 1103 2737 1166 di·

540 1207 717 1270 vinae
751 1208 1142 1273 substantiae
1170 1212 1407 1284 status,
1455 1214 1530 1272 ut
1576 1227 1884 1291 quaenam
1909 1208 2130 1271 etiam.
2151 1207 2428 1270 scientia
2455 1207 2605 1292 ejus
2633 1207 2738 1282 sit,

541 1309 880 1392 possimus
909 1330 1293 1393 agnoscere.
1387 1311 1608 1375 Deum
1660 1311 1857 1394 igitur
1901 1316 2221 1375 aeternum
2248 1328 2426 1389 esse,
2459 1315 2736 1373 cuncto-

538 1431 684 1475 rum
712 1413 974 1479 ratione
1003 1414 1372 1498 degentium
1389 1421 1407 1452 ‘
1451 1433 1802 1478 commune
1824 1413 2159 1497 judicium
2188 1419 2345 1476 est?
2439 1411 2629 1491 Quid
2654 1411 2739 1475 sit

536 1514 735 1596 igitur
765 1518 1132 1596 aeternitas,
1163 1516 1690 1584 consideremus,
1744 1517 1915 1582 Hoec
1948 1515 2120 1581 enim
2150 1515 2346 1580 nobis
2376 1510 2736 1578 naturam⁸

540 1619 792 1700 pariter
847 1619 1161 1699 divinam,
1223 1621 1703 1703 scientiamque
1754 1617 2241 1703 patefecerit.·⁹
2356 1617 2736 1684 AEternitas

544 1720 748 1802 igitur
777 1726 902 1800 est,
931 1722 1486 1787 interminabilisv
1529 1723 1690 1788 vitae
1723 1727 1865 1787 tota
1894 1721 2092 1808 simul
2133 1727 2202 1785 et
2247 1719 2552 1805 perfecta
2580 1737 2741 1803 pos—

538 1825 789 1891 sessio:
809 1834 836 1861 ⁰
878 1825 1054 1909 quod
1083 1845 1172 1889 ex
1219 1825 1582 1891 collatione
1599 1835 1632 1865 ¹⁹
1671 1824 2141 1909 temporalium
2188 1824 2433 1888 clarius
2482 1824 2743 1905 liquet!

597 2029 618 2056 ⁸
646 2022 961 2087 Philosophi&
1087 2027 1106 2058 θ
1147 2024 1434 2076 Visentium·
1582 2033 1610 2058 '¹
1636 2024 1934 2076 Eun-nitate
1975 2024 2188 2086 cognita,
2219 2021 2382 2073 divina
2414 2035 2521 2069 cum
2548 2023 2748 2095 nutura,

536 2088 808 2203 :unguites‘gm
829 2089 1027 2139 scientia
1047 2096 1350 2153 cognoscatur
1371 2104 1552 2140 neeesse
1572 2096 1659 2140 est.
1845 2098 1870 2122 ⁹
1902 2090 2135 2156 Infinitae.
2285 2094 2320 2120 ¹⁰
2356 2088 2743 2147 Commwu·

1452 2249 1812 2271 ”autento

598 2351 632 2397 8
666 2348 906 2399 Naturam
939 2350 1072 2400 nobis
1116 2352 1309 2416 Delpb.
1353 2352 1624 2403 flach-9
1658 2352 1894 2418 Uterque
1919 2352 2057 2401 Vict.
2102 2347 2366 2414 patefacit.-
2417 2354 2475 2397 et
2520 2354 2746 2410 uterque

1523 2499 1740 2551 NOTAE

597 2621 622 2647 ¹¹
656 2615 812 2664 Deum
833 2615 990 2677 igitur
1017 2620 1246 2665 eternum
1266 2630 1391 2664 esse.
1407 2644 1421 2663 .
1441 2649 1454 2664 .
1476 2628 1597 2664 cost-

531 2705 669 2740 nume
696 2692 935 2753 judicium
985 2692 1080 2754 est]
1151 2693 1288 2741 Nam
1329 2693 1598 2742 eternitas

531 2767 753 2817 chre-et
787 2768 1033 2818 distincte
1067 2768 1439 2832 comprehensa
1474 2783 1594 2832 cog-

531 2843 761 2892 noscitur
804 2844 858 2894 in
903 2846 1046 2895 clara
1090 2845 1439 2909 distinctaque
1485 2845 1592 2894 Dei

530 2919 763 2982 notione,
795 2935 947 2984 quam
982 2936 1160 2970 omues
1198 2920 1431 2970 homines
1464 2920 1592 2970 divi-

531 2995 670 3044 nitus
703 2997 910 3045 insitam
943 2997 1168 3047 babentz
1207 3011 1308 3046 non
1346 3011 1496 3046 secus
1529 3011 1591 3047 ac

529 3075 640 3121 tres
663 3072 837 3136 auguli
852 3081 1234 3137 cognoscuntur
1254 3073 1592 3136 comprehen-

531 3145 584 3196 di
607 3147 658 3201 in
680 3148 800 3197 idea
821 3150 1099 3213 triangulis
1134 3163 1296 3216 quare
1325 3149 1463 3199 sicut
1485 3163 1594 3198 om·

535 3236 626 3272 nes
676 3224 909 3274 homines
955 3225 1213 3290 judicant,
1282 3225 1593 3289 triangulum

531 3306 771 3348 constare
819 3301 988 3350 tribus
1025 3301 1256 3365 angulis;
1296 3301 1372 3352 sic
1415 3315 1594 3352 omues

519 3372 777 3437 judicant,
796 3376 965 3425 Deum
982 3390 1096 3427 esse
1119 3386 1390 3427 aeternum.

596 3455 620 3481 ⁰
652 3451 921 3499 AEteraitas
940 3452 1095 3514 igitur
1116 3458 1206 3513 est,
1224 3453 1590 3503 interminabilis

529 3524 646 3574 uitae
688 3530 790 3575 tota
830 3527 971 3576 simul
1013 3532 1061 3578 et
1100 3529 1311 3592 perfectu
1344 3529 1593 3593 pomam]

533 3601 666 3652 Haec
688 3604 997 3652 aeternitatis
1021 3603 1253 3654 definitio
1273 3620 1304 3654 a
1325 3605 1380 3654 S.
1396 3605 1593 3655 Thomu

529 3683 587 3726 et
600 3678 792 3727 ceteris
807 3679 1075 3741 Theologis
1092 3678 1410 3729 admittitur:
1431 3695 1592 3744 quare

527 3755 881 3817 particulatim
907 3754 1113 3805 videtur
1133 3755 1458 3820 exponenda.
1500 3758 1592 3807 Di·

532 3829 673 3880 citur
711 3836 758 3880 1.
790 3830 807 3857 ‘
830 3832 1089 3894 possessio
1102 3830 1138 3881 ι’
1173 3833 1293 3897 quia
1319 3833 1590 3883 aeternitas

532 3913 614 3955 est
637 3908 850 3970 propria
870 3906 971 3956 Dei
995 3907 1265 3972 perfectio.
1333 3909 1589 3959 Nimirum

528 3986 546 4011 ‘
572 3985 826 4046 possessio
844 3984 859 4007 ’
880 4000 912 4034 a
949 3988 1251 4050 corporibus
1285 3986 1351 4036 ad
1390 3994 1590 4037 mentes

530 4058 876 4111 transfertur:
911 4063 926 4091 ‘
953 4061 1242 4125 possessio’
1267 4068 1442 4112 autem
1476 4070 1589 4112 cor-

531 4152 713 4201 porum
736 4138 788 4187 in
819 4140 913 4189 hoc
937 4146 1191 4202 versatur,
1211 4137 1351 4204 quod
1384 4139 1588 4188 illorum

528 4213 603 4264 ita
625 4214 816 4263 domini
844 4230 1036 4278 sumus,
1060 4222 1115 4265 ut
1140 4216 1191 4264 in
1217 4216 1281 4265 iis
1315 4221 1370 4265 et
1403 4214 1589 4279 pedem

531 4304 723 4352 ponere
747 4298 799 4341 et
822 4291 994 4341 sedem
1024 4290 1186 4355 figere
1208 4298 1358 4355 potes
1395 4292 1586 4340 simus:

1680 2616 1698 2643 ‘
1718 2612 1981 2678 possidere
1999 2611 2013 2634 '
2031 2611 2226 2676 quippe
2248 2608 2454 2657 videtur
2471 2606 2578 2656 dici
2600 2607 2748 2672 quasi

1678 2694 1694 2720 ‘
1711 2688 1935 2755 potens‚’
1959 2687 2038 2737 vel
2061 2689 2077 2716 ‘
2097 2686 2269 2750 potis‚'
2291 2685 2373 2734 vel
2401 2685 2557 2734 etiam
2583 2687 2600 2712 ‘
2624 2700 2718 2748 pos
2733 2684 2748 2706 '

1676 2765 1896 2816 sedere:
1928 2780 2046 2815 cum
2083 2761 2241 2827 ‘pos’
2280 2775 2373 2824 pro
2404 2760 2421 2787 ‘
2441 2761 2583 2824 potis
2605 2759 2620 2781 '
2664 2761 2744 2808 vel

1674 2844 1691 2870 ‘
1713 2840 1929 2907 poteus’
1955 2839 2260 2890 remanserit
2296 2838 2348 2885 in
2381 2839 2396 2864 ‘
2418 2850 2637 2898 compos
2657 2834 2671 2856 ’
2692 2842 2747 2884 et

1674 2919 1691 2947 ‘
1712 2919 1913 2982 impos.’
1976 2914 2321 2969 Quamobrem
2346 2913 2362 2940 ‘
2375 2912 2644 2974 possessio
2660 2912 2674 2933 '
2693 2913 2744 2960 iu

1672 2994 1932 3045 mentibus
1956 2992 2152 3056 optime
2173 2989 2445 3040 vocabitur
2465 2987 2746 3038 individua

1672 3070 1862 3119 mentis
1902 3067 2180 3133 perfectio.
2246 3064 2533 3114 AEternitas
2566 3072 2747 3114 autem

1672 3154 1752 3196 est
1795 3145 2064 3196 individua
2101 3144 2204 3194 Dei
2244 3139 2538 3206 perfectio:
2582 3156 2747 3206 quan·

1674 3221 1950 3286 doquidem
1977 3235 2055 3269 res
2089 3232 2286 3269 summe
2327 3215 2573 3281 perfecta
2606 3216 2749 3279 cogi-

1672 3301 1776 3350 tari
1799 3312 1901 3349 uon
1925 3306 2097 3361 potest
2123 3296 2224 3345 nisi
2245 3300 2460 3345 aeterna.
2514 3293 2746 3343 Sanctus
2793 3342 2794 3345 ,

1664 3376 1884 3426 Thomas
1908 3387 1946 3422 ι.
1983 3389 2034 3437 p.
2062 3388 2112 3437 q.
2147 3376 2225 3421 10.
2258 3386 2305 3421 a.
2340 3376 2385 3420 1.
2407 3370 2474 3419 ad
2505 3374 2555 3420 6.
2578 3367 2744 3433 ‘jnud

1670 3453 1808 3519 quod
1830 3449 2164 3517 possidetur‚'
2190 3449 2376 3512 inquit,
2395 3450 2410 3476 ‘
2432 3447 2656 3495 firmiter
2690 3453 2745 3496 et

1673 3530 1849 3595 quiete
1870 3529 2121 3579 habetur:
2147 3526 2213 3576 ad
2230 3525 2603 3586 designandam
2613 3536 2746 3584 tergo

1674 3606 2142 3657 immutabilitatem
2164 3610 2221 3652 et
2242 3592 2654 3652 indeficientiam
2673 3613 2747 3648 az·

1674 3682 1936 3733 tei-nitatis
1962 3678 2265 3747 [Boethius]
2287 3693 2408 3728 usus
2430 3683 2515 3727 est
2530 3675 2744 3725 nomine

1673 3756 2044 3822 possessionis!
2110 3756 2318 3805 Dicitur
2350 3758 2399 3804 2.
2430 3756 2446 3782 ‘
2474 3754 2599 3802 vitoe
2621 3751 2658 3800 ε’
2682 3757 2744 3800 ut

1671 3836 1806 3884 enim
1846 3833 2115 3883 aeternitas
2160 3830 2364 3895 quidum
2410 3835 2494 3877 est
2534 3826 2744 3887 modus,

1670 3911 1745 3961 sic
1772 3910 2059 3969 aeternitas,
2082 3907 2297 3971 alicujus
2330 3905 2434 3954 dici
2470 3904 2630 3953 debet
2667 3917 2738 3950 a*-

1669 3987 1923 4039 ternitas:
1960 3984 2147 4033 nuliius
2170 3989 2345 4031 autem
2380 3979 2561 4029 melius
2582 3987 2740 4026 aeter·

1669 4064 1808 4113 nitas
1826 4062 1926 4114 dici
1944 4067 2142 4125 potest,
2160 4073 2313 4123 quam
2335 4060 2349 4085 ‘
2366 4055 2527 4118 vitae,’
2540 4054 2736 4119 quippe

1673 4153 1776 4203 qua
1815 4152 1915 4187 non
1954 4136 2120 4185 solum
2157 4134 2387 4183 animata
2417 4145 2635 4196 corpora
2667 4129 2737 4178 ab

1669 4214 1978 4268 inanimatis,
2001 4210 2095 4260 sed
2126 4212 2287 4259 etiam
2320 4213 2521 4257 mentes
2557 4221 2586 4255 a
2615 4218 2737 4253 cor-

1672 4290 1903 4355 poribus,
1915 4291 2069 4338 immo
2083 4293 2137 4337 et
2148 4286 2215 4336 ab
2233 4285 2345 4335 aliis
2359 4285 2618 4335 mentibus
2636 4279 2737 4330 dif-
