3049 4928
986 427 1514 488 rumosopnm
1564 440 1709 491 Lm.
1757 445 1875 496 ιιι.
2418 449 2548 516 2ὁ7

316 564 376 630 si
406 568 592 631 tuam
622 587 763 635 non
815 570 1051 657 habeS,
1105 580 1325 649 aliena
1378 586 1712 657 claritudo
1763 613 1897 661 non
1925 597 2148 668 efficit.
2248 604 2452 684 Quod
2485 613 2545 676 si

313 670 467 754 quid
503 676 612 737 est
658 674 729 738 in
778 681 1139 749 nobilitate
1191 687 1462 770 bonum,
1506 693 1579 758 id
1643 716 1797 764 esse
1855 703 2136 770 arbitror
2185 711 2424 791 solum,
2472 723 2547 781 ut

310 771 650 874 imposita¹
697 782 1044 852 nobilibus
1097 796 1538 863 necessitudo
1605 798 1915 872 videatur
1968 827 2051 874 ne
2105 831 2149 876 a
2203 816 2535 899 majorum

312 876 561 947 virtute
596 882 1014 967 degenerent.

1315 1036 1539 1089 NOTAE

308 1128 501 1183 dicitur
525 1134 798 1205 nobilitas,
831 1157 1056 1211 quoeque
1096 1163 1234 1198 nunc
1261 1149 1388 1201 defi·
1477 1154 1634 1205 unica
1671 1157 1854 1210 virtus.
1926 1163 2163 1231 PaulluS,
2208 1172 2292 1220 vel
2327 1172 2537 1241 Cossus,

305 1208 446 1260 nitur
492 1213 509 1240 ‘
537 1216 779 1278 quaedam
824 1220 891 1271 de
930 1224 1129 1275 meritis
1173 1229 1390 1281 veniens
1474 1234 1556 1284 vel
1584 1233 1785 1286 Drusus
1821 1240 2052 1290 moribus
2094 1252 2230 1296 esto:
2269 1249 2382 1299 Hos
2413 1259 2535 1303 ante

303 1287 414 1338 laus
461 1301 747 1354 parentum
772 1301 809 1359 ς’
848 1300 940 1351 sed
985 1302 1100 1354 haec
1138 1306 1290 1357 inane
1334 1316 1390 1362 et
1472 1308 1672 1374 effigies
1696 1315 2101 1383 maj0run1pone
2125 1330 2357 1377 ntorum:
2396 1329 2542 1381 Prte-

302 1363 455 1418 futile
502 1385 696 1423 nomen
735 1382 838 1440 est,
878 1378 975 1429 nisi
1016 1398 1235 1448 quorum
1272 1402 1387 1436 san·
1470 1388 1666 1440 cedant
1703 1391 1841 1456 ipsas
1882 1395 1957 1443 illi
1996 1404 2048 1448 te
2086 1398 2312 1451 Consule
2351 1404 2537 1470 virgas.

298 1446 512 1509 guinem
558 1453 866 1518 participas,
920 1457 1104 1509 horum
1163 1461 1380 1515 imiteris
1441 1464 1649 1517 ‚Prima
1669 1469 1791 1519 mihi
1815 1467 1977 1521 debes
2003 1476 2158 1524 animi
2189 1475 2352 1529 bona:
2388 1496 2535 1534 sanc·

298 1519 576 1581 virtutem.
626 1531 871 1585 Juvenal.
905 1536 1013 1587 Sat.
1042 1553 1165 1590 vm.
1192 1556 1269 1591 vs.
1295 1547 1376 1593 19.
1460 1550 1547 1594 tus
1591 1544 1768 1597 haberi
1802 1549 2146 1618 Justitiaeque
2174 1559 2337 1608 tenax
2371 1555 2530 1612 factis

289 1603 462 1654 ‘Tota
478 1606 614 1677 licet
639 1616 844 1661 veteres
868 1622 1124 1668 exornent
1146 1619 1375 1685 undique
1459 1620 1720 1690 dictisque
1766 1628 2002 1693 mereris,
2050 1627 2293 1697 Agnosco
2346 1650 2532 1702 proce·
2574 1634 2578 1637 ’

293 1695 432 1734 ceroe
471 1681 649 1751 Atria,
674 1686 918 1742 nobilitas
945 1694 1055 1744 sola
1093 1701 1177 1746 est
1217 1702 1374 1765 atque
1456 1701 1606 1751 rem.'

1117 2147 1548 2244 METRUM
1594 2179 1728 2248 vl.

738 2338 977 2404 OMNE
1007 2341 1353 2410 hominum
1384 2366 1591 2429 genus
1612 2356 1662 2399 ¹⁷
1684 2345 1710 2387 ¹‘
1753 2349 1820 2416 in
1852 2354 2047 2420 terris

823 2444 1040 2511 Simili
1073 2449 1288 2534 surgit
1317 2451 1402 2515 ab
1429 2458 1616 2520 ortu:

733 2545 931 2616 Unus
962 2551 1138 2616 enim
1170 2573 1385 2621 rerum
1417 2567 1612 2640 pater
1641 2557 1785 2639 est,¹

824 2652 1019 2720 Unus
1051 2660 1298 2720 cuncta
1335 2653 1691 2729 ministrat.

364 2832 651 2883 Universum
682 2849 832 2898 genus
852 2834 1108 2887 humanum
1129 2837 1182 2887 in
1203 2838 1351 2888 terris
1371 2839 1530 2890 oritur
1560 2841 1621 2891 ab
1655 2847 1815 2896 eodem
1830 2848 2087 2912 -principio
2105 2864 2122 2896 .·
2152 2863 2261 2898 nam
2297 2864 2418 2900 unus
2452 2854 2525 2900 est

283 2910 466 2960 parens
485 2914 647 2950 rernm
664 2903 873 2952 onmium
909 2904 1062 2962 Deus,
1100 2919 1221 2959 unus
1254 2905 1490 2966 gubernat
1528 2910 1705 2961 omnia.
1772 2912 1875 2967 Hic
1907 2916 2042 2977 datie
2075 2914 2369 2979 splendorem
2399 2917 2525 2980 Soli,

1218 3037 1275 3057 Ol

281 3169 287 3175 ,
356 3118 421 3165 17
460 3115 615 3167 Omne
645 3116 904 3173 humanum
925 3134 1081 3185 gemas
1103 3122 1259 3187 Vulg-

1493 3039 1587 3059 m

1295 3253 1512 3308 No'rAE

355 3344 381 3381 Β
416 3349 572 3400 Omne
586 3350 829 3404 homanum
846 3356 1026 3421 genus]
1064 3355 1239 3408 Homo
1261 3371 1365 3408 non

292 3431 375 3476 est
391 3418 679 3492 corporeus
703 3431 887 3496 solum,
906 3438 967 3482 ut
992 3432 1176 3497 bestia,
1193 3448 1364 3499 neque

287 3504 453 3556 solum
480 3505 840 3574 incorporeus,
866 3517 926 3561 ut
945 3510 1109 3562 bonus
1132 3514 1363 3567 malusve

291 3581 528 3637 Genius:
555 3584 648 3637 sed
672 3585 989 3640 admirabilis
1013 3590 1255 3655 quaedam
1280 3598 1364 3641 est

287 3660 444 3710 animi
463 3665 799 3731 corporisque
815 3667 1211 3732 conjunctorum
1224 3684 1364 3721 com·

291 3739 506 3804 positio,
544 3756 666 3806 quae
712 3742 729 3770 ‘
751 3742 805 3793 in
843 3744 996 3796 terris
1041 3746 1247 3810 surgit,’
1273 3746 1362 3797 ubi

290 3829 410 3865 cum
429 3831 651 3882 corpore
673 3819 839 3871 instar
858 3821 1127 3886 cujusdam
1150 3823 1363 3888 hospitii

276 3903 477 3956 *parato
515 3894 662 3945 mens
703 3897 953 3949 divinitus
992 3898 1162 3953 infusa
1186 3901 1364 3968 jungi·

291 3974 396 4035 tur,
417 3979 474 4021 et
498 3966 709 4037 quidem
735 3975 751 4003 ‘
773 3975 928 4026 simili
948 3977 1015 4027 ab
1038 3984 1157 4030 ortu
1174 3995 1187 4030 ε
1205 3977 1227 4000 ”
1244 3995 1364 4031 cum

286 4045 428 4098 idem
450 4049 520 4100 sit
543 4047 860 4118 principium
884 4070 987 4106 non
1029 4056 1197 4107 solum
1217 4071 1363 4108 men-

288 4124 358 4177 tis
400 4132 459 4177 et
495 4130 730 4194 corporis
765 4130 936 4197 istius,
979 4148 1159 4185 verum
1202 4135 1361 4189 etiam

291 4209 487 4254 mutuae
523 4207 795 4273 utriusque
841 4208 1242 4273 conjunctionis.
1308 4211 1361 4262 1-

291 4276 426 4344 dem,
448 4280 678 4347 inquam,
694 4290 778 4335 est
795 4286 1111 4351 principium
1127 4289 1362 4354 corporis

294 4363 346 4406 et
382 4360 574 4410 mentis
611 4361 851 4428 hominiS,
900 4365 1144 4420 videlicet
1176 4368 1361 4421 Deus:

423 4432 604 4507 Delph.
636 4449 684 4495 et
708 4444 824 4497 Voer.
845 4446 974 4500 Clas.

1449 3374 1568 3410 cum
1616 3356 1753 3410 enim
1792 3365 1897 3411 tam
1931 3359 2062 3425 haec,
2100 3375 2258 3426 ,qnam
2283 3360 2412 3416 illud
2438 3378 2520 3414 res

1449 3436 1549 3499 sit;
1607 3451 1831 3503 cumque
1875 3453 1956 3488 res
2004 3453 2106 3489 uon
2152 3440 2319 3503 possit
2355 3440 2453 3493 nisi
2490 3456 2522 3495 a

1447 3516 1569 3565 Deo
1612 3516 1812 3579 creari3
1860 3523 2145 3581 propterea
2185 3516 2326 3569 idem
2367 3518 2517 3567 Deus

1447 3589 1637 3642 mentis
1678 3592 2016 3658 corporisque
2060 3592 2279 3643 hominis
2325 3593 2518 3658 princi-

1445 3671 1591 3736 pium
1610 3672 1679 3722 sit
1701 3676 1914 3723 necesse
1935 3678 2035 3724 est.
2087 3676 2161 3723 At
2184 3674 2331 3724 Deus
2358 3670 2519 3727 ctiam

1447 3755 1530 3798 est
1554 3749 1864 3813 principium
1890 3758 2084 3800 mutuae
2106 3752 2293 3802 mentis
2330 3767 2517 3817 corpo-

1444 3825 1621 3890 risque
1647 3826 1782 3876 illius
1803 3825 2221 3892 conjunctionis:
2262 3828 2399 3896 quod
2424 3844 2517 3879 ne·

1447 3918 1549 3969 que
1574 3919 1764 3969 corpus
1804 3904 1857 3954 in
1892 3911 2143 3970 mentem,
2178 3921 2350 3972 neque
2373 3921 2519 3956 mens

1445 3979 1498 4029 in
1523 3995 1733 4045 corpus,
1756 3981 1852 4033 nisi
1875 3982 1994 4031 Deo
2017 3983 2192 4046 dante,
2215 3990 2356 4048 agat.
2425 3983 2519 4034 At-

1447 4072 1549 4123 que
1574 4057 1690 4108 haec
1717 4058 1887 4108 omnia
1912 4059 2190 4124 speciatim
2215 4075 2353 4110 nunc
2378 4061 2519 4110 dicet

1444 4135 2084 4201 Philosophia‚postquam
2103 4140 2392 4201 generatim
2408 4138 2519 4186 dix·

1443 4212 1546 4262 erit
1566 4214 1740 4262 omnia
1763 4228 1879 4264 esse
1897 4227 1929 4263 a
1947 4215 2078 4265 Deo.

1509 4289 1523 4325 ¹
1562 4293 1698 4342 Unus
1720 4293 1845 4343 enim
1879 4307 2039 4344 rerum
2057 4297 2196 4356 pater
2218 4290 2315 4354 est]
2340 4304 2379 4342 1.
2408 4291 2509 4340 Ge-

1444 4370 1666 4422 neratim
1681 4370 1851 4421 omnia
1872 4368 1944 4421 ita
1960 4374 2081 4419 sunt
2100 4369 2350 4435 aDeo,‘ut
2365 4366 2517 4418 Deus

1333 4448 1511 4502 Boiith.
2341 4452 2385 4499 R
