3049 4928
2418 389 2547 460 261

325 543 592 627 ignoro.
640 575 641 580 ,
700 543 960 618 Tristes
1018 564 1179 612 vero
1234 566 1388 616 esse
1443 546 1870 633 voluptatum
1933 549 2187 629 exitus,
2238 551 2552 637 quisquis

329 648 667 713 reminisci
693 648 1043 718 libidinum
1070 671 1342 718 suarum
1369 653 1580 732 volet,
1608 653 1953 739 intelliget.
2018 655 2196 735 Quae
2221 657 2285 724 si
2312 658 2553 726 beatos

329 752 684 838 explicare
703 765 729 790 ⁶
773 762 1085 839 possunt,
1116 756 1282 822 nihil
1312 777 1544 825 causae
1581 766 1690 824 est
1719 760 1879 844 quin
1904 760 2235 845 pecudes‘
2280 782 2550 846 quoque

325 856 552 923 beatae
585 877 740 923 esse
790 859 1130 944 dicantur3
1179 882 1463 947 quarum
1496 864 1718 930 omnis
1749 866 1835 930 ad
1866 865 2268 949 explendam
2304 885 2551 950 corpo-

321 962 533 1036 talem
564 962 924 1041 lacunam?
946 973 996 1016 ¹⁹
1037 966 1318 1056 festinat
1339 968 1646 1036 intentio.
1736 969 2248 1036 Honestissima
2276 971 2549 1055 quidem

318 1066 689 1151 conjugis¹²
728 1068 902 1134 foret
947 1069 1437 1156 liberorumque
1475 1071 1911 1156 jucunditas3
1960 1073 2082 1138 sed
2128 1074 2330 1138 nimis
2360 1093 2399 1138 e
2430 1093 2551 1138 na-

320 1174 477 1234 tura
507 1171 762 1252 dictum
813 1181 967 1253 est‚⁶
1039 1176 1277 1241 nescio
1327 1194 1529 1261 quem
1582 1176 1760 1242 filios
1817 1177 2161 1243 invenisse
2216 1183 2545 1253 tortores:

324 1293 611 1360 quorum
668 1297 868 1361 quam
929 1277 1024 1344 sit
1066 1279 1351 1345 mordax
1399 1299 1840 1365 quaecumque
1900 1278 2253 1358 conditio‚‘¹
2322 1301 2545 1366 neque

314 1378 491 1443 alias
518 1387 881 1464 expertum
908 1387 1001 1465 te,
1051 1404 1268 1469 neque
1305 1405 1480 1450 nunc
1534 1385 1814 1451 anxium
1861 1389 2281 1450 necesse‘est
2312 1386 2549 1451 admo—

999 397 1723 453 PHILOSOPH1AE1AB.
1771 401 1885 456 111.

381 1580 405 1604 ⁶
438 1575 810 1631 Demonstrare.
938 1579 962 1614 θ
994 1582 1338 1646 Indigentiam.
1485 1590 1506 1616 ⁶
1541 1581 1860 1647 Experu‘eutia
1882 1595 2044 1631 remam
2075 1577 2369 1629 naturalium
2405 1573 2549 1623 nimis

318 1638 499 1699 probat.
613 1672 617 1677 ·
657 1642 686 1677 ἆ
720 1646 930 1702 Quonim
947 1648 1196 1699 liberorum
1217 1647 1425 1699 conditio
1446 1653 1647 1713 quantas
1667 1649 1846 1700 excitet
1860 1648 1914 1697 in
1929 1645 2207 1712 parentibus
2226 1657 2379 1693 curas.

383 1858 445 1906 19
478 1857 575 1908 Sic
598 1872 774 1910 omnes
796 1860 931 1913 libri.

1321 1947 1537 1998 NOTAE

319 2063 439 2127 plex
492 2065 676 2130 enim,’
721 2067 891 2134 inquit
927 2063 1139 2120 Tullius*
1163 2085 1203 2121 1.
1236 2070 1389 2124 Offic.

314 2139 436 2192 ‘est
492 2142 791 2195 animorum
847 2146 924 2198 vis
971 2158 1127 2215 atque
1182 2158 1388 2202 natura.

1473 2074 1528 2124 ni
1552 2078 1607 2123 et
1630 2070 1919 2137 pecudibus
1955 2081 2229 2120 commune
2254 2071 2355 2130 est,
2382 2079 2545 2131 quan-

1474 2149 1754 2216 doquidem
1772 2150 1874 2199 huc
1897 2162 2077 2197 omnes
2091 2144 2352 2211 pecudum
2376 2149 2546 2193 motus

317 2218 432 2269 Una
454 2234 584 2285 pars
606 2220 661 2271 in
684 2224 924 2288 appetitu
959 2228 1130 2290 posita
1152 2234 1256 2293 est,
1277 2244 1390 2294 quae

317 2305 395 2348 est
427 2299 551 2364 ὁρμὴ
591 2299 802 2364 Graece,
842 2319 959 2368 quae
993 2304 1250 2356 hominem
1288 2308 1389 2357 huc

315 2382 469 2443 atque
492 2379 624 2429 illuc
658 2382 817 2446 rapit.
886 2382 1069 2432 Altera
1092 2384 1143 2433 in
1165 2384 1387 2449 ratione,

316 2471 427 2521 quae
451 2458 621 2510 docet
660 2467 717 2510 et
751 2462 1000 2526 explanat
1037 2463 1159 2529 quid
1195 2461 1392 2515 facien-

315 2535 435 2587 dum
457 2536 911 2607 fugiendumque!
977 2541 1078 2592 Illa
1106 2550 1280 2593 autem
1301 2558 1390 2593 vo-

312 2613 532 2679 luptatis
580 2616 780 2668 illicitae
823 2619 840 2648 ‘
877 2619 1214 2685 appetentia’
1275 2622 1391 2685 plus

302 2692 441 2742 'mali
485 2692 770 2745 admistum
815 2695 977 2748 habet
1035 2712 1186 2762 quam
1234 2697 1387 2748 boni:

316 2770 565 2832 quoniam
583 2772 600 2799 ‘
618 2773 773 2835 plena
804 2780 886 2824 est
921 2774 1390 2839 anxietatis‚’illius

315 2847 557 2899 nimirum
603 2850 954 2915 cogitationis,
986 2868 1089 2918 qua
1124 2867 1271 2903 mens
1302 2867 1391 2902 ve·

308 2924 408 2976 luti
439 2943 746 2992 compressa
780 2930 1021 2994 angitur:
1055 2931 1196 2983 sicut
1216 2933 1232 2961 ‘
1255 2932 1392 2996 ejus·

315 3003 429 3054 dem
448 3006 672 3056 satietas
693 3008 1052 3071 poenitentiae.'
1117 3010 1388 3060 Paeniten-

315 3081 386 3131 tia
406 3083 572 3144 enim,
589 3099 621 3134 a
644 3085 948 3149 poeniteudo
964 3087 1127 3152 dicta,
1147 3093 1227 3137 est
1246 3089 1387 3154 cogi-

315 3160 442 3212 tatio
477 3162 688 3228 mentis,
708 3178 772 3214 ea
802 3180 918 3231 quae
955 3181 1050 3216 suo
1085 3168 1304 3217 consilio
1331 3175 1389 3218 et

314 3240 586 3290 voluntate
632 3239 775 3292 facta
816 3249 938 3293 sunt
974 3243 1233 3294 dolentis:
1269 3259 1386 3311 quae

315 3317 524 3380 quidem
546 3317 710 3368 tristis
732 3320 982 3385 cogitatio
1010 3321 1279 3372 individua
1302 3330 1387 3373 est

314 3395 601 3460 voluptatis
624 3396 824 3448 illicitae
850 3413 1045 3462 comes,
1067 3399 1204 3464 quod
1235 3402 1384 3451 Deus

314 3475 419 3520 tum
454 3473 719 3524 hominem
757 3475 824 3524 de
852 3483 1072 3539 peccato
1108 3478 1385 3528 commisso

311 3559 539 3601 moneat.
609 3551 797 3616 Neque
827 3567 950 3603 vero
983 3553 1036 3602 iu
1071 3553 1181 3605 sola
1210 3561 1384 3604 mente

313 3637 589 3681 versantur
613 3632 901 3697 poenitendi
922 3631 1075 3698 hujus
1098 3633 1384 3698 voluptatis

313 3703 546 3771 fructus;
584 3708 675 3760 sed
699 3709 754 3758 in
777 3724 968 3774 corpus
1007 3709 1165 3758 etiam
1192 3707 1382 3759 diffun-

315 3784 538 3839 duntur:
572 3787 694 3838 hinc
717 3787 905 3852 morbi,
927 3787 1150 3852 dolores,
1169 3795 1384 3852 mortes,

315 3870 369 3912 et
391 3873 572 3915 cetera
592 3864 645 3914 id
668 3881 850 3930 genus.

380 3941 396 3974 ⁸
425 3943 566 3994 Nihil
575 3959 729 3995 causae
749 3951 823 3994 est
849 3944 966 4009 quin
982 3943 1208 4009 pecudes]
1242 3944 1385 3995 Prae·

317 4024 458 4070 terea
479 4019 625 4071 beari
647 4019 726 4071 ita
749 4019 959 4070 videtur
986 4020 1254 4085 proprium
1293 4021 1382 4072 ho-

315 4095 485 4160 minis,
521 4106 583 4149 ut
617 4113 770 4149 nemo
809 4106 961 4164 putet
1003 4099 1383 4163 beatitudinem

317 4177 506 4226 versari
528 4175 584 4226 in
607 4191 670 4229 eo
703 4178 843 4245 quod
873 4177 1056 4230 bestiis
1079 4178 1236 4229 etiam
1263 4194 1383 4229 con·

316 4254 494 4304 venire
513 4262 722 4321 potest:
758 4270 952 4306 vacare
971 4264 1144 4306 autem
1164 4256 1226 4306 iis
1244 4256 1382 4307 unde

318 4331 611 4409 voluptates
631 4334 869 4408 corporis
891 4341 1200 4400 nascuntur,
1222 4333 1383 4385 homi-

1474 2228 1721 2279 videntur
1746 2226 1983 2290 tendere,
2003 2230 2063 2275 ut
2083 2221 2412 2275 satisfaciant
2435 2234 2550 2271 cor-

1474 2307 1628 2371 pori;
1662 2306 1798 2371 quod
1835 2305 2032 2356 idcirco
2072 2318 2209 2353 nunc
2248 2301 2547 2366 appellatur

1473 2384 1490 2413 ‘
1514 2382 1738 2446 lacuna,'
1762 2381 1905 2448 quia,
1938 2378 2369 2447 quemadmodum
2405 2378 2547 2427 lacu-

1470 2477 1544 2513 na
1581 2476 1769 2527 aquam
1806 2459 2057 2523 continet,
2092 2457 2168 2509 sic
2195 2472 2384 2521 corpus
2415 2456 2546 2507 nihil

1470 2541 1615 2591 aliud
1648 2541 1738 2604 sit,
1769 2555 1921 2605 quam
1962 2537 2241 2603 plurimum
2273 2552 2363 2587 vas
2395 2550 2546 2586 suum

1473 2618 1745 2683 quodlibet
1785 2618 2035 2682 liquorem
2069 2615 2358 2665 continens.
2427 2613 2545 2662 Nisi

1474 2694 1619 2744 dicas
1631 2695 1646 2723 ‘
1670 2695 1909 2743 lacunam
1923 2692 1938 2715 ’
1953 2692 2036 2741 hic
2048 2705 2164 2740 esse
2182 2688 2545 2752 indigentiam,

1472 2779 1534 2822 ut
1571 2771 1714 2836 apud
1744 2771 1975 2820 Tullium
2002 2769 2157 2821 1v.in
2179 2770 2330 2818 Verr.
2351 2768 2367 2796 ‘
2387 2775 2447 2818 ut
2482 2768 2543 2817 il-

1471 2852 1574 2901 lam
1622 2852 1865 2901 lacunam
1912 2849 1986 2899 rei
2041 2847 2309 2898 familiaris
2365 2849 2544 2912 exple-

1473 2929 1627 2981 rent.’
2437 2948 2440 2949 ⁷

1534 3015 1560 3041 ¹¹
1592 3007 1951 3058 Honestissima
1972 3005 2160 3071 quidem
2180 3005 2414 3068 conjugis,
2432 3005 2541 3070 ξω]

1469 3101 1532 3138 11.
1550 3085 1743 3151 Agitur
1757 3085 1824 3135 de
1842 3085 1990 3135 licita
2002 3084 2234 3148 corporis
2251 3084 2545 3148 voluptate,

1467 3166 1712 3215 nimirum
1748 3163 2004 3229 conjugii:
2038 3163 2156 3212 haec
2199 3168 2374 3212 autem
2416 3161 2542 3211 ‘ho-

1468 3241 1800 3294 nestissima’
1829 3241 2041 3305 dicitur,
2075 3248 2330 3305 quatenus
2364 3239 2541 3288 volun·

1469 3328 1581 3371 tate
1604 3319 1798 3382 divina,
1815 3335 1932 3384 quae
1950 3327 2031 3369 est
2048 3318 2216 3383 prima
2234 3331 2434 3366 morum
2459 3329 2538 3364 re-

1465 3399 1608 3463 gula,
1654 3398 1895 3462 capitur:
1929 3396 2199 3460 ‘pertinet
2236 3395 2431 3460 quippe
2472 3390 2539 3443 ad

1469 3476 1679 3526 virtutis
1721 3472 1985 3539 officium‚'
2029 3472 2199 3538 inquit
2238 3472 2291 3523 S.
2334 3472 2470 3535 Aug.
2505 3470 2541 3519 1.

1469 3569 1595 3605 xrx.
1619 3553 1686 3603 de
1712 3551 1827 3603 Civ.
1846 3552 1912 3603 D.
1932 3566 2049 3615 cap.
2070 3556 2117 3601 1.
2142 3552 2157 3578 ‘
2178 3557 2233 3599 et
2246 3550 2425 3600 vivere
2445 3565 2538 3614 pa·

1468 3633 1605 3695 triae,
1645 3638 1701 3681 et
1739 3636 1958 3695 propter
1993 3629 2213 3692 patriam
2250 3625 2383 3677 filios
2423 3641 2542 3692 pro-

1467 3723 1684 3770 creare3
1721 3722 1939 3773 quorum
1962 3712 2201 3755 neutrum
2226 3703 2340 3754 fieri
2367 3710 2544 3769 potest

1468 3788 1578 3839 sine
1602 3787 1836 3852 corporis
1863 3783 2173 3849 voluptate!
2237 3784 2339 3834 Illa
2362 3792 2538 3834 tamen

1466 3866 1711 3929 voluptas
1735 3864 1925 3928 saepius
1960 3863 2119 3912 etiam
2154 3861 2397 3913 tristifica
2422 3870 2535 3912 est:

1468 3941 1892 4009 quandoquidem
1930 3939 2083 3990 liberi
2117 3955 2219 3989 non
2255 3954 2373 3995 raro
2414 3948 2539 3990 sunt

1467 4027 1745 4086 parentum
1788 4020 1803 4046 ‘
1833 4024 2055 4068 tortores
2075 4017 2109 4079 ;'
2166 4019 2208 4067 si
2256 4033 2355 4067 non
2396 4017 2534 4082 quod

1465 4108 1677 4164 spectat
1698 4114 1916 4164 corpus3
1940 4097 2374 4163 quemadmodum
2395 4097 2540 4146 aiunt

1467 4178 1717 4243 OEdipum
1742 4186 1858 4227 orta
1889 4181 2029 4226 iuter
2061 4177 2365 4226 Phocenses
2402 4175 2537 4225 sedi-

1466 4258 1608 4307 tione
1634 4257 1869 4320 ignarum
1893 4254 2150 4306 occidisse
2181 4260 2381 4318 patrem
2415 4253 2536 4303 Lai·

1461 4348 1549 4385 um
1581 4333 1946 4386 Thebanorum
1986 4331 2203 4396 Regem,
2224 4330 2312 4396 qui
2347 4331 2536 4381 tumul-
