3049 4928
973 450 1497 507 fumosorum
1549 458 1693 506 mn.
1741 456 1839 505 ιν.
1956 442 1962 447 ’
2397 442 2528 508 359

750 603 934 685 Quia
960 624 1092 669 non
1123 604 1312 671 aliter
1337 603 1572 670 durare
1601 603 1897 688 queant‚⁶

750 707 909 773 Nisi
938 728 1260 774 converso
1291 728 1521 775 rursus
1546 729 1777 774 amore

749 810 1067 905 Refluant
1097 833 1324 880 causae
1354 835 1511 898 quae
1543 814 1732 879 dedit
1755 832 1932 879 esse.

322 1011 477 1061 onnia
494 1012 688 1061 student
707 1011 858 1060 teneri
859 1011 967 1076 fine
987 1011 1095 1062 boui
1107 1029 1123 1062 t
1155 1012 1373 1076 quoniam
1392 1024 1498 1076 quoe
1523 1013 1661 1063 Deus
1680 1013 1909 1075 condidit,
1942 1012 2043 1062 haec
2063 1026 2155 1064 non
2173 1016 2368 1076 ponunt
2389 1001 2529 1064 distr

315 1091 635 1141 perseverare,
656 1077 751 1127 nisi
771 1092 929 1126 amore
950 1077 1123 1128 iterum
1144 1093 1363 1128 converso
1380 1079 1680 1144 quidamfiat
1704 1079 1929 1129 circuitus
1948 1093 2216 1129 causarum.

1248 1210 1542 1231 OMNOOOO
1545 1210 1603 1229 00

322 1291 542 1356 cundus,
576 1307 694 1343 cum
716 1293 841 1345 edd.
860 1293 1053 1360 Delph.
1077 1300 1133 1345 et
1155 1262 1342 1347 Hack}

1308 1428 1527 1481 NOTAE

320 1538 452 1586 sum,
475 1523 587 1573 haec
615 1538 840 1588 corpora
867 1527 1011 1577 Deus
1034 1541 1137 1579 non
1162 1528 1385 1592 impellit
1468 1536 1714 1593 tanquam
1739 1542 1770 1576 a
1802 1540 1957 1575 causa
1993 1526 2181 1590 prima,
2206 1532 2537 1577 revertuntur

318 1600 420 1650 nisi
446 1599 512 1650 ad
537 1615 624 1651 se:
657 1603 795 1651 unde
828 1603 1010 1653 eadem
1039 1617 1280 1668 corpora,
1302 1614 1385 1657 ut-
1467 1604 1535 1654 ad
1577 1604 1745 1669 ipsum
1782 1604 1957 1653 Deum
1993 1608 2237 1668 tanquam
2274 1603 2338 1652 ad
2378 1602 2534 1653 finem

317 1683 449 1740 pote
493 1692 612 1742 quae
656 1679 872 1730 student
911 1681 1010 1730 hoc
1050 1690 1206 1745 pacto
1228 1680 1386 1732 ‘boni
1468 1681 1736 1731 ultimum:
1775 1680 1849 1730 ita
1872 1684 1930 1728 ut
1962 1679 2072 1729 sine
2096 1679 2184 1728 illo
2207 1693 2323 1729 cum
2348 1681 2536 1729 amoris

319 1752 424 1803 fine
464 1753 670 1817 teneri,’
706 1755 772 1804 nd
811 1757 986 1806 Deum
1030 1758 1233 1823 pariter
1275 1766 1386 1809 ten·
1469 1767 1579 1812 tum
1612 1774 1884 1810 causarum
1910 1757 2169 1809 circuitu‘
2195 1756 2344 1822 quae'
2388 1758 2536 1808 Deus

319 1831 471 1882 dunt.
531 1830 724 1896 Sicque
743 1831 806 1882 fit
827 1833 1079 1884 circuitus
1113 1850 1386 1886 cansarum
1468 1840 1484 1866 ‘
1510 1836 1660 1888 dedit
1692 1835 1846 1901 esse,'
1876 1836 1986 1887 haec
2023 1835 2178 1886 aliter
2211 1834 2401 1886 durare
2436 1850 2537 1887 non

320 1908 500 1971 primae
522 1907 725 1959 scilicet
746 1924 916 1960 causae
954 1917 1012 1961 et
1044 1910 1159 1961 finis
1185 1912 1388 1974 ultimi;
1473 1920 1709 1982 possent.

227 1986 232 1995 “
323 1993 581 2052 quatenus
602 1986 792 2053 omnia,
815 2002 932 2054 quae
954 1987 1191 2039 oriuntur
1221 2004 1252 2038 a
1274 1989 1389 2039 Deo

1182 2402 1503 2470 PROSA
1550 2401 1718 2469 VII.

405 2572 454 2637 J
464 2588 682 2637 ΑΜΝΒ
734 2571 937 2655 igitur
965 2572 1186 2652 videS,
1220 2573 1382 2657 quid
1412 2575 1561 2638 haec
1591 2574 1820 2637 omnia
1850 2592 2003 2656 quae
2026 2571 2347 2650 diximuS‚
2380 2593 2538 2638 con-

322 2676 700 2760 sequatur?
772 2675 960 2756 Quid
988 2675 1192 2740 nam?
1257 2676 1557 2758 inquam.
1650 2673 1958 2752 Omnem,
2006 2673 2245 2756 inquit,
2291 2676 2541 2740 bonam

321 2798 610 2865 prorsus
660 2799 812 2844 esse
867 2779 1251 2844 fortunam.'¹’
1356 2776 1447 2841 Et
1500 2776 1667 2860 qui?
1732 2776 2034 2860 inquam,
2088 2776 2228 2839 fieri
2274 2780 2542 2860 potest?

319 2883 645 2962 Attende‚
690 2884 951 2968 inquit:
1024 2882 1198 2948 Cum
1230 2882 1444 2947 omnis
1473 2880 1739 2945 fortuna
1766 2880 1873 2944 vel
1910 2878 2236 2964 jucunda,
2286 2882 2399 2945 vel
2432 2901 2542 2947 as·
2589 2959 2597 2968 ,
2663 2925 2670 2935 -

320 3007 509 3075 pera,
539 2993 681 3051 tum
731 2986 1218 3064 remunerandi,
1250 2983 1693 3050 exercendive
1736 2985 1979 3060 bonos,
2029 2989 2169 3047 tum
2200 2984 2542 3066 puniendi,

322 3090 834 3175 corrigendique
851 3098 878 3139 ⁷
922 3091 1271 3174 improbos
1292 3110 1505 3156 causa
1526 3088 1881 3166 deseratur,
1910 3091 2102 3171 patet
2127 3086 2308 3171 quod
2331 3089 2544 3153 omnis

322 3193 508 3259 bona
536 3192 693 3271 est,⁸
739 3213 942 3277 quam
976 3195 1085 3258 vel
1123 3193 1391 3279 justam
1422 3197 1693 3258 constat
1721 3209 1891 3267 esse,
1937 3189 2045 3252 vel
2076 3190 2323 3253 utilem.
2362 3243 2365 3246 .
2417 3190 2545 3255 Ni-

323 3296 456 3359 mis
484 3294 778 3379 quidem,
828 3294 1130 3380 inquam,
1179 3316 1340 3360 vera
1370 3295 1580 3360 ratio:
1651 3298 1721 3358 et
1762 3295 1822 3358 si
1877 3311 2080 3376 quam
2132 3291 2337 3375 paulo
2391 3300 2542 3360 ante

324 3396 622 3462 docuisti
656 3395 1189 3476 Providentiam,
1223 3398 1551 3464 Fatumve
1582 3396 2025 3473 considerem,
2055 3395 2263 3459 firmis
2285 3395 2541 3461 viribus

329 3505 435 3564 est
461 3499 629 3564 nixa
674 3501 1025 3566 sententia.
1138 3502 1276 3567 Sed
1330 3523 1504 3580 eam,
1558 3502 1617 3566 si
1668 3501 1911 3585 placet,
1973 3500 2145 3564 inter
2192 3519 2312 3564 eas
2368 3520 2537 3584 quas

329 3602 874 3688 inopinabiles⁹¹
915 3605 1123 3691 paulo
1166 3612 1319 3671 ante
1376 3605 1693 3693 posuisti,
1726 3622 2165 3668 numeremus,
2269 3601 2500 3681 Quid?
2523 3608 2544 3642 ⁸‘

395 3798 431 3823 ’θ
471 3792 1002 3856 Utramquesortunam,
1024 3810 1187 3861 nempe
1208 3809 1479 3859 prosperam
1502 3800 1549 3843 et
1572 3796 1816 3846 adversam
1837 3811 1936 3846 esse
1958 3794 2140 3844 bonam.
2226 3800 2252 3824 ³¹
2289 3792 2545 3848 QuomodO·

319 3862 350 3896 ⁷¹
387 3855 714 3911 Incredibiles.
873 3868 897 3893 ²
933 3863 1109 3917 Quare.
1163 3869 1167 3874 ’

398 4076 430 4120 7
464 4072 598 4122 Mus.
634 4074 1079 4136 corrigendive.-—8
1112 4073 1406 4135 Desa-atur,-
1441 4073 1596 4124 omnis
1631 4073 1752 4123 bona
1787 4078 1877 4124 eat.
1911 4072 2098 4138 Delph.
2140 4070 2414 4122 lincke—o
2450 4068 2549 4126 Qui

1325 4204 1543 4256 NOTAE

401 4302 426 4328 ¹
461 4297 806 4363 Inopinubileo]
837 4298 1204 4364 Incredibiles,
1236 4308 1311 4364 et,
1339 4308 1400 4352 nt
1481 4309 1569 4352 cet
1592 4304 1796 4365 vulgus,
1831 4297 2250 4364 praecipitatione
2272 4302 2328 4347 et
2352 4296 2548 4361 praeju-

336 4374 568 4439 loquitur
601 4377 1183 4444 Cicero,‘paradoxas.’
1250 4380 1399 4431 Scili-
1480 4379 1623 4431 dicio
1648 4379 1912 4444 judicans,
1939 4377 1992 4426 id
2031 4380 2188 4440 putat
2224 4374 2551 4440 incredibile,
