3049 4928
552 427 686 516 492
1256 439 1561 490 nou-run
1612 439 1708 489 nn
1757 439 1894 490 con
1906 438 2064 491 son.

556 588 783 669 Quare
827 588 899 654 in
936 587 1121 654 illius
1172 608 1450 654 summae
1499 587 1955 673 intelligentiae
1988 598 2358 670 cacumen‚⁸
2398 589 2460 656 si
2511 611 2742 675 possu-

553 711 730 772 mne,
760 694 1127 776 erigamur3
1172 692 1313 757 illic
1346 694 1520 757 enim
1549 692 1724 758 ratio
1752 693 2006 758 videbit
2032 693 2216 778 quod
2245 694 2313 758 in
2343 715 2419 759 se
2451 714 2589 759 non
2628 713 2748 778 po-

556 800 690 861 test
713 796 970 861 intueri.
1058 795 1141 860 Id
1167 804 1437 862 autem⁷
1480 803 1608 876 est,
1639 797 2160 881 quonammodo
2191 798 2394 862 etiam
2427 818 2582 882 quae
2613 817 2751 861 cer-

554 903 665 963 tos
694 899 920 964 exitus
946 918 1077 964 non
1108 900 1367 978 habent,
1398 906 1587 966 certa
1614 907 1837 966 tamen
1864 900 2092 965 videat
2137 921 2218 967 ac
2262 901 2535 965 definita
2577 919 2750 985 prae·

552 1003 776 1068 notio:
820 1022 1038 1086 neque
1067 1001 1138 1067 id
1161 1003 1248 1068 sit
1273 1003 1526 1087 opinio,
1557 1004 1677 1068 sed
1709 1023 1986 1070 summae
2018 1007 2248 1090 potius
2278 1005 2581 1070 scientiae
2605 1003 2752 1067 nul·

557 1105 642 1171 lis
670 1104 962 1172 terminis
985 1105 1243 1170 inclusa
1270 1104 1699 1188 simplicitas,

1473 1252 1746 1272 0000οΜ
1750 1253 1837 1273 000

550 1336 890 1400 pensitam—⁷
924 1334 1030 1387 Ms.
1054 1334 1308 1386 Rittersh.
1331 1333 1528 1385 omittit
1551 1335 1786 1385 voculam
1807 1341 1980 1386 natm.

1549 1466 1771 1519 NOTAE

617 1573 647 1609 8v
679 1565 839 1622 Quare
872 1565 925 1614 in
954 1564 1083 1615 illius
1115 1580 1309 1615 summoe
1342 1565 1611 1627 intelligent·
1691 1571 1812 1615 cet:
1848 1563 1939 1614 sed
1967 1564 2029 1614 ad
2057 1566 2227 1614 Deum
2244 1563 2499 1614 accedere
2519 1577 2624 1612 non
2644 1577 2759 1626 pos·

551 1642 637 1693 tia
648 1641 1002 1705 ammira]
1028 1642 1338 1692 Studeamus
1354 1642 1611 1692 accedere
1690 1656 1864 1691 sumus
1888 1642 1986 1692 nisi
2010 1641 2247 1705 diligenti
2281 1639 2346 1690 ad
2382 1642 2552 1704 ipsum
2585 1639 2760 1689 Deum

553 1719 618 1770 ad
643 1719 1036 1784 intelligentiam
1053 1719 1305 1770 divinam:
1342 1733 1459 1768 cum
1474 1718 1610 1769 enim
1691 1718 1835 1770 facta
1848 1720 2170 1770 attentione:
2208 1718 2274 1768 ad
2298 1718 2434 1783 quod
2458 1718 2573 1781 ipsa
2596 1718 2760 1768 etiam

549 1797 648 1846 hac
669 1794 1015 1858 intelligentia
1029 1795 1204 1845 divina
1226 1794 1456 1859 perfecte
1474 1810 1611 1845 com·
1690 1796 1852 1847 nostri
1875 1797 2106 1859 corporis
2124 1795 2289 1859 figura
2305 1809 2397 1845 nos
2409 1794 2623 1843 videtur
2645 1795 2761 1843 lior·

552 1870 911 1937 prehendatur
935 1868 1187 1934 praedicta
1218 1870 1405 1919 divinat
1428 1870 1614 1920 Provi-
1696 1871 1793 1921 tari
1811 1888 1832 1927 ζ
1859 1870 2111 1935 siquidem
2145 1878 2347 1931 natura,
2371 1869 2541 1934 inquit
2581 1868 2762 1917 Philo·

553 1948 746 1999 dentiae
798 1947 1138 2012 humanasque
1191 1945 1448 1996 libertatis
1493 1961 1616 1996 con·
1695 1948 1892 2011 sophia,
1913 1954 2115 1996 ceteras
2150 1947 2437 1996 animantes
2458 1946 2660 2009 abjecit
2694 1943 2761 1994 ad

555 2023 758 2092 cordia,
803 2028 995 2089 quanto
1031 2023 1240 2088 propius
1274 2022 1341 2072 ad
1383 2022 1615 2074 divinum
1696 2032 1918 2088 pastum,
1956 2025 2119 2075 solum
2156 2023 2414 2073 hominem
2453 2021 2648 2083 erexit,
2695 2022 2760 2071 ad

549 2098 878 2165 intelligendi
898 2099 1102 2149 modum
1123 2099 1449 2165 accedemus,
1466 2106 1614 2151 tanto
1694 2101 1914 2165 coelique
1938 2100 2081 2164 quasi
2103 2099 2432 2163 cognitionis,
2453 2106 2509 2148 et
2540 2097 2761 2148 domici·

552 2178 714 2243 magis
745 2179 857 2229 haec
888 2178 1166 2229 concordia
1202 2179 1354 2229 nobis
1388 2179 1614 2230 innotes-
1691 2176 1747 2227 lii
1773 2178 1975 2243 pristini
2001 2183 2337 2242 conspectum
2358 2176 2633 2227 excitavit.

1372 2657 1794 2724 METRUM
1841 2657 1933 2722 V.

558 2801 794 2882 QUAM
824 2806 1031 2872 variis
1049 2804 1076 2844 ¹·
1119 2816 1334 2875 terras
1368 2808 1686 2874 animalia
1711 2813 2056 2892 permeant
2084 2806 2347 2890 figuris!

554 2904 868 2994 Namque
896 2912 1035 2976 alia
1064 2917 1336 2978 extento
1365 2917 1518 2977 sunt
1547 2931 1851 2995 corpore,
1880 2910 2360 2995 pulveremque
2390 2911 2688 2984 verrunt,

622 3092 781 3149 Quum
815 3094 1019 3145 diversis
1039 3094 1228 3159 figuris
1254 3094 1477 3157 proeditoe
1507 3093 1772 3143 animantes
1785 3097 2066 3156 percurrunt
2088 3089 2277 3142 terras!
2307 3090 2417 3140 ulioe
2439 3089 2566 3140 enim
2587 3088 2763 3139 habent

552 3171 721 3222 eorpus
755 3160 963 3223 bugum,
983 3176 1086 3225 quoe
1107 3165 1345 3225 serpentes
1364 3159 1541 3209 virtute
1568 3159 1647 3207 sui
1676 3160 1883 3221 pectoris
1902 3163 2095 3209 verrunt
2123 3159 2366 3222 pulverem
2389 3161 2437 3206 et
2459 3158 2640 3206 auem
2666 3155 2760 3203 sul-

1552 3292 1773 3346 NOTAE

618 3389 644 3424 ¹·
679 3391 836 3448 Quam
875 3395 1042 3458 variis,
1078 3396 1185 3460 ξω]
1219 3396 1496 3446 Hominem
1536 3410 1615 3445 so·

553 3469 660 3518 lum
681 3477 880 3534 erecto,
902 3466 1079 3522 ce‘tera
1094 3488 1218 3523 vero
1241 3473 1482 3523 animalia
1495 3487 1615 3536 pro-

553 3558 623 3594 no
662 3545 808 3595 vultu
838 3545 1085 3597 incedere
1128 3547 1372 3598 dixerunt
1408 3547 1615 3613 plurimi

554 3626 661 3670 tam
681 3627 913 3672 oratores
935 3638 1086 3688 quam
1111 3624 1298 3688 poetae.
1349 3622 1614 3675 Audivisti

552 3696 804 3762 Tullium,
830 3699 955 3749 audi
992 3699 1239 3751 Ovidium
1263 3702 1300 3752 l.
1326 3715 1366 3752 1.
1393 3702 1614 3754 Metam.

553 3773 683 3824 Feb.
719 3778 769 3827 2.
836 3777 853 3803 ‘
878 3775 1161 3841 Pronaque
1206 3792 1323 3827 cum
1367 3784 1615 3842 spectent

551 3850 796 3901 animalia
832 3858 1013 3902 cetera
1053 3859 1266 3918 terram,
1304 3855 1381 3905 Os
1424 3854 1616 3905 homini

553 3926 775 3977 sublime
802 3927 971 3991 dedit,
990 3929 1278 3996 coelumque
1302 3931 1478 3982 videre
1492 3931 1616 3983 Jus-

553 4002 642 4068 sit,
650 4010 708 4054 et
725 4011 928 4055 erectos
947 4005 1012 4055 ad
1028 4005 1198 4058 sidera
1215 4008 1396 4058 tollere
1413 4005 1620 4057 vultus-⁹

553 4079 661 4130 Hic
684 4087 859 4133 tamen
877 4080 1294 4147 distinguendum
1310 4083 1518 4134 videtur
1541 4083 1616 4132 in·

551 4160 635 4207 ter
669 4157 821 4208 situm
860 4159 1111 4222 corporis,
1148 4160 1410 4223 situmque
1444 4158 1617 4209 vultus

542 4236 658 4301 stam
680 4232 912 4299 hominis,
932 4250 1084 4301 qnam
1108 4243 1401 4285 ceterorum
1424 4235 1617 4285 anima·

550 4307 675 4360 lium
693 4326 722 4379 ².
743 4326 861 4362 nam
888 4317 1098 4363 erectus
1132 4308 1304 4376 homo,
1325 4317 1505 4363 cetera
1528 4326 1616 4364 ve-

1697 3408 1755 3444 ro
1775 3392 2017 3443 animalia
2039 3407 2203 3456 prona
2223 3398 2345 3442 sunt
2364 3405 2585 3456 corpore
2602 3407 2618 3440 ε
2654 3391 2764 3440 vul-

1697 3477 1783 3520 tus
1807 3478 1983 3520 autem
2005 3470 2238 3534 adeoque
2270 3475 2516 3532 aspectus
2540 3474 2648 3518 tam
2669 3468 2762 3516 ho·

1695 3548 1867 3610 minis,
1911 3562 2066 3612 quam
2123 3553 2418 3596 ceterorum
2464 3543 2762 3594 animalium

1695 3622 1903 3690 (saltem
1937 3624 1982 3673 si
2017 3622 2309 3686 excipiatur
2347 3621 2506 3686 piscis
2539 3621 2647 3684 ille,
2675 3620 2763 3685 qui

1694 3698 2033 3764 οὐρανοσκόπος
2051 3705 2287 3760 vocatur,
2320 3697 2458 3764 quod
2497 3697 2677 3747 oculos
2708 3696 2760 3745 in

1697 3791 1925 3842 superna
1959 3776 2190 3840 corporis
2225 3781 2379 3839 parte
2412 3773 2631 3837 habens,
2658 3786 2761 3822 coe·

1695 3855 1801 3905 lum
1832 3855 1993 3904 veluti
2021 3854 2215 3903 invitus
2250 3851 2488 3917 spectet)
2509 3865 2611 3901 non
2637 3849 2758 3900 snb-

1696 3930 1957 3995 limis,sed
1980 3931 2046 3982 ad
2081 3931 2400 3982 horizontem
2434 3931 2573 3994 plus,
2593 3929 2759 3979 minus

1667 4016 1780 4058 -est
1794 4008 2050 4059 directus:
2078 4007 2216 4057 unde
2233 4006 2442 4056 diversa
2454 4007 2510 4056 in
2524 4006 2759 4058 omuibus

1699 4082 2002 4135 animalibus
2045 4089 2129 4133 est
2166 4082 2365 4133 cerebri
2420 4080 2723 4132 constitutio
2739 4096 2755 4128 ε

1699 4159 1842 4226 quod
1865 4159 2142 4210 discrimen
2166 4158 2375 4209 videtur
2405 4158 2493 4208 hic
2518 4157 2756 4209 observa·

1697 4237 1773 4287 ri:
1807 4251 1909 4287 non
1933 4237 2069 4286 enim
2104 4234 2296 4286 dicitur
2329 4235 2534 4285 bestias
2552 4243 2753 4288 terram,

1694 4314 1954 4366 hominem
1975 4328 2098 4364 vero
2120 4312 2306 4364 coelum
2327 4311 2592 4362 conversis
2607 4309 2753 4360 deor·
