3049 4928
595 699 1240 791 NOTITIA
1341 701 2213 794 LITERARIA

1365 901 1455 945 DE

769 1044 1385 1121 SEVERINO
1450 1047 2053 1124 BOETHIO.

641 1380 728 1429 Ex
761 1381 856 1433 JO.
893 1382 1040 1432 ALB.
1075 1383 1377 1435 FABRICII
1410 1386 1865 1437 BIBLIOTHECA
1899 1385 2163 1436 LATINA.

308 1648 393 1721 ῙΝ
427 1664 751 1723 ‘veteribus
807 1664 1103 1744 lapidibus
1156 1675 1217 1725 et
1291 1668 1685 1727 monumentis
1740 1668 1868 1746 jam
1946 1671 2311 1729 BOETHIUS
2371 1670 2497 1747 jam

309 1759 617 1819 BOETms
659 1761 940 1838 scriptum
971 1761 1276 1833 invenitur,
1308 1772 1373 1823 ut
1404 1763 1636 1823 notavit
1674 1765 2011 1824 Sirmondus
2051 1765 2125 1825 ad
2171 1765 2506 1826 Eunodium

307 1874 367 1933 p.
387 1867 456 1918 31
470 1902 488 1915 .
575 1857 854 1915 Boethius
877 1858 964 1916 vir
984 1858 1342 1917 clarissimus
1360 1868 1422 1918 et
1443 1859 1700 1931 illustriS,
1724 1863 1973 1939 scriptor
1991 1861 2381 1931 ChristianuS,
2404 1882 2507 1921 ex-

307 1956 534 2016 Consul
560 1954 885 2013 ordinarius
906 1965 962 2015 et
986 1955 1295 2026 PatriciuS,
1321 1976 1457 2015 cum
1473 1957 1835 2018 Theoderici
1857 1958 2193 2019 Gothorum
2210 1960 2377 2036 regis,
2402 1960 2507 2018 mi-

304 2052 620 2112 nistrorum
672 2051 997 2129 Conigasti,
1042 2053 1344 2132 Triguillae
1383 2054 1752 2133 aliorumque
1807 2045 2176 2136 tyrannidem
2221 2055 2507 2134 impedire

299 2158 557 2208 conatus
579 2158 753 2219 esset,
779 2149 1052 2208 Ticinum
1075 2149 1132 2207 in
1158 2151 1391 2209 exilium
1414 2152 1625 2210 missus
1655 2161 1766 2223 est,
1786 2152 1882 2229 cuj
1894 2173 1957 2212 us
1977 2152 2059 2211 rei
2080 2151 2342 2212 meminit
2372 2153 2510 2210 Mo·

305 2244 517 2305 doinus
547 2246 878 2323 Episcopus
902 2245 1170 2323 Epistola
1203 2248 1474 2306 solatoria
1496 2248 1569 2307 ad
1599 2249 1999 2309 Theodulfum
2033 2249 2507 2309 Aurelianensem

301 2344 558 2414 exulem,
592 2342 740 2401 libro
764 2358 857 2401 lv.
886 2342 1201 2402 Theodulfi
1220 2365 1401 2404 carm.
1437 2362 1540 2404 lx.
1558 2347 1736 2404 Tom.
1765 2356 1857 2405 14.
1885 2346 2038 2406 Bibl.
2061 2346 2300 2405 Patrum
2322 2346 2508 2424 Lugd.

300 2458 437 2520 pag.
473 2449 574 2501 48.
656 2441 828 2500 Jussu
855 2439 1211 2501 Theoderici
1240 2441 1583 2502 interfectus
1613 2451 1707 2503 est
1735 2442 2020 2503 Boethius
2048 2444 2119 2501 A.
2153 2450 2292 2504 524.

383 2536 620 2598 Boethii
652 2537 924 2596 Consulis
956 2537 1276 2615 diptychon
1306 2549 1637 2597 asservatur
1664 2538 1877 2598 Brixiae
1901 2558 1938 2598 a
1965 2542 1999 2600 J
2009 2539 2124 2598 ulio
2156 2538 2505 2609 Barbisono‚

305 2635 664 2712 congregat.
690 2635 931 2694 Orator.
992 2634 1141 2693 Vide
1185 2634 1314 2711 ejus
1364 2636 1596 2694 iconem
1629 2634 1987 2714 descriptam
2029 2655 2147 2695 aere
2188 2645 2246 2694 et
2282 2634 2508 2694 erudite

301 2732 649 2793 illustratam
673 2731 730 2790 in
760 2732 964 2791 Diario
983 2734 1228 2803 Veneto,
1252 2733 1539 2793 Giornale
1568 2732 1662 2792 de'
1684 2733 1938 2793 letter-ati
1954 2733 2183 2792 d’ltalia
2206 2732 2383 2792 Tom.
2407 2733 2506 2791 28.

303 2849 440 2907 pag.
474 2837 574 2899 39.
606 2849 728 2908 seq.
1832 2826 1843 2831 “

383 2926 560 2985 Alius
600 2926 881 2986 Boethius
922 2927 1143 2987 Primas
1183 2930 1510 3007 Byzacenae
1560 2927 1615 2986 in
1658 2927 1864 2988 Africa
1896 2925 2243 2997 Provinciae,
2287 2924 2361 2984 de
2390 2944 2508 3002 quo

302 3021 653 3082 Sirmondus
682 3023 758 3082 ad
791 3024 1131 3083 Facundum
1164 3027 1238 3084 T.
1275 3041 1351 3084 11.
1384 3027 1550 3104 Opp.
1580 3046 1720 3105 pag.
1752 3034 1890 3086 838.

381 3122 433 3180 E
465 3120 889 3201 recentioribus
920 3121 1333 3181 memorandus
1371 3131 1432 3182 et
1459 3123 1769 3183 Anselmus
1798 3119 2095 3189 Boethius,
2126 3119 2228 3198 qui
2257 3116 2332 3177 de
2360 3117 2506 3195 lapi-

303 3215 484 3277 dibus
511 3217 786 3296 pretiosis
818 3219 1069 3297 scripsit.

386 3316 556 3374 Uxor
582 3315 746 3393 Elpis
772 3316 1085 3376 Boethium
1118 3316 1176 3374 in
1210 3316 1442 3376 exilium
1475 3317 1757 3376 comitata
1786 3325 1897 3386 est,
1928 3323 1990 3372 ut
2018 3320 2252 3373 constat
2277 3332 2345 3371 ex
2377 3310 2506 3387 ejus

305 3410 631 3488 epitaphio,
665 3411 827 3489 quod
866 3421 1025 3471 extat
1062 3413 1269 3470 Romae
1305 3413 1364 3471 in
1403 3414 1640 3490 porticu
1671 3414 1732 3472 S.
1760 3413 1943 3482 Petri,
1972 3405 2265 3489 offertque
2294 3408 2509 3487 Gyral-

293 3507 423 3567 -dus
454 3507 607 3566 Dial.
639 3516 695 3569 5.
726 3508 800 3567 de
830 3508 1046 3568 Poetis.
1131 3509 1511 3587 Epitaphium
1539 3508 1687 3568 illud
1717 3507 1888 3568 etiam
1916 3508 2030 3567 hoc
2058 3507 2194 3566 loco
2221 3506 2510 3583 integrum

294 3624 609 3683 *apponere
627 3606 804 3682 juvat
843 3626 912 3664 ex
944 3604 1288 3664 Praefatione
1326 3607 1541 3665 Renati
1564 3606 1797 3678 Vallini,
1829 3605 2102 3684 quoniam
2132 3603 2277 3663 illud
2301 3603 2358 3661 in
2385 3600 2510 3661 edi-

309 3700 468 3762 tione
496 3704 570 3761 A.
607 3701 780 3771 1671.
811 3711 902 3761 est
928 3702 1235 3761 omissum.

556 3799 777 3876 Helpes
805 3798 962 3858 dicta
990 3798 1076 3858 fui
1105 3797 1318 3857 Siculae
1341 3798 1595 3875 regionis
1622 3800 1877 3873 alumna,

637 3897 828 3965 Quam
861 3896 1109 3974 procula
1136 3895 1325 3972 patria
1352 3892 1622 3971 conjugis
1648 3897 1767 3972 egit
1793 3914 1979 3956 amor.

555 3993 693 4061 Quo
721 3993 844 4050 sine
871 4001 1070 4051 moesta
1101 3991 1247 4063 dies,
1273 4011 1390 4049 nox
1417 3991 1612 4061 anxia,
1643 3990 1856 4050 flebilis
1887 3992 2050 4061 hora,

630 4089 761 4148 Nec
789 4089 976 4148 solum
1006 4108 1142 4147 caro
1170 4089 1267 4148 sed
1297 4087 1540 4167 spiritus
1568 4109 1716 4148 uuus
1743 4098 1891 4149 erat.

521 4188 540 4203 ‘
561 4185 690 4243 Lux
718 4206 846 4244 mea
877 4206 988 4246 nou
1017 4187 1215 4245 clausa
1234 4198 1326 4247 est
1352 4187 1456 4246 tali
1478 4196 1815 4247 remanente
1845 4185 2054 4245 marito

643 4282 973 4363 Majorique
1002 4284 1211 4343 animae
1239 4295 1410 4365 parte
1440 4292 1737 4363 superstes
1767 4303 1889 4343 ero.
