3049 4928
517 410 650 476 414
1129 431 1585 481 rnnononus
1635 432 2106 485 Punmnunus

601 574 708 633 IX.
753 573 1006 635 Dicolon
1050 574 1429 654 distrophon.
1511 577 1740 639 Primus
1772 581 2026 659 quisque
2054 600 2255 642 versus
2281 591 2372 641 est
2405 582 2717 660 Asclepia-

520 654 665 714 deus
693 654 1130 717 choriambicus
1162 668 1498 718 tetrameter
1527 660 1903 733 acatalectus‚
1931 674 2208 722 constans
2236 662 2551 741 spondaeO,
2569 665 2721 722 duo-

521 735 631 794 bus
663 737 1039 810 choriambis,
1083 748 1143 797 et
1171 739 1542 817 Pyrrhichio.
1627 742 1936 801 Secundus
1971 738 2076 803 'est
2126 744 2456 822 dactylicus
2497 744 2719 803 Phene-

522 818 739 877 cratius
771 818 1033 878 trimeter
1061 820 1453 890 acatalectuS,
1485 833 1759 881 constans
1788 822 2090 902 spondaeo,
2117 826 2201 897 vel
2230 834 2551 904 anapaestO,
2572 824 2721 884 dac-

524 897 670 975 tylo,
700 911 763 959 et
791 900 1091 978 spondaeo.
1177 900 1311 958 Hoc
1343 910 1529 961 metro
1560 903 1739 962 semel
1770 906 1966 964 utitur.

964 1043 1028 1079 u.
1062 1034 1112 1079 2.
1147 1028 1202 1078 Si
1225 1036 1442 1093 quantas
1466 1031 1662 1093 rapidis
1684 1030 1896 1081 flatibus
1919 1033 2103 1083 incitus

1223 1096 1425 1143 Pontus
1448 1105 1623 1145 versat
1643 1112 1843 1147 arenas.

1157 1186 1241 1196 --·
1304 1183 1465 1212 -υυ-
1530 1185 1691 1214 -υυ-·
1756 1187 1850 1215 w

1222 1252 1304 1260 ..-
1367 1250 1495 1278 ‚W
1558 1254 1638 1262 ,-

597 1359 675 1416 X.
719 1357 973 1417 Dicolon
1003 1356 1368 1434 distrophon.
1452 1358 1680 1417 Primus
1705 1358 1953 1437 quisque
2003 1379 2206 1419 versus
2254 1369 2348 1419 est
2374 1358 2713 1437 dactylicus

514 1439 851 1516 Sapphicus
905 1448 1267 1516 pentameter
1308 1439 1694 1509 acatalectus‚
1741 1449 2017 1499 constans
2066 1441 2352 1511 trochaeo,
2397 1439 2711 1517 spondaeo,

517 1518 782 1597 dactylo,
813 1527 872 1578 et
898 1519 1133 1578 duobus
1164 1519 1461 1579 trochaeis.
1546 1519 1854 1579 Secundus
1879 1532 1964 1580 est
1993 1520 2362 1599 Glyconius:
2409 1520 2581 1596 cujus
2613 1541 2714 1579 su-

512 1618 621 1677 pra
651 1602 754 1659 Vl.
788 1600 1072 1661 Carminis
1100 1619 1311 1678 genere
1341 1600 1729 1660 meminimus„
1814 1601 1949 1660 Hoc
1980 1612 2163 1661 metro
2194 1603 2372 1661 semel
2401 1603 2606 1661 utitur.

962 1744 1029 1780 11.
1066 1735 1114 1780 3.
1153 1732 1282 1781 Cum
1305 1729 1427 1793 polo
1449 1728 1678 1779 Phoebus
1703 1728 1864 1779 roseis
1890 1730 2151 1796 quadrigis

1221 1797 1415 1845 Lucem
1439 1809 1685 1859 spargere
1708 1795 1942 1860 coeperit.

1152 1883 1234 1912 -υ
1296 1887 1375 1897 --
1435 1884 1565 1912 -υυ
1628 1884 1709 1911 -υ
1771 1887 1849 1897 --·

1217 1952 1300 1963 --
1360 1949 1521 1978 -uu-
1588 1940 1711 1975 υυ

588 2054 698 2113 XI.
741 2054 997 2114 Dicolon
1027 2053 1398 2133 distrophon.
1480 2055 1710 2115 Primus
1741 2053 1988 2132 quisque
2028 2074 2225 2113 versus
2275 2063 2366 2113 est
2414 2053 2707 2115 iambicus

509 2136 941 2195 Anacreontius
960 2135 1206 2194 dimeter
1232 2136 1639 2207 catalecticus,
1653 2146 1935 2195 constans
1952 2135 2140 2194 tribus
2167 2135 2419 2212 pedibus
2433 2144 2497 2193 et
2525 2136 2705 2213 sylla.-

510 2216 622 2275 ba:
667 2215 856 2294 primo
882 2216 1035 2275 enim
1068 2218 1201 2276 loco
1231 2217 1409 2275 habet
1437 2218 1700 2277 iambum
1730 2215 1823 2275 vel
1853 2216 2222 2294 spondaeum,
2270 2216 2530 2275 secundo
2563 2217 2709 2275 iam·

507 2295 672 2367 bum,
705 2298 872 2357 tertio
900 2298 1160 2356 iambum
1209 2297 1299 2355 vel
1344 2298 1715 2375 spondaeum.
1799 2297 2111 2356 Secundus
2141 2297 2584 2357 Pherecratius:
2631 2297 2708 2355 de

503 2397 625 2456 quo
653 2379 762 2437 IX.
806 2378 1088 2439 Carminis
1116 2397 1326 2457 genere
1352 2378 1627 2437 diximus.
1712 2378 1849 2437 Hoc
1879 2389 2065 2437 metro
2092 2377 2266 2437 semel
2297 2378 2500 2438 utitur.

950 2523 1013 2558 11.
1047 2513 1098 2560 4.
1133 2507 1377 2572 Quisquis
1401 2508 1543 2558 volet
1562 2521 1840 2573 perennem

1215 2575 1408 2624 Cautus
1431 2586 1625 2637 ponere
1650 2573 1841 2623 sedem.

1145 2665 1223 2675 ..-
1283 2663 1361 2690 υ.
1421 2662 1499 2689 u—
1563 2665 1596 2675 ..

1207 2730 1287 2741 -.υ
1347 2726 1464 2755 —w
1526 2729 1608 2741 --

582 2834 726 2895 XII.
768 2835 1148 2896 Monocolon.
1223 2836 1438 2896 Versus
1468 2846 1559 2897 est
1587 2835 1979 2915 anapaesticus
2006 2835 2419 2895 Partheniacus
2450 2834 2706 2895 dimeter

501 2914 893 2975 catalecticus.
956 2915 1026 2975 Iu
1057 2916 1247 2997 prima
1274 2927 1336 2978 et
1365 2917 1625 2977 secunda
1652 2917 1884 2996 regione
1912 2926 2279 2996 anapaestum
2309 2917 2402 2976 vel
2430 2917 2705 2994 spondae-

499 3016 596 3054 um
625 2996 850 3075 recipit,
881 2997 1052 3058 tertia
1081 3000 1271 3056 solnm
1299 3010 1681 3076 anapaestum,
1712 3007 1921 3077 postea
1948 3006 2214 3077 superest
2242 2999 2490 3078 syllaba.
2554 2997 2697 3056 Hoc

496 3076 782 3137 >Carminis
808 3097 1018 3156 genere
1049 3078 1138 3138 bis
1170 3078 1373 3139 utitur.

971 3221 1036 3257 11.
1071 3213 1120 3257 5.
1153 3206 1303 3257 Felix
1325 3205 1540 3257 nimium
1566 3206 1711 3270 prior
1734 3213 1879 3257 aetas.

946 3284 1033 3322 111.
1067 3279 1117 3324 5.
1154 3273 1257 3324 Qui
1281 3286 1337 3321 se
1360 3274 1502 3322 volet
1523 3286 1642 3322 esse
1666 3277 1953 3337 potentem.

1140 3364 1220 3374 --
1281 3361 1403 3390 w-
1463 3361 1583 3389 υυ-
1645 3364 1680 3372 -

574 3465 745 3523 xm.
788 3466 1171 3528 Monocolon.
1257 3470 1474 3527 Versus
1504 3477 1592 3528 est
1611 3467 1938 3546 dactylicus
1965 3465 2297 3543 Sapphicus
2326 3473 2696 3554 pentameter

492 3545 896 3606 acatalectus:
943 3546 1018 3606 de
1063 3567 1182 3626 quo
1227 3548 1403 3624 paulo
1445 3558 1583 3609 ante
1631 3548 1709 3608 X.
1755 3548 2043 3609 Carminis
2085 3565 2295 3624 genere
2344 3547 2692 3606 memoravi·

496 3644 642 3684 mus·
726 3627 859 3686 Hoc
889 3628 1148 3687 carmine
1177 3628 1270 3693 bis
1300 3628 1502 3689 utitur.

969 3768 1032 3805 ιι.
1067 3759 1116 3804 θ.
1150 3754 1404 3805 Novimus
1427 3760 1643 3822 quantas
1666 3754 1874 3805 dederit
1896 3755 2088 3804 ruinas.

951 3833 1030 3870 ιν.
1064 3823 1113 3871 7.
1148 3821 1300 3870 Bella
1324 3821 1404 3871 bis
1428 3821 1597 3887 quinis
1620 3826 1863 3885 operatus
1886 3822 2051 3871 annis.

573 3918 709 3976 Hoc
737 3917 974 3978 Adonio
999 3920 1353 3981 terminavit.

1131 4049 1808 4078 -u---w-um-

569 4136 732 4196 XIV.
773 4136 1030 4198 Dicolon
1058 4139 1430 4218 distrophon.
1512 4140 1737 4199 Primus
1769 4139 2019 4218 quisque
2049 4156 2246 4196 versus
2271 4145 2364 4198 est
2390 4137 2680 4198 iambicus

487 4217 897 4278 Archilochius
920 4221 1185 4281 senarius
1214 4221 1596 4292 acatalectus‚
1642 4220 1965 4298 imparibus
1994 4219 2140 4277 locis
2168 4218 2456 4297 recipiens
2500 4219 2680 4278 inter-

485 4296 627 4357 dum
656 4310 1039 4378 anapaestum,
1082 4301 1141 4361 in
1191 4300 1306 4360 fine
1336 4301 1742 4380 Pyrrhicbium
1781 4302 1869 4361 vel
1914 4301 2280 4379 spondaeum.
2365 4300 2679 4360 Secundus
