3049 4928
1237 415 1543 465 nomm!
1592 415 1691 464 ΠΒ
1735 415 2047 467 consul..

964 549 1307 645 Repetunt
1331 562 1641 645 proprios
1668 579 1960 647 qumque
1989 569 2366 640 recuruumw

967 664 1356 749 Redituque
1389 684 1513 730 suo
1546 666 1817 749 singula
1844 666 2163 748 gaudent.

966 768 1115 834 Nec
1144 775 1375 833 manet
1403 767 1524 833 ulli
1553 768 1841 834 traditus
1871 768 2062 847 ordo,

963 872 1123 937 Nisi
1152 872 1336 957 quod
1365 872 1482 936 fini
1499 871 1806 957 junxerit
1833 878 2080 950 ortum,

961 975 1420 1060 Stabilemque
1448 974 1558 1040 sui
1585 974 1821 1041 feeerit
1847 973 2129 1041 orbem!

525 1172 653 1220 suos,
670 1162 719 1235 et
738 1162 905 1236 emta
924 1159 1216 1236 delectantur
1234 1174 1426 1211 recursu
1443 1175 1546 1211 suo.
1616 1160 1746 1211 Ordo
1773 1158 2027 1235 unicuique
2042 1157 2114 1234 rei
2140 1156 2454 1234 prescriptio·
2467 1170 2562 1214 non
2576 1169 2730 1231 ema·-

525 1224 897 1342 thztztesgaec
934 1225 1234 1286 emunxerit
1272 1240 1406 1275 suum
1426 1225 1585 1292 finem
1618 1239 1724 1275 eum
1761 1240 1845 1275 suo
1870 1238 2125 1289 principio,
2145 1227 2193 1273 et
2209 1222 2388 1283 fecerat
2408 1223 2639 1272 cnr-culum
2657 1235 2730 1270 sut

1513 1383 1738 1438 No‘rAE

589 1487 623 1514 '¹
654 1480 896 1547 Repetunt
910 1481 1131 1547 proprio·
1150 1496 1341 1548 queque
1354 1496 1589 1547 remmus,
1670 1487 1727 1533 et
1746 1481 1813 1531 ad
1833 1482 2004 1532 lecum
2025 1495 2171 1531 suum
2206 1479 2527 1532 revertitur:
2559 1478 2731 1547 ibique

520 1559 630 1625 ξω]
660 1559 873 1623 Singula
905 1566 1163 1611 conantur
1195 1561 1259 1610 ad
1293 1575 1431 1624 eum,
1450 1561 1590 1612 unde
1668 1573 1950 1610 renascens
1994 1567 2145 1623 gyrat
2189 1572 2284 1624 per
2335 1556 2638 1620 Meridiem‚
2672 1564 2731 1609 et

521 1636 758 1702 digressa
780 1643 921 1697 sunt,
941 1642 1135 1686 statum
1160 1650 1446 1700 recurrere,
1466 1638 1587 1687 boc·
1669 1633 1903 1685 flectitur
1954 1634 2021 1684 ad
2066 1633 2394 1699 Aquilonem.
2481 1634 2733 1688 Lustrans

522 1725 624 1777 que
646 1718 787 1763 statu
808 1719 1120 1776 recuperato
1138 1713 1300 1763 veluti
1324 1713 1584 1777 gaudentz
1665 1712 1903 1762 universa
1937 1715 1989 1762 in
2024 1711 2246 1761 circuitu
2290 1710 2463 1774 pergit
2501 1710 2735 1775 spiritus,

521 1788 597 1837 sic
617 1788 799 1838 bestiae
823 1787 1024 1852 priores
1048 1802 1236 1852 mores,
1259 1789 1455 1852 plantae
1478 1788 1583 1853 pri·
1666 1797 1721 1839 et
1747 1789 1802 1838 iu
1834 1788 2058 1838 circulos
2090 1802 2208 1838 suos
2240 1786 2539 1836 revertitur.
2606 1787 2734 1837 Om-

522 1878 640 1914 ores
674 1863 823 1926 situs,
859 1863 950 1913 Sol
988 1863 1103 1928 ipse
1147 1864 1375 1929 priorem
1414 1865 1586 1915 locum

520 1946 774 2005 appetere
798 1950 854 1989 et
888 1946 1140 2005 quantum
1175 1940 1227 1989 in
1250 1954 1307 1989 se
1339 1947 1419 1991 est
1440 1955 1587 2006 repe·

519 2025 635 2068 tere
680 2017 906 2067 videtur.
970 2017 1228 2068 Horatius
1262 2018 1430 2083 Epist.
1468 2019 1504 2068 l.
1543 2032 1585 2069 1.

520 2093 622 2157 Ep.
658 2097 738 2141 10.
803 2092 819 2119 ‘
845 2092 1100 2142 Naturam
1146 2095 1378 2158 expellas
1416 2092 1586 2160 furca,

519 2176 695 2234 tamen
718 2182 881 2234 usque
906 2168 1181 2219 recurret.'

582 2251 609 2276 ¹
642 2243 965 2309 Stabilemque
994 2246 1069 2295 sui
1078 2245 1259 2307 fecerit
1292 2246 1472 2312 orbem]
1505 2248 1585 2298 Ut

517 2336 650 2371 unus
685 2321 755 2371 sit
786 2321 1066 2386 cujuslibet
1097 2322 1173 2372 rei
1198 2323 1250 2371 in
1275 2338 1418 2373 suum
1443 2325 1585 2388 prin·

515 2399 710 2464 cipium
735 2400 1011 2450 remeantis
1043 2401 1307 2452 circuitus.
1372 2402 1458 2452 Sic
1481 2403 1583 2453 Ec-

518 2477 775 2528 clesiastae
802 2481 847 2527 1.
909 2477 928 2505 ‘
945 2477 1131 2529 Oritur
1158 2477 1248 2528 Sol
1282 2484 1337 2529 et
1366 2479 1583 2546 occidit,

1663 1865 1751 1913 nia
1772 1862 1981 1914 flumina
2013 1865 2213 1914 intrant
2236 1864 2290 1912 in
2324 1877 2486 1925 mare,
2506 1869 2562 1912 et
2591 1876 2732 1913 mare

1667 1954 1768 1990 non
1785 1940 2067 1991 redundat:
2087 1938 2153 1989 ad
2169 1939 2355 2001 locum,
2368 1938 2507 1988 unde
2520 1945 2733 2003 exeunt,

1664 2018 1877 2071 flumina
1914 2025 2271 2080 revertuntur,
2315 2025 2373 2067 ut
2410 2017 2601 2067 iterum
2637 2016 2729 2069 flu·

1664 2095 1791 2148 aut.'
1856 2095 2034 2161 Atque
2069 2109 2135 2144 ex
2169 2092 2250 2143 bis
2285 2093 2525 2142 omnibus
2557 2093 2730 2145 Philo·

1664 2173 1848 2239 sophia
1892 2170 2304 2223 concludendum
2352 2169 2599 2235 relinquit
2643 2170 2733 2222 ho·

1663 2250 1827 2301 mines
1870 2266 1901 2300 a
1942 2251 2063 2300 Deo
2104 2253 2347 2312 tanquam
2393 2261 2425 2295 a
2466 2247 2732 2313 principio

1664 2333 1827 2390 ortos,
1861 2325 2117 2391 quendam
2152 2323 2232 2373 sui
2263 2321 2444 2372 orbem
2478 2322 2734 2391 facturos,

1662 2403 1830 2453 instar
1851 2408 2167 2463 ceterorum,
2191 2398 2257 2449 ad
2286 2399 2456 2449 Deum
2480 2405 2732 2470 tanquam

1663 2479 1730 2529 ad
1749 2494 1899 2530 suum
1918 2477 2077 2528 finem
2101 2489 2392 2529 recurrere.

1352 2967 1675 3034 PROSA
1721 2970 1860 3036 111.

596 3120 755 3187 Vos
787 3143 1077 3208 quoque,
1108 3143 1151 3188 ο
1181 3129 1435 3188 terrena
1482 3122 1895 3201 animaliasr
1936 3124 2123 3188 tenui
2151 3122 2310 3188 licet
2354 3123 2728 3208 imagine‚e‘

506 3229 797 3290 vestrum
853 3234 1075 3291 tamen
1130 3224 1541 3313 principium
1593 3226 1992 3305 somniati8‚*
2011 3235 2037 3262 ⁸
2104 3245 2473 3309 verumque
2536 3229 2722 3293 illum

510 3325 954 3393 beatitudinis
985 3326 1238 3408 finem,b
1278 3328 1444 3395 licet
1473 3328 1744 3395 minime
1776 3329 2188 3413 perspicaci,
2234 3329 2719 3416 qualicumque

564 3504 598 3552 s
625 3507 875 3563 nomm.

997 3518 1027 3555 c
1062 3511 1272 3563 Obscura
1289 3514 1500 3577 quemvis
1514 3513 1822 3577 cogitatione.

1953 3511 1980 3546 ι
2006 3513 2265 3577 cquae.

1513 3642 1731 3694 NOTAE

572 3741 595 3777 1
631 3734 838 3786 Tem-ena
850 3735 1100 3803 mulia]
1132 3737 1385 3789 Homines
1415 3739 1574 3794 rebus

508 3811 730 3862 terrenis
751 3812 966 3866 addicti.

571 3894 592 3921 ⁸
628 3887 775 3938 remi
810 3889 920 3940 lieet
952 3890 1189 3957 imagine]
1228 3893 1422 3957 Specie
1458 3893 1571 3945 sive

508 3961 625 4013 idea
646 3964 897 4028 ingenita,
917 3982 1033 4032 quae
1057 3970 1289 4034 corporis
1313 3971 1573 4022 consortis

507 4038 929 4105 impressionibus
951 4045 1278 4099 obscuratur.

434 4182 443 4189 .
572 4124 597 4152 ⁸
657 4119 875 4193 Vestncm
945 4124 1233 4188 principium
1302 4123 1573 4189 somniatis]

508 4195 678 4245 Deum
710 4196 949 4261 obscure,
985 4200 1149 4250 instar
1190 4201 1575 4267 somniantium,

506 4273 812 4339 percipitis:
847 4276 984 4326 sicut
993 4277 1107 4339 jam
1132 4275 1492 4341 explicuimus.

1720 3737 1744 3774 b
1784 3739 2045 3805 Verumque
2236 3739 2414 3807 finem]
2448 3740 2527 3791 Ut
2569 3741 2722 3793 bomo

1655 3814 1821 3866 instar
1840 3823 2132 3867 ceterarum
2156 3830 2329 3867 rerum
2350 3817 2367 3844 ‘
2383 3796 2730 3871 atabumffsni

1653 3890 1817 3942 faciat
1858 3892 2073 3956 orbem,’
2111 3908 2327 3953 necesse
2363 3902 2445 3946 est
2485 3903 2554 3945 ut.
2585 3895 2722 3960 quod

1650 3968 1755 4021 fuit
1775 3968 1850 4019 illi
1874 3970 2207 4035 principium,
2226 3971 2367 4021 idem
2390 3971 2460 4020 sit
2494 3970 2612 4019 finis
2635 3984 2724 4020 eo·

1650 4045 1884 4110 gitandi:
1926 4047 2260 4111 quamobrem
2305 4048 2351 4097 ni
2389 4047 2560 4110 bomo,
2602 4045 2718 4096 obs-

1652 4137 1777 4174 cure
1803 4125 2010 4189 saltem,
2031 4140 2176 4175 suum
2198 4133 2449 4189 agnoscat
2467 4124 2718 4188 principi·

1651 4214 1757 4262 nm,
1810 4199 1947 4251 idem
2004 4201 2173 4267 bomo,
2223 4202 2443 4252 obscure
2501 4202 2717 4265 pariter,

1652 4293 1800 4330 suum
1821 4278 1974 4330 finem
1998 4287 2304 4346 cognoseat,
2323 4293 2540 4330 neeesse
2562 4286 2662 4330 est.
