3049 4928
1022 456 1148 505 PHI
1164 451 1547 502 LOSOPHIAE
1597 451 1741 499 LIB.
1790 450 1839 498 Ι.

764 602 1053 687 Stringis
1084 602 1305 666 lucem
1333 597 1642 664 breviore
1672 609 1892 660 mora:
1923 583 1929 588 ⁹

2408 397 2540 495 123·

764 708 893 786 Tu,
925 726 1077 772 cum
1104 703 1362 770 fervida
1390 703 1642 769 venerit
1671 704 1901 776 aestaS,

764 810 1001 894 Agiles
1028 809 1244 875 noctis
1277 806 1528 872 dividis
1557 807 1783 870 horas,

759 913 915 981 Tua
943 914 1049 981 vis
1077 910 1337 978 varium
1368 912 1695 994 temperat
1723 911 2023 981 annum‚⁰
2099 935 2103 942 ·

327 1100 478 1150 minus
499 1102 714 1167 spatium
724 1099 918 1164 frigore
939 1100 1116 1150 brumoe
1133 1098 1674 1160 ascendenti-’frondem
1704 1101 1761 1147 tu
1783 1092 2043 1156 distinguis
2062 1088 2203 1150 horas
2220 1084 2373 1137 noctis
2391 1100 2547 1149 prom⁴

327 1170 400 1215 tus
420 1171 545 1232 tum,
567 1183 677 1218 cum
696 1171 841 1218 «εοεαε
860 1166 1017 1218 calida
1035 1166 1246 1216 accessit.
1318 1165 1485 1217 Virtus
1507 1169 1593 1214 tua
1625 1163 1696 1213 sic
1716 1163 1987 1212 moderatur
2010 1170 2182 1207 annum
2202 1154 2456 1216 diversum,
2477 1158 2550 1215 ut,

1329 1308 1540 1362 No'rAE

327 1427 464 1479 iufra
485 1435 726 1481 nostrum
746 1429 1065 1481 horizontem
1099 1428 1166 1479 ab
1196 1427 1404 1481 Occasu

330 1506 382 1556 in
406 1505 605 1558 Ortum
643 1506 1008 1571 regredientis.
1068 1505 1203 1555 Cum
1241 1504 1405 1569 igitur

329 1582 417 1633 Sol
457 1598 564 1633 non
602 1582 789 1649 aequali
819 1593 1025 1647 semper
1056 1581 1339 1631 intervallo
1371 1595 1404 1629 a

332 1659 539 1710 duobus
561 1659 694 1725 polis
728 1659 927 1709 distans
964 1665 1157 1708 terram
1190 1656 1404 1706 circum·

335 1743 441 1800 eat,
490 1735 588 1786 sed
631 1750 1001 1801 nonnunquam
1047 1732 1115 1783 ad
1157 1732 1405 1783 Austrum

331 1812 519 1876 magis,
535 1811 814 1877 aliquando
833 1813 995 1876 magis
1008 1809 1076 1860 ad
1095 1807 1405 1874 Aquilonem

334 1889 578 1953 accedat,
599 1894 807 1939 secutus
826 1887 1026 1951 orbem,
1042 1887 1130 1952 qui
1150 1885 1406 1935 zodiacus

334 1966 567 2030 dicitur3
593 1974 877 2033 propterea
893 1967 1006 2017 dies
1022 1966 1175 2016 modo
1199 1965 1409 2016 brevior

336 2050 441 2107 est,
478 2043 634 2094 modo
656 2039 875 2108 longior.
940 2044 1163 2094 Brevior
1182 2050 1266 2093 est
1286 2044 1408 2093 Sole

337 2121 626 2172 accedente
664 2122 730 2171 ad
761 2121 1034 2182 Aust-rum,
1073 2119 1209 2185 quod
1245 2119 1308 2170 fit
1345 2120 1409 2170 ab

337 2198 672 2264 AEquinoctio
709 2199 994 2249 autumnali
1016 2198 1082 2247 ad
1116 2197 1408 2248 Solstitium

338 2274 649 2339 hybernum,
684 2275 889 2325 scilicet
913 2290 944 2325 a
965 2275 1217 2339 vigesimo
1253 2274 1411 2327 tertio

336 2350 665 2416 Septembris
690 2351 758 2401 ad
788 2351 1092 2416 vigesimum
1128 2351 1411 2402 secundum

337 2428 681 2479 Decembris:
711 2428 852 2495 quod
892 2435 1098 2493 tempus
1133 2430 1289 2496 vulgo
1320 2444 1411 2495 ap·

338 2507 573 2571 pellatur
589 2510 605 2537 ⁶
623 2505 843 2572 bruma‚’
861 2521 892 2557 a
912 2506 1178 2557 brevitate
1192 2507 1413 2572 dierum,

339 2591 401 2657 nt
423 2585 502 2636 ait
520 2584 738 2636 Vossius
758 2593 879 2649 post
900 2586 1193 2636 Varronem
1214 2593 1271 2636 et
1289 2587 1415 2636 Fes-

341 2667 488 2724 tum3
524 2676 643 2729 quae
684 2669 902 2727 propter
925 2674 1182 2714 recessum
1203 2663 1337 2712 Solis
1359 2668 1416 2713 et

342 2738 656 2806 frigidaest,
682 2745 740 2790 et
762 2740 973 2791 arbores
995 2739 1267 2791 frondibus
1290 2755 1417 2790 exu-

340 2816 415 2867 it:
452 2817 576 2868 hinc
616 2816 831 2876 dicitur,
862 2817 975 2867 ‘Tu
1006 2816 1296 2868 frondifluae
1329 2818 1418 2868 fri-

342 2909 468 2958 gore
509 2895 716 2962 brumae,
740 2896 962 2961 Stringis
986 2898 1153 2948 lucem
1177 2898 1418 2950 breviore

345 2971 524 3024 mora.’
579 2973 806 3038 Longior
827 2980 999 3026 autem
1023 2984 1106 3026 est
1124 2975 1242 3026 Sole
1266 2991 1419 3026 acce·

343 3049 506 3101 dente
529 3050 598 3100 ad
619 3049 947 3117 Aquilonem,
987 3053 1125 3117 quod
1162 3053 1226 3105 fit
1246 3054 1312 3105 ab
1331 3055 1419 3106 AE·

346 3128 617 3190 quinoctio
642 3143 803 3179 verno
842 3131 907 3181 ad
951 3128 1244 3183 Solstitium
1283 3133 1421 3184 aesti-

345 3220 487 3270 vum,
506 3204 760 3256 videlicet
777 3222 809 3256 a
829 3207 1078 3273 vigesimo
1095 3210 1262 3274 primo
1277 3211 1421 3261 Mar·

345 3281 409 3333 tii
426 3282 492 3331 ad
516 3282 817 3347 vigesimum
833 3285 1116 3335 secundum
1132 3287 1167 3338 J
1174 3287 1299 3349 unii3
1317 3302 1422 3353 quo

348 3366 588 3425 tempore
624 3360 814 3426 incipit
845 3368 1001 3413 aestas
1041 3364 1231 3428 calida,
1269 3364 1423 3415 adeo·

350 3452 449 3503 que
487 3443 674 3487 noctes
715 3436 1035 3488 brevissimae
1074 3446 1227 3490 suntz
1264 3455 1420 3505 prop-

351 3521 493 3564 terea
514 3527 653 3563 nunc
675 3513 888 3578 dicitur,
920 3516 937 3544 ‘
955 3515 1059 3580 Tu,
1081 3530 1198 3565 cum
1221 3515 1423 3567 fervida

352 3591 556 3644 venerit
592 3599 770 3656 aestas,
805 3590 986 3657 Agiles
1023 3594 1193 3645 noctis
1229 3594 1420 3645 dividis

348 3667 542 3719 horas.’
608 3669 698 3719 Sic
739 3669 957 3720 Ovidius
995 3671 1159 3722 Trist.
1198 3671 1235 3721 l.
1260 3685 1314 3722 v.
1337 3673 1420 3723 El.

352 3750 432 3797 11.
461 3748 478 3776 ‘
501 3747 617 3797 Nec
652 3745 779 3795 mihi
814 3745 1108 3799 Solstitium
1147 3748 1423 3814 quicquam

351 3820 422 3871 de
456 3821 699 3871 noctibus
740 3819 937 3884 aufert,
968 3820 1146 3872 Efficit
1179 3829 1424 3886 angustos

351 3912 448 3948 nec
475 3897 599 3947 mihi
635 3897 821 3947 bruma
853 3897 1003 3947 dies.’
1071 3898 1175 3949 Hic
1206 3900 1309 3952 duo
1332 3900 1423 3950 ob-

349 3975 548 4024 servari
589 3980 858 4039 poterunt.
939 3972 1176 4026 Primum
1214 3977 1425 4042 quidem

351 4065 535 4101 vocem
575 4049 733 4114 hanc,
776 4050 793 4080 ‘
816 4048 1150 4116 frondifluae,'
1175 4050 1424 4118 ’quamvis

354 4129 553 4179 nonita
575 4126 739 4178 fuerit
773 4128 828 4178 in
862 4144 960 4178 usu
1003 4129 1144 4194 apud
1184 4131 1427 4197 antiquos

355 4208 615 4267 auctores,
648 4203 969 4268 aptissimam
1005 4212 1184 4256 tamen
1218 4222 1334 4258 esse
1355 4208 1424 4259 ad

355 4278 755 4344 significandum
793 4279 845 4330 id
880 4281 1023 4346 quod
1061 4283 1299 4347 pluribus
1336 4301 1423 4335 ex·

359 4357 553 4420 pressit
590 4356 780 4422 virgil.
823 4355 1025 4409 AEueid.
1070 4372 1149 4410 vr.
1194 4375 1272 4411 vs.
1311 4365 1425 4414 309.

1482 1425 1498 1454 ⁴
1526 1426 1695 1479 Quam
1732 1423 1898 1473 multa
1935 1421 1989 1471 in
2029 1418 2187 1485 sylvis
2210 1414 2438 1467 autumni
2460 1412 2552 1464 fri·

1484 1515 1606 1567 gore
1630 1500 1799 1566 primo
1819 1500 1990 1563 Lapsa
2013 1496 2209 1548 cadunt
2231 1491 2390 1544 folia?
2446 1494 2555 1542 De-

1484 1580 1608 1630 inde
1630 1579 1799 1640 horas,
1830 1591 1894 1627 ex
1937 1574 2121 1641 quibus
2157 1573 2270 1622 sive
2299 1569 2416 1619 dies
2444 1568 2556 1618 sive

1484 1666 1590 1706 nox
1613 1654 1818 1705 brevior
1841 1650 2189 1716 componitur,
2210 1645 2392 1697 vocari
2412 1644 2429 1673 ⁴
2450 1644 2557 1708 agi-

1485 1733 1588 1783 les’
1618 1732 1727 1781 sive
1759 1730 1776 1757 ⁸
1798 1734 2027 1794 promtas
2047 1726 2082 1776 :'
2117 1724 2241 1791 quia
2277 1723 2421 1771 horae
2462 1719 2556 1769 du·

1487 1810 1641 1875 plicis
1679 1813 1801 1858 sunt
1855 1804 2100 1871 generis3
2153 1801 2269 1851 aliae
2315 1798 2560 1865 aequales,

1488 1888 1604 1938 aliae
1627 1886 1905 1951 inaequales
1925 1884 2063 1932 inter
2079 1896 2153 1932 se.
2219 1877 2466 1943 AEquales
2484 1874 2560 1924 di-

1487 1971 1680 2015 cuntur
1702 1962 1828 2020 iuae,
1847 1975 1960 2026 quae
1984 1959 2096 2008 sive
2117 1958 2306 2021 hyeme
2332 1952 2441 2001 sive
2466 1966 2561 2000 aes-

1491 2047 1605 2092 tate
1627 2040 1902 2103 sexaginta
1922 2049 2149 2099 semper,
2172 2038 2231 2082 ut
2269 2030 2435 2091 aiunt,
2468 2027 2562 2077 mi-

1490 2120 1631 2171 nutis
1647 2116 1930 2185 aequalibus
1945 2115 2217 2165 coustant:
2243 2121 2345 2174 qua
2360 2106 2563 2156 ratione

1492 2196 1712 2247 dicimus
1750 2193 1920 2244 Solem
1966 2204 2062 2256 per
2105 2186 2294 2251 viginti
2341 2190 2566 2249 quatuor

1493 2274 1645 2324 horas
1682 2272 1748 2322 ab
1786 2285 1892 2320 uno
1928 2267 2046 2319 coeli
2083 2269 2281 2331 puncto
2319 2262 2385 2311 ad
2424 2259 2564 2310 idem

1494 2362 1786 2415 regressum
1819 2352 1986 2397 totam
2019 2340 2322 2393 circuivisse
2355 2344 2567 2406 terram.

1491 2426 1788 2494 Inaequales
1828 2437 1953 2474 vero
1994 2420 2258 2483 dicuntur,
2291 2430 2408 2483 quae
2448 2426 2568 2463 eum

1494 2506 1603 2556 sint
1666 2502 1982 2554 duodecima
2037 2503 2240 2549 tantum
2295 2496 2406 2545 sive
2462 2492 2570 2542 diei

1496 2583 1607 2633 sive
1657 2579 1828 2632 noctis
1877 2593 2022 2644 pars,
2071 2572 2427 2626 crescentibus
2478 2569 2568 2619 de-

1499 2657 1965 2720 crescentibusque
2028 2653 2137 2702 sive
2204 2650 2387 2700 diebus
2457 2647 2568 2695 sive

1496 2735 1746 2786 noctibus
1779 2744 2021 2784 crescere
2055 2728 2253 2778 debent
2285 2730 2343 2775 et
2364 2723 2571 2773 decres-

1498 2828 1638 2865 cere.
2444 2823 2451 2828 ·

1562 2897 1586 2923 ⁰
1612 2890 1714 2940 Tua
1743 2887 1818 2938 vis
1870 2886 2058 2938 var-ium
2099 2886 2332 2949 temperat
2373 2878 2574 2942 annum]

1498 2985 1579 3022 ιν.
1630 2971 1808 3035 agitur
1843 2968 1910 3018 de
1935 2966 2060 3033 ipsis
2092 2965 2215 3017 anni
2245 2958 2575 3026 tempestati-

1501 3049 1619 3114 bus,
1640 3062 1856 3115 quarum
1880 3046 2024 3096 vices
2058 3044 2112 3092 in
2145 3044 2243 3092 hoc
2276 3042 2574 3098 versantur,

1500 3127 1640 3193 quod
1686 3130 1746 3175 ut
1787 3126 1898 3176 Ver
1945 3120 2121 3171 reddit
2166 3114 2402 3176 frondes,
2445 3127 2572 3178 quas

1503 3204 1800 3255 Autumnus
1835 3198 2144 3259 abstulerat,
2176 3194 2250 3243 sic
2272 3191 2446 3242 AEstas
2464 3203 2573 3238 ma-

1504 3288 1668 3343 turet,
1709 3294 1833 3346 quas
1873 3276 2073 3342 Hyems
2106 3273 2238 3323 vidit
2277 3268 2400 3334 seri,
2428 3283 2577 3332 sege-

1502 3368 1621 3413 test
1655 3359 1774 3410 duae
1809 3357 2010 3423 priores
2053 3355 2395 3417 tempestates
2420 3346 2578 3411 signi·

1500 3437 1730 3489 ficantur
1785 3434 1975 3494 ventis,
2018 3432 2107 3499 qui
2152 3438 2278 3480 tunc
2323 3424 2576 3490 temporis

1502 3526 1720 3582 regnare
1775 3515 1978 3574 solent3
2029 3509 2328 3561 Autumnus
2367 3501 2577 3568 quidem

1504 3596 1698 3658 Borea,
1730 3593 1840 3643 Ver
1861 3602 1984 3641 vero
2021 3587 2303 3651 Zephyro:
2341 3581 2457 3630 duae
2494 3594 2579 3628 au·

1507 3678 1613 3722 tem
1639 3670 1755 3719 aliae
1778 3671 2120 3731 tempestates
2139 3660 2298 3725 signis
2333 3656 2576 3706 exhiben-

1504 3755 1591 3798 tur
1603 3745 1900 3797 coelestibus
1913 3760 1928 3805 3
1941 3740 2139 3805 Hyems
2153 3733 2576 3798 Arcturo,AEstas

1506 3827 1694 3878 Seirio.
1759 3826 1957 3874 Boreas
1989 3818 2083 3869 ἀπὸ
2115 3818 2202 3875 τῆς
2221 3815 2338 3872 βοῆς
2385 3812 2578 3872 dictus,

1509 3903 1649 3970 quod
1667 3902 1736 3952 sit
1753 3899 2082 3950 turbulentus
2106 3909 2167 3944 ac
2190 3904 2579 3954 sonorus,·ven·

1507 3987 1592 4029 tus
1627 3984 1711 4028 est
1733 3974 1898 4043 (apud
1933 3988 2024 4024 eos
2058 3970 2287 4036 quidem,
2320 3968 2409 4034 qui
2455 3972 2576 4016 octo

1506 4057 1769 4107 duntaxat
1778 4058 1961 4104 ventos
1972 4046 2345 4114 agnoscebant,
2361 4057 2579 4108 quorum

1505 4148 1641 4184 uuus
1674 4147 1706 4182 a
1732 4129 1980 4190 Meridie,
2032 4126 2167 4177 alter
2206 4139 2236 4172 a
2274 4119 2584 4184 Septemtri-

1506 4224 1638 4270 one3
1657 4213 1768 4257 tres
1790 4204 1857 4254 ab
1873 4205 2030 4264 ortu,
2043 4198 2366 4258 totidemque
2387 4192 2453 4242 ab
2469 4194 2577 4245 Oc·

1506 4300 1629 4338 casu
1664 4279 1880 4341 fiarent)
1915 4278 1981 4328 ab
2020 4276 2159 4325 Ortu
2199 4271 2434 4335 spirans;
2483 4269 2578 4318 sed

1507 4359 1673 4430 (apud
1711 4356 1800 4408 eos
1840 4356 1929 4422 qui
1969 4348 2242 4403 duodecim
2278 4345 2362 4397 vel
2397 4346 2574 4412 plures
