3049 4928
507 388 594 463 58

1200 414 1288 463 ΒΟ
1301 412 1507 463 ΕΤΗΙΙ
1561 416 1658 463 ΒΕ
1705 413 2010 465 CONSUL.

510 556 692 624 Ecce
722 556 883 621 mibi
911 556 1153 623 laoerae
1184 558 1438 624 dictant
1466 558 1817 624 scribenda
1842 559 2209 641 Camenae,¹
2230 566 2254 598 θ

598 657 688 725 Et
713 660 890 725 veris
924 660 1118 743 Elegi
1135 658 1164 697 ‘¹
1207 661 1482 727 fletibus
1513 682 1634 726 ora
1662 662 1905 745 rigant.

506 843 752 905 compellor
772 841 972 904 aggredi
994 857 1154 893 versu
1175 842 1354 893 tn‘stes.
1421 845 1499 892 En
1521 842 1678 904 Musoe
1699 844 1918 893 hemia
1937 848 2200 905 suggerunt
2218 842 2355 902 milti,
2394 858 2498 905 quae
2520 846 2703 907 oportet

504 906 739 966 scribere,-
791 922 1040 973 versusque
1063 908 1255 972 flebiles
1286 914 1545 973 aspergunt
1594 909 1774 957 nauum
1808 924 1959 958 meum
1995 909 2215 974 lacrymis
2246 909 2459 960 εἰηοσίε.
2530 910 2705 958 Nullus

1426 1020 1786 1041 “O‘moem

572 1088 601 1135 1
640 1083 859 1136 Caum
877 1086 1202 1138 scribendum
1223 1096 1401 1140 monet
1416 1090 1604 1141 Editor
1635 1088 1830 1156 Delph.
1850 1102 1951 1139 non
1971 1089 2321 1139 Centena—2
2353 1090 2369 1117 ⁴
2384 1082 2515 1138 Μεε.
2532 1091 2591 1137 ct
2615 1083 2701 1136 ed.

1495 1203 1717 1254 NOTAE

502 1297 660 1348 critas
681 1297 953 1362 servanda,
969 1300 1262 1363 praesertim
1286 1315 1408 1350 vero
1432 1301 1484 1350 in
1502 1315 1565 1349 eo

500 1375 587 1439 qni
603 1373 664 1423 fit
684 1375 906 1440 auribus,
927 1391 1137 1441 quarum
1146 1376 1428 1441 judicium,
1444 1391 1565 1427 auc·

502 1456 618 1500 tore
646 1451 834 1511 Tullio,
865 1458 948 1501 est
981 1453 1403 1517 superbissimum
1431 1471 1444 1502 ι
1496 1469 1563 1503 ex

502 1541 605 1591 quo
625 1525 705 1588 fit,
728 1535 786 1576 nt
806 1529 1009 1579 Musica
1042 1535 1097 1580 et
1136 1529 1337 1591 Poesis,
1367 1544 1483 1593 quae
1505 1531 1559 1578 in

499 1603 601 1653 boc
636 1603 819 1652 saltem
854 1612 1093 1669 cognate
1123 1604 1388 1667 dicuntur,
1424 1605 1562 1670 qnod

500 1679 684 1729 eodem
730 1681 908 1730 auditu
946 1680 1327 1745 percipiantur,
1364 1681 1414 1729 in
1450 1680 1561 1745 qni·

499 1755 715 1805 busdam
732 1755 748 1784 ‘
767 1756 933 1806 modis
952 1756 967 1780 ’
988 1764 1292 1807 versentur:
1329 1757 1345 1784 ‘
1364 1758 1414 1806 iu
1450 1772 1561 1806 mu-

498 1832 656 1896 sicis,’
675 1834 846 1899 inquit
865 1834 1060 1884 Tullius
1082 1847 1123 1882 ι.
1145 1834 1211 1882 de
1236 1833 1331 1884 Or.
1350 1834 1366 1861 ‘
1384 1848 1564 1884 nume-

500 1908 567 1971 ri,
612 1917 668 1959 et
714 1924 893 1973 voces,
937 1917 995 1961 et
1045 1910 1182 1959 modi
1206 1909 1241 1958 ε’
1308 1910 1563 1959 Horatius

501 2000 627 2038 vero
644 1987 813 2040 Carm.
831 1990 867 2038 l.
889 2001 955 2038 ιι.
973 1988 1078 2038 od,
1096 1991 1144 2036 1.
1159 2003 1235 2037 νε.
1256 1989 1350 2037 ult.
1373 1988 1389 2015 ‘
1405 1989 1561 2040 Quae-

500 2076 560 2112 re
585 2064 781 2114 .modos
818 2065 1014 2114 leviore
1053 2064 1253 2127 plectro
1274 2063 1307 2124 ;'
1343 2063 1448 2113 Od.
1479 2069 1559 2114 12.

499 2153 578 2190 vs.
593 2145 645 2191 4.
675 2142 691 2169 ‘
716 2142 885 2205 aptari
922 2141 1136 2191 citharas
1167 2141 1331 2191 modis
1348 2141 1382 2191 ι’
1411 2142 1446 2193 1.
1469 2155 1559 2193 ιιι.

502 2216 608 2267 Od.
642 2222 690 2268 3.
714 2233 789 2268 vs.
824 2220 922 2269 ult.
956 2219 972 2246 ⁴
996 2233 1180 2283 magna
1212 2219 1377 2269 modis
1411 2228 1561 2269 tenu-

500 2308 590 2344 are
631 2296 804 2358 parvis
822 2294 855 2344 :’
905 2294 1010 2346 Od.
1043 2300 1093 2346 9.
1124 2311 1197 2347 vs.
1230 2301 1310 2347 10.
1342 2297 1358 2324 ‘
1382 2298 1563 2347 dulces

498 2369 655 2420 docta
667 2371 844 2421 modos
859 2378 916 2421 et
934 2371 1149 2421 citharae
1164 2372 1333 2422 sciens
1351 2369 1385 2422 :’
1418 2380 1475 2422 et
1495 2373 1565 2422 de

497 2446 632 2497 Arte
681 2447 838 2499 Ροέι.
905 2447 1187 2499 ‘Accessit
1233 2451 1562 2516 numerisque

496 2523 764 2590 modisque
795 2526 1006 2577 licentia
1040 2524 1240 2592 major.'
1306 2525 1561 2592 Propter·

497 2615 561 2650 ea
584 2602 673 2667 qui
706 2618 883 2653 versus
905 2605 1190 2668 componit,
1213 2602 1296 2653 hic
1317 2604 1559 2669 Virgilio,

498 2674 709 2739 Ovidio,
742 2680 984 2743 Horatio,
1023 2686 1079 2729 et
1127 2681 1315 2729 ceteris
1364 2680 1561 2731 dicitur

492 2753 510 2781 ‘
524 2753 780 2805 modulari
798 2754 832 2817 ;’
856 2756 991 2807 sicut
1015 2753 1249 2808 Ciceroni
1265 2771 1325 2807 ιι.
1346 2756 1409 2808 de
1430 2760 1557 2810 Nat.

494 2828 512 2857 ‘
535 2831 699 2881 Tibias
716 2830 731 2853 ’
766 2832 1010 2883 dicuntur
1031 2833 1047 2860 ‘
1071 2834 1330 2884 modulate
1371 2848 1560 2885 canen·

496 2914 578 2956 tes
593 2906 608 2930 ’
629 2915 685 2958 et
704 2909 719 2935 ‘
741 2908 964 2959 fidiculae
987 2924 1258 2961 numerose
1280 2911 1564 2963 sonantes.’

489 2985 644 3036 Sicut
666 2993 840 3037 autem
860 2988 1082 3037 Carmen
1110 3004 1211 3038 non
1234 2990 1441 3051 dicitur,
1459 2992 1561 3041 nisi

493 3060 560 3111 de
580 3062 786 3127 integro
804 3065 1026 3128 quodam
1042 3065 1305 3129 poemate,
1320 3066 1398 3116 ita
1415 3068 1432 3096 ‘
1452 3082 1561 3119 mo-

492 3136 624 3188 dns'
657 3152 759 3188 non
785 3140 992 3192 videtur
1025 3141 1147 3205 dici,
1178 3143 1279 3193 nisi
1312 3143 1378 3193 de
1397 3144 1558 3195 versi·

492 3212 605 3277 bus,
609 3214 771 3279 hujus
787 3217 960 3279 operis
976 3218 1240 3281 partibus:
1263 3218 1403 3268 unde
1420 3220 1557 3271 1305-

489 3290 650 3354 thius,
665 3292 753 3356 qui
769 3292 930 3343 verba
944 3293 1056 3343 haec
1073 3294 1213 3344 inter
1226 3309 1282 3344 se
1297 3308 1556 3359 opposue-

491 3372 580 3417 rat
611 3366 665 3416 in
721 3367 921 3419 duobus
954 3371 1034 3420 his
1081 3371 1260 3434 primis
1282 3372 1557 3466 versibus,

492 3444 744 3509 ‘peregi,’
773 3452 833 3495 et
881 3450 896 3475 ‘
921 3460 1081 3510 cogor
1115 3445 1279 3507 inire;
1345 3448 1553 3500 ‘studio

489 3517 750 3586 florente,’
783 3529 839 3572 et
857 3521 873 3548 ‘
891 3520 1117 3584 flebilis,'
1143 3521 1366 3575 ἀντίθετα
1385 3528 1554 3577 conti-

489 3611 656 3648 nuans
675 3613 811 3651 nnnc
836 3602 1053 3665 opponit
1069 3601 1225 3650 etiam
1244 3601 1260 3630 ‘
1277 3602 1554 3666 Carmina,'

489 3681 548 3726 et
565 3676 582 3704 ‘
605 3677 786 3728 modos
807 3687 1020 3729 moestos
1035 3677 1066 3740 ς’
1099 3679 1281 3743 sicque
1303 3679 1557 3731 lectorem

490 3750 669 3817 docet,
687 3757 851 3821 qualis
872 3764 988 3807 erat
1017 3753 1254 3816 afflictus,
1285 3763 1557 3820 qnantum·

488 3844 592 3894 que
628 3838 858 3882 mutatus
903 3848 935 3883 a
970 3831 1195 3882 Boethio
1236 3831 1347 3882 sive
1382 3833 1555 3898 seipso

490 3903 729 3958 florente.

573 3988 598 4015 ἃ
636 3983 880 4046 Camena]
947 3983 1137 4048 Mnsae,
1203 3999 1319 4050 quse
1368 3986 1552 4038 dicun·

492 4064 580 4107 tur
611 4064 626 4087 ‘
645 4059 922 4122 Camenae}
951 4075 1056 4110 non
1086 4076 1118 4111 a
1155 4070 1310 4113 cautu
1334 4079 1556 4129 amoeno,

491 4140 555 4184 ut
587 4134 796 4199 quidam
831 4136 998 4200 aiunt,
1039 4138 1131 4189 sed
1171 4152 1274 4189 non
1306 4154 1453 4191 secus
1491 4158 1555 4192 ac

493 4210 737 4272 Carmen,
758 4226 788 4261 a
814 4214 1070 4278 canendo,
1107 4216 1181 4266 ita
1218 4222 1279 4266 ut
1311 4218 1453 4280 prius
1473 4218 1553 4268 di-

491 4291 735 4336 cerentur
772 4287 1072 4344 Carmena:
1126 4292 1263 4359 quod
1294 4294 1555 4361 nimirum,

1646 1300 1813 1350 Musis
1833 1298 1997 1349 veluti
2021 1296 2409 1362 inspirantibus,
2429 1295 2559 1345 fiant
2575 1296 2702 1346 Car-

1643 1376 1785 1425 mina
1803 1376 1916 1426 sive
1954 1376 2177 1435 Cantus3
2236 1380 2325 1423 aut
2362 1373 2518 1438 quod,
2537 1373 2705 1437 inquit

1645 1455 1850 1516 Festus,
1901 1456 2093 1502 canant
2145 1450 2314 1500 Musae
2373 1448 2701 1514 antiquorum

1643 1530 1852 1579 landes:
1899 1528 2230 1593 quamobrem
2255 1525 2582 1577 scribendum
2608 1526 2701 1575 Ca-

1640 1618 1804 1667 mena,
1823 1618 1923 1654 non
1947 1605 2196 1654 Cmnoenoe.
2267 1598 2368 1652 11ae
2390 1609 2565 1652 antem
2587 1602 2712 1652 Mn·

1641 1698 1712 1733 sae
1733 1697 1871 1732 nnnc
1903 1681 2246 1745 perhibentur
2275 1681 2291 1710 ‘
2311 1677 2539 1740 lacerae,’
2566 1677 2702 1742 qnod

1646 1761 1800 1811 sortis
1829 1759 2131 1810 Boethianae
2159 1757 2457 1822 participes,
2491 1755 2579 1805 illo
2609 1753 2701 1804 flo-

1644 1846 1793 1887 rente
1805 1836 2011 1899 florerc,
2022 1836 2306 1899 eodemque
2318 1832 2511 1882 afflicto
2524 1829 2706 1894 affligi,

1642 1925 1888 1976 pannosae
1906 1911 2153 1962 etlaceris
2172 1909 2361 1958 similes
2379 1908 2700 1958 viderentur:

1643 1987 1884 2052 antiquus
1915 1988 2052 2037 enim
2084 1994 2197 2036 erat
2233 1983 2538 2035 afflictorum
2570 1998 2702 2046 mos,

1641 2072 1812 2114 vestes
1831 2064 2097 2114 scinderet
2126 2061 2262 2111 unde
2276 2061 2370 2112 lib.
2389 2061 2501 2110 Iob.
2517 2075 2633 2125 cap.
2655 2063 2702 2108 1.

1641 2150 1720 2190 vs.
1755 2144 1838 2190 20.
1869 2142 1887 2170 ⁸
1910 2146 2036 2189 tunc
2064 2137 2289 2188 surrexit
2326 2136 2425 2187 Iob
2460 2143 2517 2186 et
2547 2134 2705 2185 scidit

1644 2217 1957 2267 vestimenta
1981 2230 2073 2266 sua
2090 2215 2121 2264 ε’
2172 2220 2227 2264 et
2243 2215 2331 2264 lib.
2363 2229 2403 2264 1.
2423 2215 2555 2277 Reg.
2578 2227 2698 2276 cap.

1644 2298 1693 2344 4.
1713 2309 1786 2344 νε.
1812 2298 1890 2344 12.
1953 2295 1968 2320 ‘
1987 2292 2084 2342 Vir
2104 2292 2169 2341 de
2191 2289 2464 2353 Benjamin
2498 2303 2563 2337 ex
2586 2288 2702 2338 acie

1645 2369 1857 2419 venitin
1873 2369 1981 2418 Silo
2003 2368 2054 2417 in
2077 2366 2286 2427 dieilla,
2302 2366 2460 2416 scissa
2483 2370 2628 2414 veste
2647 2371 2705 2413 et
2756 2393 2763 2398 -

1643 2460 1950 2511 conspersus
1973 2445 2188 2510 pulvere
2211 2441 2405 2507 capnt.'
2440 2441 2563 2507 Ipse
2584 2440 2704 2491 Vir-

1641 2522 1729 2589 gll.
1770 2519 1888 2573 AEn.
1929 2533 2031 2572 xu.
2074 2533 2150 2572 νε.
2190 2523 2305 2570 009.
2369 2518 2387 2547 ‘
2404 2513 2703 2569 Demittunt

1640 2606 1875 2651 mentes:
1909 2599 1951 2648 it
1972 2602 2136 2649 scissa
2157 2604 2300 2648 veste
2317 2596 2550 2658 Latinus,
2566 2596 2700 2646 Con-

1630 2680 1771 2744 jngis
1802 2679 2055 2730 attonitus
2083 2676 2225 2739 fatis,
2252 2676 2493 2740 urbisque
2518 2673 2705 2725 ruina!

1638 2758 1740 2808 11ae
1763 2756 1973 2806 tandem
2014 2756 2184 2804 Musae
2217 2753 2234 2781 ‘
2256 2750 2490 2802 dictare'
2520 2751 2703 2800 dicun·

1639 2839 1726 2882 tur
1747 2831 1970 2883 Boethio
1987 2831 2003 2862 ‘
2021 2826 2335 2891 scribenda;’
2359 2828 2496 2891 quod
2515 2826 2701 2878 Poeta

1636 2909 1857 2974 fingant,
1884 2910 2007 2960 nibil
2031 2924 2062 2958 a
2085 2923 2140 2958 se
2169 2908 2280 2959 sive
2302 2922 2391 2957 ore
2406 2907 2517 2957 sive
2533 2908 2698 2972 scrip-

1641 2992 1757 3036 tura
1777 2986 1966 3049 emitti,
1998 2984 2098 3034 nisi
2124 2985 2261 3049 quod
2295 2984 2397 3033 sibi
2429 2982 2606 3046 fuerit,
2625 2984 2702 3033 in-

1640 3062 1958 3128 spirantibus
1985 3061 2170 3124 Musis,
2209 3061 2506 3125 cognitum:
2540 3074 2702 3126 qnare

1638 3140 1690 3189 bi
1711 3155 1947 3204 magnum
1969 3138 2227 3203 quoddam
2250 3138 2471 3188 Carmen
2494 3151 2597 3187 non
2619 3152 2703 3188 so-

1634 3216 1745 3267 lent
1761 3216 1995 3281 aggredi,
2014 3215 2113 3266 nisi
2135 3214 2320 3264 iisdem
2354 3213 2524 3274 Musis
2558 3214 2703 3265 invo-

1634 3293 1795 3345 catis:
1818 3296 1893 3345 sic
1916 3295 2174 3345 Homerus
2191 3293 2346 3343 Iliad.
2367 3300 2421 3345 Β.
2439 3309 2454 3343 ι
2488 3294 2505 3322 ‘
2520 3292 2700 3344 Dicite

1632 3370 1809 3434 nunc,'
1831 3371 2019 3436 inquit,
2057 3371 2072 3399 ‘
2096 3369 2239 3442 mibi,
2258 3371 2446 3434 Musae,
2469 3384 2585 3435 quae
2609 3368 2701 3419 do-

1631 3462 1741 3498 mos
1759 3450 1997 3498 coelestes
2011 3446 2239 3497 incolitis
2258 3462 2273 3496 ι
2298 3460 2388 3496 νοε
2406 3446 2541 3495 enim
2561 3448 2700 3497 Deae

1634 3525 1777 3588 estis,
1815 3531 1871 3576 et
1914 3523 2125 3586 adestis,
2165 3530 2223 3574 et
2257 3524 2429 3574 omnia
2464 3523 2702 3575 novistis.

1636 3602 1748 3652 Nos
1772 3608 1945 3652 autem
1979 3601 2180 3653 famam-
2210 3602 2473 3652 duntaxat
2493 3603 2701 3666 accepi-

1634 3694 1779 3740 mus,
1827 3692 1997 3744 neque
2025 3678 2302 3744 quicquam
2337 3675 2527 3728 scimus
2548 3678 2580 3726 :'
2620 3677 2703 3728 sic

1635 3755 1890 3806 Horatius
1908 3756 2020 3807 Sat.
2037 3757 2073 3805 1.
2096 3770 2134 3807 ι.
2157 3756 2267 3808 Sat.
2289 3762 2339 3806 6.
2380 3757 2396 3784 ‘
2412 3757 2589 3820 Musa,
2609 3770 2705 3808 ve·.

1633 3832 1723 3881 lim
1758 3833 2060 3883 memores:’
2108 3833 2186 3883 sic
2220 3832 2412 3897 Virgil.
2442 3832 2557 3883 AEn.
2594 3846 2700 3883 νιι.

1632 3925 1710 3959 νε.
1747 3914 1864 3961 641.
1936 3913 1953 3941 ‘
1973 3910 2203 3961 Pandite
2245 3925 2383 3960 nnnc
2424 3910 2704 3974 Helicona,

1631 3986 1782 4051 Deae,
1821 3994 2108 4053 cantusque
2151 3989 2557 4040 movete....Et
2594 4001 2702 4039 ms·

1632 4067 1851 4117 ministis
1894 4066 2052 4127 enim,
2101 4069 2277 4130 Divoe,
2311 4073 2369 4118 et
2407 4081 2702 4118 memorare

1634 4144 1884 4206 potestis:
1940 4142 2027 4194 Ad
2063 4157 2159 4194 nos
2193 4145 2283 4195 vix
2328 4144 2503 4196 tenuis
2544 4142 2697 4194 samse

1634 4219 1925 4283 perlabitur
1940 4219 2100 4270 aura.r

1698 4294 1721 4329 ‘¹
1744 4296 1910 4359 Elegi]
1931 4297 2121 4347 Versus
2136 4294 2332 4348 flebiles
2353 4296 2463 4348 sive
2486 4295 2702 4349 misera·
