3049 4928
505 382 637 456 246

507 567 665 617 cnm
685 563 716 590 ¹⁸
756 550 1154 616 reverendos
1182 550 1404 616 facere
1432 557 1823 635 nequeant‚5
1868 569 2040 637 quos
2086 551 2392 636 pluribus
2410 558 2709 618 ostentat

509 655 990 738 despectior-ee,
1054 656 1313 739 potiusv
1355 654 1649 738 dignitas
1709 653 2094 740 improbos⁶
2137 656 2352 721 facit!
2456 654 2708 720 Verum

506 777 639 823 non
667 759 976 842 impune:
999 770 1032 797 '¹'
1075 758 1359 824 reddunt
1385 779 1666 844 namque
1695 760 2239 845 improbi'parern
2272 759 2710 843 dignitatibus

506 862 749 940 vicem,
795 881 969 945 quas
998 880 1122 925 sua
1151 863 1553 944 contagione
1598 863 2113 929 commaculant.
2200 860 2427 947 Atque
2475 866 2553 926 ut
2597 880 2710 943 ag-

505 983 753 1030 noscas
774 972 800 1001 ⁸
842 984 1064 1029 veram
1093 966 1275 1030 illam
1301 965 1731 1031 reverentiam
1763 984 1881 1048 per
1924 965 2050 1029 has
2080 965 2464 1031 umbratiles
2494 963 2713 1047 digni-

515 1073 690 1132 tates
717 1085 853 1132 non
874 1087 1080 1152 posse
1108 1069 1514 1151 contingere,
1547 1069 1650 1134 sic
1690 1069 1983 1154 collige.⁷
2070 1068 2302 1152 Siquis
2348 1066 2712 1150 multiplici

518 1167 871 1235 consulatu
924 1168 1197 1236 functus
1241 1171 1313 1235 in
1361 1171 1705 1237 Barbaras
1752 1172 2061 1236 nationes
2116 1172 2288 1235 forte
2339 1168 2714 1246 devenerit,

507 1273 1038 1338 venerandumne
1066 1272 1392 1339 Barbaris
1421 1274 1638 1339 honor
1664 1274 1913 1339 faciet?
1936 1284 1963 1310 ⁸
2049 1271 2262 1357 Atqui
2311 1273 2374 1337 si
2418 1271 2552 1335 hoc
2596 1288 2715 1336 na·

510 1375 719 1439 turale
747 1393 990 1440 munus
1020 1376 1458 1459 dignitatibus
1487 1376 1687 1455 foret,
1717 1377 1804 1441 ab
1836 1375 2057 1441 officio
2088 1392 2214 1441 suo
2246 1391 2521 1460 quoquo
2550 1389 2713 1455 gen·-

515 1478 724 1542 tium⁹
763 1479 949 1543 nullo
1000 1480 1209 1545 modo
1239 1487 1626 1546 cessarent:
1674 1480 1857 1544 sieut
1884 1479 2060 1564 ignis
2090 1480 2341 1563 ubique
2370 1482 2710 1553 terrarum,

509 1599 854 1666 nunquam
883 1590 1106 1648 tamen
1135 1584 1354 1649 calere
1383 1584 1667 1658 desistit.
1757 1583 1893 1649 Sed
1940 1582 2261 1669 quoniam
2313 1580 2385 1643 id
2435 1580 2536 1643 eis
2577 1595 2714 1643 non

508 1686 780 1768 propria
810 1686 944 1765 viS,
974 1685 1095 1751 sed
1121 1685 1467 1751 hominum
1494 1685 1707 1751 fallax
1736 1686 2032 1751 annectit
2062 1683 2315 1769 opinio,
2342 1677 2715 1748 vanescunt

509 1786 701 1852 illico
760 1808 912 1853 cum
963 1789 1052 1853 ad
1110 1810 1231 1854 eos
1286 1791 1590 1854 venerint
1641 1790 1760 1874 qni
1812 1790 2176 1871 dignitates
2224 1806 2344 1851 eas
2390 1805 2538 1849 esse
2581 1802 2712 1848 non

490 1889 877 1956 .aestimant.
953 1890 1092 1957 Sed
1119 1894 1245 1957 hoc
1276 1891 1459 1976 apud
1488 1900 1761 1957 exteras
1794 1892 2124 1957 nationes.
2189 1889 2375 1954 Inter
2401 1907 2521 1953 eos
2552 1904 2711 1953 vero

515 1991 699 2075 apud
728 2013 904 2077 quos
935 2001 1105 2058 ortae
1151 1998 1325 2073 sunt,
1377 2014 1537 2059 num
1581 2001 1908 2079 perpetuo
1959 1994 2364 2079 perdurant?
2392 2004 2414 2029 ¹‘
2509 1988 2713 2075 Atqui

511 2095 995 2179 praefectura&
1040 2117 1290 2180 magua
1345 2098 1503 2162 olim
1555 2105 1897 2182 potestas,
1956 2117 2138 2162 nunc
2188 2098 2390 2162 inane
2429 2100 2718 2159 nomen'

2451 2272 2478 2306 ν
2518 2262 2721 2327 Ubique.

1204 401 1510 455 Boss‘rml
1562 405 1658 455 DE
1706 405 2016 457 coNsoL.

577 2270 605 2293 ¹⁸
637 2263 936 2324 Dignitatem

511 2333 536 2359 ⁸
566 2327 770 2379 Minime
788 2343 914 2379 vero.

1064 2274 1087 2298 ⁹
1124 2266 1321 2316 Eadem,
1473 2274 1509 2298 ¹⁰
1542 2264 1659 2316 Sine
1675 2281 1828 2330 poena.
1974 2274 2000 2299 ⁸
2035 2266 2149 2316 Non
2179 2280 2307 2316 sane.

1066 2338 1091 2362 ⁶
1123 2330 1360 2391 Dignitas
1383 2329 1628 2390 Proefecti.

1433 2459 1795 2482 OOO‘OOO0OOOO

512 2530 823 2589 aequente—6
855 2526 1094 2592 [mprobos
1121 2529 1338 2591 dignitas
1366 2531 1486 2581 duae
1508 2530 1626 2582 edd.
1651 2516 1848 2581 nltimae
1880 2527 2262 2592 praedictare-’7
2296 2526 2313 2555 ‘
2330 2522 2463 2574 Mss.
2500 2524 2719 2588 posteri·

512 2606 606 2640 ora
626 2591 716 2640 illa
735 2592 910 2655 verba,
940 2593 1011 2642 sic
1030 2595 1217 2658 collige,
1238 2611 1342 2646 non
1363 2596 1590 2658 habeut3
1621 2605 1676 2647 et
1699 2595 1869 2645 omitti
1893 2608 2018 2644 sane
2035 2593 2230 2656 optime
2253 2590 2510 2656 possunt?
2543 2590 2718 2640 Siton-

511 2656 761 2708 omittunt
784 2657 905 2707 edd.
929 2659 1190 2722 Daph-et
1213 2662 1387 2712 Hack.
1455 2663 1652 2713 Nostra
1693 2663 1819 2712 lect.
1856 2667 1937 2710 est
1972 2674 2037 2707 ex
2072 2657 2157 2707 ed.
2183 2658 2512 2706 Florent.-·8
2544 2657 2561 2682 ‘
2586 2657 2717 2704 Proe·

512 2728 654 2772 tura.-
703 2723 782 2771 Ea
804 2723 963 2774 lectio
984 2722 1087 2775 fuit
1107 2725 1302 2776 codicis
1325 2727 1579 2777 Thuanaei
1615 2725 1859 2777 secundi:
1895 2725 2028 2773 male
2064 2723 2150 2772 alii
2190 2738 2387 2780 omnes,
2413 2718 2725 2785 proefectura,

512 2786 647 2851 qnod
672 2802 856 2838 nomen
877 2789 1022 2853 nihil,
1043 2798 1280 2855 tempore
1298 2791 1505 2878 quidem
1524 2793 1755 2852 Boethii,
1777 2789 2136 2853 significabat!
2168 2787 2341 2838 Vallia.
2371 2789 2388 2815 ⁸
2408 2785 2720 2835 Rectissime

512 2850 618 2902 Ms.
657 2852 857 2904 Erfurt.
893 2855 1046 2918 Atqui
1078 2857 1311 2907 Proetura.
1358 2857 1539 2906 Sitzm.
1592 2858 1819 2906 Praetura
1855 2855 1983 2904 dant
2014 2853 2132 2903 edd.
2151 2852 2345 2918 Delph.
2369 2859 2424 2901 et
2458 2848 2629 2900 Hack.
2663 2856 2719 2898 et

512 2915 652 2968 idem
673 2919 860 2982 probat
882 2920 1093 2972 doctiss.
1114 2922 1199 2974 Ja.
1225 2923 1484 2987 Cujacius.

1512 3035 1728 3087 NOTAE

579 3137 601 3172 5
626 3130 954 3194 Dementia-ea
996 3167 1010 3184 .
1046 3166 1061 3183 .
1097 3133 1313 3196 dignitas
1343 3133 1575 3199 inprobos
1654 3133 1993 3198 dignitatibus
2028 3129 2379 3196 afficerentur,
2415 3130 2470 3180 hi
2503 3142 2728 3195 semper·¹

501 3204 654 3269 facit]
691 3209 998 3260 contemtus
1013 3210 1168 3274 enim,
1185 3217 1373 3275 utpote
1390 3212 1577 3262 honori
1657 3215 1715 3260 et
1734 3210 1923 3276 ubique
1942 3215 2121 3261 essent
2137 3209 2463 3260 honorabiles
2480 3223 2496 3256 ι
2523 3207 2618 3256 sed
2638 3221 2727 3256 res

515 3285 822 3349 contrarius,
871 3287 1185 3338 intrinsecus
1229 3289 1440 3353 quidem
1492 3295 1579 3338 est

513 3363 780 3426 cogitatio,
803 3364 1128 3414 extrinsecus
1162 3378 1286 3414 vero
1315 3373 1444 3415 nota
1465 3381 1579 3429 pes·

515 3438 644 3488 sima
684 3441 854 3490 meriti
893 3442 1082 3491 alienia
1123 3456 1284 3505 quare
1321 3457 1439 3491 cum
1481 3442 1580 3491 im«

516 3516 711 3578 probus
736 3533 800 3567 eo
818 3518 1053 3567 vitiosior
1086 3518 1322 3567 videatur
1342 3532 1444 3584 quo
1461 3520 1580 3569 sab·

512 3592 700 3651 limiori
738 3596 998 3657 dignitate
1037 3593 1258 3645 affectus
1295 3605 1399 3660 est,
1439 3598 1577 3649 sicut

517 3671 713 3720 dictum
737 3679 816 3720 est
838 3673 987 3721 Pron.
1009 3677 1058 3722 6.
1079 3673 1168 3722 lib.
1199 3686 1262 3724 ιι.
1297 3681 1577 3738 propterea

518 3749 535 3776 ‘
559 3748 784 3812 dignitas
817 3748 1078 3812 improbos
1112 3747 1240 3799 facit
1271 3751 1577 3815 abjectiores

519 3824 1012 3890 despectior-esque!
1440 3826 1445 3831 '

582 3909 606 3933 ²
622 3901 779 3964 Atque
798 3908 854 3952 at
873 3917 1118 3967 agnoscas,
1139 3904 1246 3967 qa]
1288 3918 1375 3956 ιιι.
1398 3907 1580 3972 lnquit

517 3978 871 4044 Philosophia,
890 3981 933 4030 si
955 3981 1242 4045 dignitates
1261 3983 1463 4032 ratione
1495 3983 1577 4032 sui

518 4055 714 4119 potins,
755 4071 904 4122 quarn
948 4058 1089 4122 vulgi
1131 4058 1374 4120 opinione
1415 4058 1578 4107 homi·

518 4144 637 4180 nem
662 4132 940 4183 redderent
969 4132 1321 4183 honorabilem
1347 4139 1402 4182 et
1425 4148 1579 4183 vene-

521 4207 766 4271 randum,
781 4209 915 4259 sicut
950 4209 1119 4271 ‘ignis
1141 4222 1348 4272 semper
1378 4214 1435 4258 et
1464 4210 1578 4260 ubi-

520 4297 620 4348 que
662 4291 914 4334 terrarum
952 4285 1125 4348 calet‚’
1161 4285 1236 4334 sic
1269 4286 1580 4353 quicumque

1658 3289 1860 3340 nonita
1880 3303 1937 3338 se
1968 3288 2145 3339 babet.
2200 3288 2433 3338 Primum
2461 3286 2601 3335 enim
2635 3284 2727 3350 qni

1658 3367 1998 3431 dignitatibus
2022 3364 2338 3429 afficiuntur,
2369 3364 2424 3413 hi
2461 3377 2568 3411 non
2602 3369 2727 3412 sunt

1657 3442 1851 3508 ubique
1900 3441 2255 3492 honorabiles:
2310 3454 2433 3489 nam
2477 3438 2494 3466 ‘
2518 3438 2563 3486 si
2606 3438 2730 3502 quis

1657 3518 1938 3583 multiplici
1958 3518 2232 3568 consulatu
2260 3515 2472 3566 functus
2504 3515 2559 3563 in
2590 3515 2727 3564 Bar-

1656 3595 1809 3646 baras
1844 3596 2080 3655 nationes
2111 3593 2252 3645 forte
2284 3591 2596 3655 devenerit‚’
2618 3607 2727 3641 non

1656 3681 1942 3739 propterea
1965 3673 2043 3723 his
2076 3672 2340 3723 videbitur
2371 3670 2729 3732 honorabilis;

1657 3752 1749 3802 sed
1765 3753 1829 3801 iis
1851 3753 2035 3815 solum,
2057 3750 2144 3816 qui
2167 3748 2392 3814 quodam
2414 3746 2728 3811 praejudicio

1657 3830 1979 3879 consulatum
2024 3829 2223 3877 honore
2277 3826 2488 3888 dignum
2535 3824 2725 3873 existi-

1656 3913 1819 3956 mant.
1884 3903 2092 3954 Deinde
2129 3902 2219 3968 qui
2248 3900 2589 3966 dignitatibus
2633 3899 2728 3951 de-

1659 3989 1920 4047 corantur,
1941 3983 1990 4032 hi
2016 3996 2118 4031 non
2142 3992 2350 4043 semper
2366 3977 2614 4027 videntur
2635 3978 2726 4027 bo-

1658 4060 1953 4112 norabiles:
2003 4057 2258 4124 siquidem
2315 4055 2455 4119 apud
2515 4054 2728 4104 easdem

1660 4143 1861 4200 gentes,
1905 4151 2023 4202 quse
2079 4149 2184 4184 uno
2234 4141 2477 4195 tempore
2528 4131 2729 4193 magni,

1657 4213 1740 4262 hae
1778 4214 1882 4264 alio
1914 4212 2064 4278 parvi
2088 4209 2386 4277 penduntur
2408 4207 2729 4272 dignitatem

1660 4304 1780 4340 nam
