3049 4928
523 381 656 459 364

870 547 1172 617 Abstulit
1200 569 1387 616 saevo
1418 551 1711 635 spolium
1739 553 1964 631 leoni:

1231 401 1537 450 Bott'rfln
1590 403 1686 452 DE
1734 403 1966 454 CONSO
1980 406 2039 456 L.

2647 554 2729 619 15

871 652 1059 719 Fixit
1083 660 1152 720 et
1180 656 1384 721 certis
1409 656 1724 725 volucres
1755 659 2057 742 sagittis:
2078 654 2100 694 f

870 755 1089 823 Poma
1116 761 1412 826 cernenti
1439 762 1670 846 rapuit
1698 761 2024 841 draconi,⁸

868 857 1098 926 Aureo
1128 861 1309 928 laeva
1329 862 1377 901 ¹⁸
1424 865 1690 948 gravior
1717 865 2024 932 metallo:

868 960 1217 1029 Cerberum
1249 958 1467 1033 traxit
1497 967 1753 1052 triplici
1793 975 2040 1035 catena
2059 988 2078 1034 ε
2096 964 2125 1005 ¹¹

865 1063 1108 1133 Victor
1136 1066 1496 1139 immitemi
1545 1068 1855 1155 posuisse
1881 1068 2088 1136 fertur

2648 1072 2729 1137 20

868 1168 1203 1249 Pabulum
1231 1174 1438 1240 saevis
1468 1173 1817 1249 dominum
1845 1174 2227 1260 quadrigis:

520 1349 760 1402 abstraxit
792 1355 959 1417 pellem
981 1372 1012 1407 a
1029 1357 1159 1407 leone
1179 1356 1377 1420 crudeli,
1399 1355 1662 1418 transfodit
1691 1372 1803 1411 aves
1835 1357 2189 1422 Stymphalides
2208 1357 2318 1408 telis
2339 1354 2693 1409 inevitabilibus
2710 1370 2727 1404 .·

520 1416 715 1493 abstalit
746 1433 885 1482 poma
920 1423 1127 1486 serpenti
1165 1423 1328 1484 vigili,
1360 1436 1533 1484 gerens
1565 1436 1708 1472 manu
1745 1425 1985 1473 metallum
2005 1438 2216 1472 aureum.
2285 1423 2454 1471 Duxit
2482 1421 2731 1470 Cerberum

517 1484 780 1545 tricipitem
799 1485 951 1536 tribas
972 1487 1190 1537 vinculis.
1256 1489 1545 1539 Perhibetur
1565 1487 1716 1537 victor
1733 1489 1989 1552 prebuisse
2023 1489 2304 1539 Diomedem
2339 1488 2577 1537 crudelem
2599 1488 2730 1536 devo-

518 1549 721 1598 randum
738 1552 839 1600 suis
858 1554 989 1616 equis
1009 1553 1287 1605 crudelibus.
1363 1554 1553 1604 Victore
1585 1556 1744 1605 eodem
1777 1554 1987 1607 Hercule
2020 1569 2210 1619 serpens
2247 1553 2509 1606 multorum,
2525 1551 2729 1616 capitam

1518 1680 1736 1744 No'rAE

518 1774 679 1827 iidem
714 1776 782 1829 ad
811 1784 1017 1831 antrum
1051 1780 1224 1844 Pholi,
1258 1779 1348 1846 qui
1383 1779 1587 1831 Hercu-

515 1853 618 1902 lem
658 1862 965 1917 susceperat
999 1856 1247 1921 hospitio,
1269 1856 1416 1922 quasi
1451 1856 1587 1921 inju-

516 1930 648 1978 riam
672 1931 866 1982 illaturi
888 1933 1254 1984 accurrissent.

583 2012 607 2039 ⁸
620 2008 836 2057 Abstulit
851 2025 975 2059 soevo
995 2011 1196 2076 spolium
1216 2011 1364 2076 leoni]
1389 2011 1585 2062 Secun-

521 2081 616 2132 dus
642 2082 885 2134 Herculis
909 2085 1075 2136 labor.
1112 2086 1176 2137 In
1200 2088 1350 2151 sylva
1368 2089 1586 2138 Nemaea

518 2159 601 2208 leo
635 2166 755 2210 erat
791 2162 1160 2226 magnitudinis
1184 2165 1470 2229 inusitatae,
1493 2181 1584 2216 ne·

521 2250 623 2301 que
654 2235 796 2287 ferro
834 2254 1008 2305 neque
1042 2256 1147 2291 aere
1201 2243 1579 2306 penetrabilis:

520 2312 660 2363 unde
680 2314 815 2374 hunc
836 2315 901 2367 de
924 2318 1052 2368 coelo
1070 2319 1274 2384 lapsum
1298 2319 1544 2370 dicebant
1566 2338 1580 2370 ε

516 2390 742 2441 ettndem
787 2402 1094 2458 persecutus
1153 2397 1413 2448 Hercules
1471 2398 1585 2448 sola

517 2482 761 2520 manuum
798 2473 849 2523 vi
886 2472 1179 2539 interfecit,
1212 2475 1586 2543 interfectique

516 2548 657 2610 pelle
702 2550 818 2599 telis
848 2551 1105 2617 impervia
1137 2554 1378 2614 vestitus,
1413 2552 1587 2620 quoad

520 2624 677 2696 vixit,
700 2625 930 2679 incessit.

583 2700 606 2733 f
631 2703 777 2755 Fixit
820 2711 869 2756 et
917 2708 1060 2758 certis
1103 2709 1312 2760 volucres
1364 2708 1587 2773 sagittis]

518 2776 730 2832 Tertius
753 2783 1000 2836 Herculis
1019 2787 1183 2839 labor.
1206 2788 1348 2839 Aves
1372 2789 1586 2853 aStym-

516 2858 670 2922 phalo
709 2862 859 2926 urbe,
898 2871 1095 2929 monte,
1135 2873 1227 2916 aut
1265 2867 1385 2916 lacu
1421 2865 1584 2916 dictae

514 2938 920 3008 Stymphalides,
936 2951 1099 2995 tantae
1122 2946 1489 3010 magnitudinis
1507 2945 1587 2996 fe-

514 3015 786 3082 rebantur,
831 3025 891 3071 ut
927 3019 1097 3072 radios
1131 3022 1264 3071 Solis
1311 3022 1586 3071 obumbra-

515 3101 654 3155 rent,
675 3100 942 3161 tantaeque
969 3101 1295 3165 rapacitatis,
1319 3107 1381 3150 ut
1413 3106 1585 3150 totam

514 3167 798 3221 Arcadiam
836 3172 1193 3227 devastarent.
1281 3178 1395 3227 Has
1444 3177 1583 3227 Her·

515 3247 679 3309 eules,
709 3254 771 3298 ut
805 3249 882 3299 ait
918 3250 1183 3303 Diodorus
1214 3255 1420 3303 Siculus
1443 3254 1479 3303 1.
1504 3269 1582 3304 tv.

517 3329 827 3375 constructo
866 3341 1015 3377 aeneo
1054 3331 1380 3396 crepitaculo
1415 3337 1473 3381 et
1506 3331 1585 3381 in-

516 3407 675 3464 gente
698 3416 795 3466 per
816 3402 871 3452 id
911 3405 1086 3455 sonitu
1111 3408 1345 3458 excitato
1369 3407 1584 3472 abegit;

517 3482 609 3527 aut
644 3479 836 3541 potius,
857 3485 921 3529 ut
942 3480 1181 3553 Catullus
1220 3486 1325 3534 suis
1350 3486 1582 3535 versibus

517 3556 756 3620 exponit,
799 3558 1006 3622 sagittis
1045 3561 1151 3610 suis
1187 3562 1425 3612 confixit.
1496 3564 1585 3614 De

513 3634 592 3684 his
611 3634 790 3684 avibus
819 3637 1091 3687 Lucretius
1113 3639 1151 3688 1.
1173 3652 1228 3688 v.
1277 3640 1294 3669 ‘
1312 3638 1581 3705 Uncisque

516 3710 760 3761 timendae
784 3711 1058 3775 Unguibus
1075 3712 1315 3764 Arcadiae
1339 3716 1578 3767 volucres

516 3789 822 3854 Stymphala
840 3790 1112 3841 colentes.’

579 3872 608 3908 ε
641 3866 791 3915 Poma
812 3868 1024 3917 cernenti
1055 3869 1215 3933 rapuit
1236 3870 1450 3935 draconi,
1473 3872 1607 3937 lfa]

518 3942 749 3995 Quartus
773 3943 1022 3994 Herculis
1041 3945 1207 3998 labor.
1252 3946 1585 4012 Hesperides

516 4020 639 4071 filiae
652 4021 903 4086 Hesperi,
917 4022 1005 4089 qui
1027 4021 1191 4074 frater
1211 4025 1440 4076 Atlantis
1462 4025 1587 4090 fnit;

516 4098 769 4149 videlicet
787 4100 951 4164 AEgle‚
965 4098 1248 4167 Arethusa,
1269 4111 1327 4154 et
1343 4104 1580 4169 Hesper-

520 4175 727 4238 ethusa,
766 4175 830 4225 ad
855 4177 1039 4228 Lixum
1071 4180 1407 4231 Mauritaniae
1433 4182 1582 4245 oppi-

517 4252 639 4303 dum
662 4251 901 4304 feruntur
915 4256 1095 4307 hortos
1108 4257 1386 4307 incoluisse
1410 4258 1581 4308 aureis

514 4329 781 4381 arboribus
821 4332 1097 4401 pretiosos,
1135 4340 1192 4384 et
1224 4350 1255 4384 a
1288 4334 1429 4398 vigili
1463 4334 1581 4385 dra·

1668 1794 1800 1833 cone
1822 1780 2129 1835 custoditos.
2159 1782 2264 1834 Sed
2282 1781 2561 1835 draconem
2575 1781 2730 1832 inter-

1666 1856 1800 1910 fecit
1819 1859 2095 1924 Hercules,
2113 1861 2418 1927 fructusque
2440 1859 2644 1910 ablatos
2669 1858 2735 1911 ad

1667 1937 1910 2001 vitricum
1963 1940 2316 2004 Eurystheum
2374 1937 2584 1988 detulit.
2651 1938 2731 1986 Ex

1664 2014 1754 2066 illo
1786 2016 2141 2081 Hesperidum
2177 2018 2329 2077 horto
2352 2016 2534 2066 Venus
2562 2014 2732 2079 fertur

1666 2093 1939 2157 accepisse
1957 2096 2096 2145 mala
2117 2109 2295 2157 aurea,
2317 2093 2502 2159 quibus
2533 2091 2734 2156 disper·

1665 2169 1737 2221 sis
1761 2170 2126 2236 Hippomenes
2151 2171 2451 2221 Atalantam
2475 2183 2627 2219 cursu
2651 2183 2733 2217 su-

1665 2248 1891 2312 peravit.
1947 2249 1963 2277 ‘
1981 2245 2192 2298 Laeva'm
2216 2246 2425 2312 gravior
2444 2245 2480 2295 :’
2499 2245 2732 2309 intellige

1665 2326 1797 2375 hanc
1822 2326 2152 2389 particulam,
2188 2325 2205 2354 ‘
2228 2321 2562 2374 secundum?
2595 2323 2733 2372 sicut

1666 2401 1892 2467 Virgilio
1927 2401 2124 2452 dicitur
2161 2414 2202 2451 1.
2225 2402 2343 2450 AEn.
2383 2414 2458 2449 vs.
2488 2403 2605 2450 598.
2638 2399 2731 2448 ‘os

1664 2479 2006 2546 humerosque
2027 2480 2143 2530 Deo
2162 2477 2378 2528 similis.’

1741 2556 1768 2592 ¹¹
1805 2560 2073 2609 Cerberum
2099 2558 2257 2609 traxit
2311 2554 2491 2620 triplici
2539 2552 2730 2616 mm]

1667 2637 1896 2691 Quintus
1929 2636 2184 2687 Herculis
2226 2635 2392 2687 labor.
2460 2633 2727 2683 Pirithous

1663 2714 1864 2766 Ixionis
1919 2713 2078 2777 filius,
2142 2718 2349 2763 mortua
2395 2710 2727 2777 Hippodame

1665 2805 1851 2855 uxore,
1881 2789 2128 2841 convenit
2150 2805 2267 2839 cum
2284 2789 2506 2851 Theseo,
2537 2787 2726 2835 nnllam

1666 2876 1727 2922 ut
1750 2884 1963 2920 uxorem
1987 2868 2088 2920 nisi
2113 2883 2180 2917 ex
2208 2867 2346 2919 Jove
2378 2872 2552 2916 natam
2577 2864 2726 2915 duce·

1669 2952 1804 2996 rent.
1839 2945 1983 2996 Hinc
1999 2945 2228 2994 Theseus
2250 2943 2505 2993 Helenam
2530 2940 2727 3006 rapuit:
2798 3007 2799 3010 Ἴ

1668 3024 1943 3076 Pirithous
1980 3039 2107 3074 vero
2145 3022 2428 3073 meditatus
2462 3019 2728 3084 Proserpi-

1665 3116 1786 3154 nam
1823 3101 2063 3152 Plutonis
2103 3100 2377 3164 conjugem
2417 3113 2626 3164 rapere,
2649 3111 2729 3147 co-

1665 3180 1976 3231 mitantibus
1997 3182 2200 3231 Theseo
2215 3187 2270 3229 et
2289 3179 2543 3239 Hercule,
2563 3177 2626 3227 ad
2645 3176 2728 3226 In·

1668 3256 1809 3306 feros
1852 3257 2142 3319 descendit.
2209 3258 2405 3307 Verum
2460 3247 2726 3305 Pirithous

1666 3334 1834 3397 primo
1857 3334 2059 3399 impetu
2093 3349 2124 3383 a
2166 3333 2400 3384 Cerbero
2420 3331 2727 3383 interfectus

1666 3417 1769 3473 est,
1792 3410 1876 3461 cni
1901 3425 2020 3460 cum
2055 3410 2283 3460 Theseus
2306 3424 2461 3475 opem
2484 3407 2625 3458 ferre
2648 3422 2726 3456 co·

1665 3494 1898 3550 naretur,
1937 3486 2088 3537 vivus
2131 3488 2183 3536 in
2223 3486 2371 3537 Ditis
2408 3490 2725 3552 potestatem

1667 3564 1928 3630 pervenit,
1967 3570 2024 3615 et
2068 3563 2136 3613 ab
2181 3578 2244 3614 eo
2291 3563 2519 3625 vinctus,
2565 3562 2726 3611 donec

1667 3642 1929 3692 Hercules
1972 3640 2258 3691 Cerberum
2313 3641 2598 3706 tricipitem
2643 3637 2727 3687 tri·

1659 3720 1783 3785 plici
1799 3726 1988 3770 catena
2005 3720 2236 3769 vinctum
2251 3725 2476 3768 teneret.
2504 3718 2589 3767 De
2603 3716 2726 3766 Cer·

1668 3798 1795 3848 bero
1819 3797 2046 3848 diximus
2065 3797 2243 3847 Metro
2258 3800 2338 3845 12.
2363 3795 2450 3847 lib.
2474 3808 2565 3843 nt.

1735 3873 1751 3909 ¹
1785 3876 1948 3926 Victor
1975 3875 2224 3933 iminitem‚
2243 3871 2351 3936 qen]
2385 3873 2575 3923 Sextus
2594 3868 2721 3919 Her-

1668 3952 1798 4003 culis
1822 3950 2013 4001 Labor.
2046 3949 2331 3999 Diomedes
2360 3950 2472 3998 Rex
2496 3946 2724 3997 Thraciae

1666 4030 1685 4058 ⁴
1708 4029 1786 4079 sic
1810 4043 2004 4093 parcus
2025 4026 2207 4077 hordei
2230 4024 2371 4089 fnit,’
2395 4024 2564 4092 inquit
2585 4022 2722 4088 Apu-

1666 4106 1797 4156 leius
1818 4106 1859 4156 l.
1879 4119 1985 4157 vu.
2005 4104 2143 4155 Met.
2165 4105 2182 4133 ⁶
2200 4109 2258 4154 ut
2271 4102 2510 4153 edacium
2524 4102 2726 4166 jumen·

1660 4192 1830 4234 torum
1862 4182 2049 4233 famem
2085 4194 2361 4245 corporum
2393 4180 2718 4229 humanorum

1661 4260 1944 4325 largitione
1959 4258 2170 4309 sedaret
2180 4256 2212 4307 :’
2231 4256 2370 4307 unde
2394 4255 2555 4306 Ovid.
2586 4253 2718 4303 ‘Non

1663 4337 1762 4388 tibi
1783 4336 2044 4387 succurrit
2065 4334 2216 4386 crudi
2245 4333 2522 4385 Diomedis
2545 4332 2717 4392 imago,
