3049 4928
519 405 647 472 136

1220 424 1523 472 BoB‘rHu
1583 424 1674 472 DE
1721 423 2029 474 CONSOL.

1038 567 1343 647 Quernas
1359 568 1593 652 'pergit
1612 571 1664 604 ¹0
1709 568 1797 634 ad
1826 565 2141 634 arbores!

1033 671 1401 757 Nunquam
1430 691 1845 757 purpureum
1873 691 2103 738 nemus
2124 683 2150 718 ⁸

1034 774 1357 840 Lecturus
1389 775 1603 840 violas
1633 781 1854 857 petaS,

1035 877 1204 942 Cum
1237 879 1443 943 saevis
1471 877 1929 963 Aquilonibus

1032 981 1333 1047 Stridens
1361 1000 1645 1065 campus
1676 981 2037 1046 inhorruit:
2119 969 2123 974 ’

2632 984 2715 1048 10

498 1192 718 1254 frug-um,
758 1195 801 1245 is
837 1197 1001 1244 tendat
1040 1196 1100 1244 ad
1138 1210 1332 1258 quercus
1364 1194 1677 1257 glandiferas.
1749 1197 2003 1259 Nunquam
2025 1195 2167 1243 adeas
2188 1195 2366 1259 sylvam
2388 1193 2629 1257 pulchram
2654 1193 2714 1240 ad

508 1261 792 1322 colligendas
812 1260 977 1321 violas,
1001 1260 1081 1309 ubi
1101 1276 1220 1323 ager
1241 1260 1460 1310 turbatus
1480 1261 1639 1318 suerit
1661 1262 1898 1324 crepitans
1920 1259 2233 1323 Aquilonibus
2266 1258 2545 1309 crudelibus.
2612 1259 2711 1306 Ne·

1503 1392 1552 1441 N
1557 1391 1716 1440 OTAE

571 1485 594 1517 f
612 1487 828 1543 Quernas
846 1490 1007 1551 pergit
1035 1490 1254 1555 [pergat]
1277 1493 1338 1540 ad
1360 1491 1575 1557 arbores]

507 1563 626 1613 Hoc
647 1571 747 1625 est,
769 1565 834 1614 ad
858 1581 1080 1630 quercus
1099 1566 1437 1632 glandiferas,
1460 1575 1572 1616 tan-

505 1656 657 1705 quam
704 1642 770 1692 ad
817 1642 1005 1706 primas
1050 1644 1309 1693 homiuum
1344 1644 1573 1707 altrices,

506 1716 792 1782 confugiat.
885 1720 1126 1771 Quercus
1188 1721 1338 1771 arbos
1382 1721 1571 1786 cuique

503 1798 643 1843 nota.
723 1793 859 1843 Haec
914 1804 1039 1845 ante
1097 1798 1334 1848 inventas
1393 1797 1569 1861 fruges

502 1868 706 1932 populis
758 1869 1063 1934 quibusdam
1122 1873 1314 1924 dicitur
1366 1875 1562 1924 victum

501 1945 891 2009 suppeditasse:
944 1948 1081 1999 unde
1118 1951 1305 2015 Virgil.
1329 1966 1366 2001 r.
1403 1951 1563 2002 Geor.

503 2036 577 2071 vs.
621 2026 732 2073 169.
796 2025 813 2052 ‘
837 2024 1202 2091 concussaque
1262 2026 1452 2077 famem
1509 2028 1562 2077 in

500 2099 658 2161 sylvis
679 2100 917 2151 solabere
941 2102 1176 2166 quercu.’
1241 2105 1420 2155 Quare
1444 2118 1564 2154 cum

501 2177 665 2239 glans,
686 2175 839 2240 hujus
862 2177 1059 2228 arboris
1092 2177 1309 2240 fructus,
1341 2195 1442 2229 non
1465 2181 1564 2230 nisi

499 2260 617 2317 post
638 2261 873 2317 segetum
897 2269 1116 2305 messem
1149 2257 1431 2321 adolescat,
1450 2258 1563 2308 haec

499 2330 715 2379 diversis
735 2333 1054 2395 temporibus
1087 2333 1164 2384 ita
1188 2336 1406 2385 astricta
1427 2342 1565 2398 sunt,

498 2413 559 2458 nt
598 2408 642 2457 si
683 2414 737 2458 te
776 2423 926 2472 seges
965 2418 1249 2476 expectata
1284 2410 1492 2475 fefellit,
1533 2428 1565 2462 a

499 2485 712 2548 quernis
757 2486 1029 2536 arboribus
1079 2488 1199 2539 olim
1258 2489 1562 2552 glandiferis

497 2563 671 2626 fruges
694 2580 906 2629 sperare
936 2567 1117 2631 possis.
1182 2568 1270 2619 Sic
1314 2583 1439 2633 ergo
1473 2584 1560 2618 ex·

496 2642 667 2705 emplo
692 2643 869 2692 messis
895 2643 1161 2708 probatur,
1199 2660 1288 2694 sua
1321 2659 1433 2696 esse
1456 2646 1561 2695 sin-

497 2719 626 2782 gulis
658 2719 811 2770 rebus
851 2726 1110 2785 tempora,
1149 2722 1395 2773 divinitus
1428 2738 1561 2787 prae-

494 2795 709 2861 scripta.

558 2879 582 2913 8
626 2873 878 2936 Nunquam
919 2888 1207 2939 purpureum
1254 2875 1438 2939 uenum]
1494 2889 1559 2925 n.

491 2949 746 3013 Exemplo
755 2948 937 3000 florum
954 2951 1203 3016 probatur
1216 2953 1393 3009 etiam,
1413 2967 1561 3001 suum

491 3027 676 3091 cuique
699 3028 776 3076 rei
798 3030 1074 3087 convenire
1095 3036 1298 3092 tempus
1318 3046 1333 3076 ε
1367 3028 1560 3091 siguifi-

491 3102 969 3166 caturenim,flores
982 3104 1069 3170 qui
1081 3112 1266 3169 sponte
1284 3103 1428 3153 nasci
1441 3119 1560 3153 con-

492 3189 794 3242 sueverunt,
848 3181 1039 3246 quique
1093 3194 1230 3230 nunc
1282 3180 1557 3229 nominatis

491 3257 506 3284 ‘
534 3257 711 3307 violis’
736 3259 1119 3321 intelliguntur,
1139 3273 1242 3308 non
1277 3272 1392 3307 esse
1414 3274 1557 3323 quae-

490 3334 676 3383 rendos
719 3342 958 3398 tempore
996 3335 1235 3399 hyemali,
1269 3350 1372 3401 quo
1409 3335 1557 3385 saevi·

492 3415 586 3459 unt
632 3409 934 3474 Aquilones‚
973 3424 1069 3473 per
1112 3425 1424 3476 purpureum
1466 3426 1556 3461 ue·

487 3501 634 3536 mus:
692 3500 852 3550 quare
908 3486 1100 3550 aliquid
1156 3486 1433 3537 dicendum
1488 3489 1556 3538 de

490 3577 753 3627 purpureo
793 3577 1021 3625 nemore,
1071 3562 1138 3612 de
1185 3564 1348 3625 violis,
1388 3572 1444 3614 et
1485 3567 1554 3616 de

488 3638 855 3705 Aquilonibus.
921 3639 1245 3702 Purpureum
1288 3641 1477 3691 dicitur
1521 3659 1554 3693 a

489 3729 738 3780 purpura.
802 3716 897 3764 Est
924 3730 1046 3765 vero
1081 3731 1310 3780 purpura
1341 3720 1551 3770 conclioe

487 3808 667 3858 genus,
695 3793 842 3856 cujus
877 3794 1077 3859 liquore
1112 3796 1235 3845 olim
1260 3804 1428 3849 vestes
1452 3797 1552 3847 tin-

486 3871 762 3935 gebantur.
830 3872 982 3923 Quod
1009 3881 1179 3924 autem
1207 3875 1316 3939 jam
1343 3891 1373 3925 a
1395 3877 1553 3939 longo

485 3956 720 4011 tempore
757 3949 1007 3999 Veterum
1051 3967 1280 4016 purpura
1317 3952 1553 4017 desierit,

485 4030 765 4088 propterea
789 4026 1004 4077 inducta
1033 4028 1180 4093 liujus
1216 4028 1357 4079 vocis
1396 4028 1553 4079 ambi-

486 4101 707 4163 guitate,
725 4117 1017 4167 purpureus
1042 4112 1260 4155 vocatur
1281 4119 1418 4154 nunc
1442 4105 1554 4170 qui-

485 4179 602 4228 dem
643 4180 658 4207 ‘
690 4180 904 4244 nigror,'
945 4187 1004 4230 ut
1063 4180 1201 4244 apud
1248 4181 1551 4230 Ciceronem
1596 4231 1601 4237 ,

485 4270 628 4305 mare
671 4257 955 4320 nigricans,
1011 4270 1354 4320 purpureum:
1408 4255 1549 4320 apud

487 4331 734 4382 Ovidium
755 4348 870 4383 uvae
911 4334 1092 4398 nigrae,
1128 4346 1437 4397 purpureae;
1489 4339 1548 4384 et

1652 1489 1792 1552 apud
1838 1487 2123 1538 Homerum
2173 1501 2309 1537 mors
2363 1493 2477 1536 atra
2523 1485 2716 1536 dicitur

1653 1578 1945 1629 purpurea:
1981 1579 2119 1614 nnnc
2156 1566 2173 1593 ‘
2192 1562 2424 1627 candor,’
2455 1563 2590 1612 sicut
2609 1563 2717 1614 Ho-

1653 1641 1785 1690 ratio
1810 1642 1979 1690 olores
2012 1640 2278 1705 purpurei,
2312 1645 2368 1688 et
2403 1638 2600 1689 Ovidio
2623 1639 2713 1688 nix

1654 1726 1868 1769 vocatur
1888 1735 2184 1784 purpurea:
2224 1734 2362 1769 nunc
2392 1718 2409 1746 ‘
2436 1717 2630 1776 rubor,'
2654 1724 2714 1766 ut

1651 1795 1886 1846 omnibns
1928 1796 2107 1846 Poetis
2138 1811 2286 1860 geuae
2320 1809 2619 1860 purpurea»,
2658 1800 2715 1844 et

1650 1875 1856 1939 sanguis
1890 1889 2216 1939 purpureus:
2251 1888 2387 1924 nuuc
2408 1878 2424 1902 ‘
2448 1873 2594 1922 color
2608 1887 2712 1922 coe-

1650 1949 1861 2012 ruleus,'
1903 1956 1962 2000 ut
2012 1949 2149 2013 apud
2195 1950 2472 2014 Virgilium
2519 1951 2535 1978 ‘
2562 1949 2710 1999 violae

1649 2028 1890 2078 sublucet
1928 2043 2158 2093 purpura
2204 2027 2418 2091 nigrae:’
2463 2042 2601 2078 nunc
2625 2041 2713 2079 co-

1646 2107 1726 2156 lor
1749 2106 1986 2170 quilibet,
2019 2107 2207 2172 quique
2245 2121 2311 2155 ex
2339 2105 2428 2155 illo
2451 2104 2595 2156 nasci
2631 2119 2712 2154 so-

1643 2185 1720 2234 let
1744 2183 1931 2233 decor:
1989 2185 2005 2212 ‘
2032 2180 2396 2248 pulchritudo'
2437 2182 2596 2242 enim,
2627 2180 2715 2245 ju·

1643 2261 1760 2310 dice
1789 2261 1957 2310 Tullio
1997 2275 2079 2310 rv.
2122 2262 2275 2309 Tusc.
2318 2258 2335 2286 ⁴
2358 2265 2440 2308 est
2472 2256 2711 2323 quaedam

1645 2344 1768 2402 apta
1791 2336 1957 2401 figura
1990 2336 2335 2386 membrorum
2370 2349 2487 2384 cnm
2517 2334 2710 2384 coloris

1645 2416 1868 2482 quadam
1908 2414 2201 2466 suavitate?
2265 2415 2352 2464 Sic
2388 2413 2574 2479 virgil.
2599 2413 2712 2463 Ecl.

1644 2507 1726 2543 εκ.
1770 2509 1849 2543 vs,
1892 2497 1976 2543 40.
2053 2494 2069 2521 ‘
2095 2493 2200 2543 Hic
2238 2507 2330 2543 ver
2372 2506 2708 2556 purpureum,

1642 2568 1813 2619 varios
1835 2569 1918 2619 hic
1950 2566 2165 2618 fiumina
2186 2570 2381 2618 circum
2405 2567 2599 2618 Fundit
2618 2567 2709 2617 hu·

1640 2660 1753 2694 mus
1775 2643 1959 2694 flores:
2010 2644 2094 2694 hic
2117 2644 2337 2693 candida
2363 2643 2585 2708 populus
2620 2656 2708 2692 an-

1641 2729 1724 2772 tro
1747 2722 2010 2787 Imminet,
2030 2728 2085 2770 et
2108 2721 2264 2771 lentae
2291 2728 2476 2770 texunt
2501 2719 2705 2769 umbra-

1641 2800 1757 2849 cula
1779 2797 1949 2850 vites!
2015 2797 2192 2862 Atque
2214 2798 2313 2848 hoc
2337 2797 2519 2847 ultimo
2553 2795 2708 2846 modo

1641 2876 1919 2937 credimus,
1958 2889 2139 2924 nemus
2175 2890 2310 2924 nunc
2343 2874 2515 2923 vocari
2554 2874 2712 2937 ‘pur-

1642 2951 1898 3017 pureum’
1944 2954 2205 3002 Violarum
2229 2953 2330 3002 duo
2354 2961 2473 3001 sunt
2495 2964 2706 3015 genera,

1642 3035 1701 3079 ut
1724 3029 1988 3094 colligitur
2009 3044 2074 3079 ex
2107 3028 2281 3078 Plinio
2304 3028 2339 3077 1.
2364 3039 2484 3076 xxx.
2518 3041 2634 3090 cap.
2658 3030 2707 3076 6.

1641 3106 1774 3156 Aliae
1818 3114 2026 3164 natura,
2062 3106 2176 3155 aliae
2223 3111 2339 3154 arte
2390 3111 2703 3167 nascuntur:

1638 3183 1953 3248 posteriores
1989 3184 2040 3232 in
2079 3182 2263 3246 hortis,
2309 3180 2509 3246 priores
2543 3180 2704 3230 etiam

1637 3261 1689 3309 in
1710 3261 1896 3325 sylvis:
1931 3260 2000 3310 de
2039 3260 2098 3309 iis
2139 3267 2309 3308 autem
2349 3258 2541 3321 agitur,
2565 3271 2702 3321 quas,

1636 3346 1695 3387 ut
1718 3338 1795 3388 ait
1815 3338 1948 3387 idem
1989 3337 2209 3400 Plinius,
2249 3336 2265 3363 ‘
2290 3342 2477 3399 sponte
2512 3332 2704 3399 apricis

1637 3424 1693 3465 et
1723 3415 1912 3465 macris
1936 3415 2064 3463 locis
2088 3412 2396 3478 proveniunt
2420 3425 2700 3475 purpurea:

1636 3493 1819 3542 latiore
1864 3490 2021 3540 folio!
2098 3488 2288 3554 Aquilo
2346 3487 2568 3551 denique
2622 3492 2703 3536 est

1637 3577 1840 3631 ventus,
1861 3570 1949 3634 qui
1987 3575 2122 3617 teste
2160 3566 2335 3616 Plinio
2369 3566 2404 3615 l.
2438 3579 2502 3616 11.
2536 3580 2582 3615 c.
2619 3568 2702 3615 47.

1635 3646 1774 3696 inter
1812 3644 2248 3708 Septemtrionem
2285 3649 2340 3692 et
2372 3642 2563 3692 Ortum
2588 3642 2700 3692 Sol·

1633 3721 1879 3771 stitialem
1901 3735 1930 3770 e
1959 3721 2173 3785 regione
2209 3719 2362 3769 Cauri
2388 3717 2495 3768 flat.
2561 3719 2700 3768 Ven-

1634 3803 1717 3845 tus
1752 3803 1925 3845 autem
1959 3795 2045 3844 ille
2082 3794 2328 3860 frequens
2368 3800 2451 3843 est
2484 3794 2700 3859 hyeme:

1633 3887 1791 3937 qnare
1814 3872 1991 3937 hyems
2013 3872 2189 3921 Plinio
2213 3871 2408 3920 dicitur
2452 3876 2468 3900 ⁴
2488 3870 2701 3935 Aquilo·

1633 3946 1758 4009 nia,'
1781 3957 1835 3998 et
1874 3947 2069 4011 Poetis,
2112 3947 2321 4010 ‘rigidis
2356 3946 2699 4012 Aquilonibus

1632 4026 1845 4074 horrens
1863 4023 1898 4074 :'
1941 4024 2080 4074 unde
2101 4025 2117 4052 ‘
2141 4024 2295 4073 saevis
2320 4023 2663 4088 Aquilonibus
2682 4023 2697 4046 ’

1634 4114 1770 4150 nunc
1794 4098 2136 4164 significatur,
2156 4099 2313 4149 violas
2337 4099 2387 4148 in
2409 4099 2569 4163 sylvis
2591 4114 2697 4150 non

1631 4190 1745 4226 esse
1769 4174 2076 4241 quarendus
2110 4175 2320 4238 hyeme:
2378 4190 2543 4238 usque
2564 4175 2697 4226 adeo

1630 4252 1870 4316 exemplo
1893 4249 2075 4300 florum
2111 4250 2383 4314 probatur,
2406 4265 2553 4301 suum
2588 4252 2699 4302 cui·

1629 4343 1730 4399 que
1756 4328 1833 4380 rei
1856 4327 2137 4383 convenire
2157 4334 2379 4392 tempus.
