3049 4928
1025 388 1545 440 PHILOSOPHIAE
1596 388 1736 435 LIB.
1785 390 1836 436 1.

2402 368 2536 433 135

849 538 1021 630 Turn
1053 536 1172 620 qui
1201 536 1386 619 larga
1415 531 1811 617 negantibus

850 639 1075 705 Sulcis
1105 638 1363 702 semina
1390 634 1725 713 credidit:¹

856 741 1152 807 Elusus⁹
1198 740 1460 806 Cereris
1490 738 1678 817 fide:
2488 736 2535 800 5

328 926 571 978 mandavit
594 926 743 977 terris
767 926 1008 976 sterilibus
1027 929 1277 976 sementem
1304 924 1557 988 copiosam,
1586 924 1802 987 deceptus
1818 923 2047 986 promisso
2082 920 2289 986 Cereris,
2319 918 2538 971 Numinis

1262 1038 1294 1056 Ο

1535 1036 1625 1056 m

390 1126 424 1171 0
454 1123 603 1173 Vict.
631 1122 865 1187 primus:
900 1121 1213 1171 illum—10
1249 1118 1384 1169 Edd.
1406 1118 1597 1182 Delph.
1620 1125 1677 1168 et
1696 1117 1865 1168 Hack.
1877 1121 2067 1182 pergat.

1327 1248 1545 1301 NOTAE

332 1350 507 1414 Junio,
525 1357 642 1400 turn
664 1350 816 1401 nobis
836 1350 972 1400 diem
996 1350 1191 1400 aestatis
1209 1348 1399 1412 longis·

335 1426 512 1476 simum
537 1427 623 1477 ita
644 1426 823 1489 efficit,
845 1435 904 1478 ut
927 1442 1029 1478 uon
1048 1426 1265 1477 ulterius
1290 1440 1401 1475 ver-

333 1517 417 1554 sus
461 1504 909 1565 septemtrionem
942 1502 1299 1568 progrediens,
1335 1500 1402 1550 ad

333 1579 620 1629 Meridiem
662 1577 945 1629 deflectere
980 1579 1229 1643 incipiat:
1281 1577 1404 1626 hinc

335 1655 583 1717 circulus,
631 1670 785 1719 quem
844 1655 1146 1706 Astronomi
1203 1660 1406 1720 ponunt

334 1746 426 1796 per
442 1732 675 1797 primum
689 1733 840 1796 hujus
852 1734 987 1797 signi
1005 1733 1223 1797 gradum
1239 1738 1406 1782 trans·

334 1809 434 1872 ire,
479 1816 710 1860 vocatur
763 1809 1019 1874 Tropicus
1066 1808 1276 1870 Cancri,
1317 1807 1407 1858 ubi

337 1886 632 1936 Solstitium
667 1886 931 1936 aestivum:
989 1886 1126 1935 unde
1165 1884 1346 1934 Manil.
1369 1885 1405 1934 l.

338 1976 425 2015 111.
457 1965 476 1993 ‘
499 1962 693 2012 Cancri
717 1977 834 2012 cum
857 1963 1025 2012 sidere
1046 1961 1276 2012 Phoebus
1294 1962 1406 2012 Sol-

341 2040 547 2090 stitiurn
604 2038 726 2100 fuit,
797 2046 852 2089 et
922 2054 1121 2088 summo
1171 2045 1409 2088 versatur

341 2114 613 2179 Olympo?
679 2116 845 2181 Atqui
867 2116 966 2165 hoc
989 2116 1005 2144 ‘
1031 2114 1217 2165 Cancri
1238 2113 1407 2164 sidus'

341 2206 481 2243 nnnc
503 2191 697 2242 dicitnr
717 2193 733 2220 ‘
755 2192 1061 2254 inaestuare,’
1096 2192 1234 2258 quod
1259 2200 1411 2243 terrae

344 2276 473 2319 tunc
498 2270 722 2320 maximo
740 2271 868 2335 ignis
886 2270 1111 2321 coelestis
1133 2276 1277 2319 motu
1300 2270 1410 2319 sive

344 2352 479 2397 aestn
547 2353 968 2397 commoveantur
992 2363 1007 2398 ι
1080 2347 1156 2397 sic
1219 2347 1412 2396 Horat.

346 2420 524 2488 Epod.
549 2422 658 2473 Od.
680 2436 761 2474 xl.
828 2425 844 2451 ‘
865 2423 1017 2476 Quod
1042 2424 1085 2475 si
1120 2422 1247 2473 meis
1268 2422 1413 2472 inaes·

351 2508 473 2552 tuat
514 2502 822 2566 praecordiis
860 2503 1055 2554 Libera
1097 2502 1258 2555 bilis!
1325 2501 1416 2550 Di·

348 2579 494 2628 citur
540 2580 698 2629 etiam
740 2581 756 2609 ‘
776 2596 935 2645 grave
978 2579 1135 2630 radiis
1187 2578 1371 2629 Phoebi
1389 2579 1421 2629 :'

351 2655 513 2721 quod,
555 2656 677 2706 Sole
721 2656 849 2706 illud
887 2658 1141 2721 ingresso,
1173 2656 1262 2705 vix
1291 2655 1418 2704 ferri

350 2733 540 2796 possit,
562 2747 678 2782 cum
697 2749 916 2798 corpore
953 2741 1171 2799 propter
1205 2734 1418 2782 nimium

353 2818 561 2874 astum,
619 2817 727 2860 tum
769 2813 925 2862 etiam
969 2818 1148 2861 mente
1200 2815 1419 2873 propter

354 2899 489 2948 eam,
504 2901 656 2951 quam
673 2887 869 2938 urendo
886 2894 1092 2951 segetes
1106 2887 1281 2938 statim
1302 2899 1416 2949 per-

352 2963 619 3013 hibebitur
638 2962 841 3028 afferre,
861 2967 1213 3017 sterilitatem.
1259 2967 1415 3017 Silius

356 3040 390 3090 l.
408 3056 450 3091 1.
502 3041 518 3068 ‘
541 3039 788 3090 AEstifero
812 3042 977 3106 Libye
1003 3049 1275 3108 torquetur
1296 3044 1415 3094 sub-

359 3115 471 3167 dita
493 3117 735 3168 Cancro!
771 3119 949 3169 Grave
971 3120 1108 3169 enim
1131 3120 1420 3184 generatim

360 3196 488 3246 illud
520 3196 745 3245 habetur
777 3197 915 3260 quod
960 3197 1069 3259 geri
1105 3197 1191 3244 vix
1223 3203 1418 3261 potest,

362 3275 474 3322 sive
488 3286 732 3336 corpore,
754 3272 862 3321 sive
884 3272 1043 3322 etiam
1075 3278 1283 3323 mente:
1329 3287 1419 3322 ex-

365 3351 536 3414 empla
549 3356 672 3398 sunt
694 3349 882 3413 cuique
905 3349 1073 3399 obvia.

427 3425 452 3460 ‘²
474 3427 641 3477 Sulcis
661 3427 841 3476 semina
872 3424 1102 3486 credidit]
1134 3425 1335 3482 Sulcus,
1356 3439 1422 3473 im

366 3503 763 3569 uillon‚judicio
777 3501 1248 3566 Varronis,dicitur
1270 3517 1300 3551 a
1322 3516 1432 3551 sus·

370 3582 516 3645 tollo,
538 3580 679 3647 quod
710 3582 872 3631 aratri
894 3594 1072 3631 vomer
1106 3590 1296 3629 terram
1320 3594 1429 3628 sus·

372 3659 545 3707 tollat:
605 3658 742 3707 sicut
778 3672 957 3706 arvum
992 3663 1048 3706 et
1080 3657 1339 3706 arationes
1362 3655 1429 3704 ab

369 3736 590 3796 arand03
610 3743 664 3785 et
688 3749 863 3799 porca,
879 3736 922 3783 le
943 3749 1092 3798 rayon
1101 3749 1185 3782 sur
1206 3734 1356 3797 lequel
1373 3748 1433 3781 on

369 3818 506 3878 terne,
527 3813 666 3880 quod
701 3818 844 3862 terra
874 3818 1117 3876 porrecta
1149 3811 1256 3860 sive
1285 3811 1434 3874 jacta

372 3893 635 3957 utrinque.
701 3889 961 3954 Quicquid
985 3895 1160 3938 autem
1178 3889 1247 3937 sit
1270 3887 1336 3936 de
1357 3889 1434 3936 iu-

372 3968 838 4035 terpretationibus
887 3966 1149 4016 nominum
1198 3960 1432 4027 istorum,

375 4046 554 4098 Poetis
589 4044 821 4109 agricola
851 4043 940 4108 qui
974 4042 1103 4092 serit
1136 4041 1328 4091 dicitur
1354 4055 1434 4091 se-

377 4123 532 4186 mina,
553 4122 667 4172 sive
684 4120 808 4169 anni
829 4134 993 4184 spem,
1007 4118 1164 4169 sulcis
1184 4119 1267 4167 vel
1282 4123 1436 4167 terrae

379 4197 593 4247 credere
612 4214 627 4245 :
682 4193 814 4244 adeo
852 4201 928 4256 ut,
948 4195 990 4244 si
1013 4195 1227 4255 semina,
1249 4191 1439 4257 injuria

383 4283 689 4341 temporum,
728 4278 851 4323 ante
871 4286 1090 4322 messem
1114 4269 1439 4333 evanuerint,

1480 1347 1586 1397 dici
1617 1346 1781 1411 possit
1800 1346 1816 1375 ‘
1840 1347 2011 1395 elusus
2032 1344 2238 1396 Cereris
2259 1344 2365 1394 fide
2383 1343 2398 1368 '
2428 1346 2539 1396 sive

1483 1422 1754 1488 promisso.
1820 1423 1902 1472 Sic
1919 1422 2067 1486 Virg.
2090 1421 2251 1471 Geor.
2271 1434 2311 1470 1.
2326 1437 2404 1471 vs.
2424 1427 2542 1472 221.

1483 1502 1500 1530 ‘
1519 1501 1662 1551 Ante
1702 1500 1795 1551 tibi
1836 1503 1959 1551 Eoae
1997 1499 2291 1551 Atlantides
2331 1500 2543 1551 abscon-

1485 1579 1697 1640 dantur,
1731 1577 2028 1643 Gnosiaque
2058 1577 2289 1628 ardentis
2316 1577 2548 1629 decedat

1486 1656 1640 1706 stella
1672 1670 1914 1717 (τοι-οπως
1969 1654 2170 1705 Debita
2201 1669 2352 1718 quam
2388 1654 2550 1704 sulcis

1488 1734 1783 1783 committas
1806 1732 2022 1794 semina,
2062 1745 2319 1796 quamque
2354 1730 2546 1780 Invitae

1488 1824 1738 1873 properes
1771 1809 1892 1858 anni
1927 1824 2073 1873 spem
2125 1808 2339 1858 credere
2374 1812 2547 1857 terrm.

1488 1886 1649 1936 Multi
1670 1893 1792 1936 ante
1828 1900 2067 1936 occasum
2105 1885 2261 1935 Maiae
2297 1898 2506 1948 coepere
2529 1900 2544 1934 z

1489 1965 1581 2013 sed
1607 1964 1722 2013 illos
1747 1964 2042 2027 Expectata
2062 1977 2210 2027 seges
2233 1962 2374 2011 vanis
2393 1960 2552 2010 elusit

1489 2039 1707 2090 avenis!
1774 2041 1865 2090 Sic
1877 2040 2110 2090 Tibullus
2131 2039 2169 2089 l.
2191 2053 2255 2089 11.
2279 2038 2429 2102 Eleg.
2453 2038 2550 2086 ult.

1490 2119 1505 2146 ‘
1527 2119 1660 2182 Spes
1675 2118 1830 2180 sulcis
1847 2117 2015 2168 credit
2028 2116 2187 2168 aratis
2208 2117 2416 2167 Semina
2431 2129 2549 2180 quae

1489 2209 1678 2258 magno
1698 2193 1896 2245 foeuore
1919 2194 2107 2244 reddat
2128 2194 2280 2257 ager.’
2317 2193 2407 2243 Sic
2430 2206 2555 2256 ergo

1492 2278 1711 2337 propter
1731 2271 1944 2322 nimium
1960 2275 1976 2301 ‘
2001 2270 2189 2321 Cancri
2205 2269 2532 2319 inaestuantis
2547 2265 2562 2290 '

1492 2350 1750 2413 ardorem,
1766 2351 1782 2379 ‘
1798 2349 1887 2415 qui
1903 2350 2051 2413 larga
2067 2348 2376 2412 negantibus
2398 2346 2556 2396 sulcis

1496 2427 1693 2478 semina
1715 2426 1977 2490 credidit,'
2001 2427 2083 2476 hic
2286 2459 2289 2464 -

1569 2511 1592 2537 e
1611 2506 1787 2554 Elusus
1809 2504 1997 2554 Cereris
2009 2503 2138 2569 fide]
2188 2504 2349 2553 Ceres
2372 2501 2556 2552 Poetis

1501 2586 1582 2630 est
1603 2580 1816 2630 Saturni
1846 2585 1901 2629 et
1934 2578 2068 2643 Opis
2090 2576 2219 2642 filia,
2254 2592 2320 2626 ex
2343 2592 2445 2641 qua
2463 2577 2557 2628 Ju-

1491 2657 1637 2721 piter
1660 2655 2031 2719 Proserpinam
2049 2654 2337 2718 suscepisse
2357 2652 2556 2703 fertur:

1500 2737 1591 2788 sed
1611 2737 1747 2787 hanc
1769 2736 1976 2784 Cereris
1997 2734 2157 2783 filiam
2180 2734 2339 2783 Pluto
2375 2738 2562 2796 postea

1501 2813 1712 2879 rapuit:
1748 2811 1886 2861 nnde
1905 2811 2064 2861 Ceres
2082 2809 2315 2860 accensis
2329 2808 2380 2856 in
2404 2807 2564 2857 AEtna

1497 2898 1674 2941 monte
1696 2888 1848 2940 taedis
1870 2894 2037 2937 totum
2064 2886 2242 2936 orbem
2265 2882 2567 2949 peragravit

1497 2968 1655 3017 filiam
1689 2966 1995 3030 quaesitura:
2028 2964 2083 3013 in
2107 2962 2364 3013 laborioso
2388 2968 2561 3012 autem

1502 3047 1593 3096 illo
1615 3047 1803 3095 itinere
1821 3043 2217 3107 Triptolemum,
2241 3040 2441 3091 Eleusii
2460 3041 2564 3090 Re-

1501 3122 1581 3187 gis
1603 3122 1787 3185 filium,
1809 3121 2147 3172 serendorum
2170 3119 2418 3168 seminum
2439 3120 2564 3169 rati-

1507 3214 1656 3249 onem
1679 3199 1887 3249 docuit:
1923 3198 2008 3247 hic
2026 3211 2150 3246 vero
2169 3195 2346 3246 orbem
2370 3196 2569 3260 pariter

1507 3290 1811 3340 peragrans,
1826 3274 2045 3324 eandem
2068 3281 2230 3324 artem
2271 3274 2460 3323 ceteris
2477 3274 2570 3322 ho-

1506 3352 1730 3402 minibus
1764 3349 2180 3401 communicavit.
2243 3350 2571 3412 Philosophis

1510 3436 1703 3491 autem,
1742 3429 1788 3477 si
1821 3428 1994 3477 Tullio
2017 3440 2081 3476 n.
2104 3426 2170 3480 de
2201 3426 2326 3475 Nat.
2361 3428 2432 3476 D.
2454 3440 2568 3476 cre-

1510 3507 1713 3570 damus,
1755 3507 1914 3556 Ceres
1954 3504 2082 3554 nihil
2122 3510 2202 3554 est
2246 3503 2384 3553 aliud
2414 3518 2568 3568 quam

1507 3585 1622 3650 ipsa
1653 3590 1814 3647 terra,
1845 3584 1920 3633 sic
1940 3582 2089 3632 dicta
2109 3582 2191 3631 vel
2215 3596 2246 3630 a
2267 3583 2282 3610 ‘
2309 3578 2577 3645 gerendo,’

1511 3665 1660 3730 qnasi
1677 3666 1692 3693 ‘
1710 3661 1909 3725 Geres‚’
1939 3661 2213 3711 immutata
2233 3659 2406 3721 litera,
2427 3673 2460 3707 a
2481 3672 2572 3722 ge-

1513 3739 1687 3790 rendis
1699 3736 1932 3802 frugibus
1948 3753 1964 3798 ;
1986 3737 2068 3785 vel
2085 3751 2117 3784 a
2137 3737 2153 3765 ‘
2171 3733 2432 3798 creando‚'
2450 3749 2574 3798 qua-

1516 3818 1558 3867 si
1579 3817 1784 3880 frugum
1807 3814 2054 3865 creatrix.
2120 3812 2224 3863 Qui
2238 3826 2394 3875 porro
2411 3810 2466 3859 id
2483 3825 2574 3861 vo·

1515 3892 1673 3943 luerit
1706 3890 1955 3942 attentius
1992 3888 2336 3951 considerare,
2372 3890 2416 3938 is
2453 3902 2574 3937 cau-

1514 3985 1621 4020 sam
1643 3969 1897 4027 inveniet,
1933 3980 2027 4017 cur
2061 3973 2204 4016 terra
2238 3966 2449 4016 dicatur
2487 3965 2578 4014 Sa·

1515 4047 1654 4098 turni
1677 4055 1730 4096 et
1754 4044 1888 4110 Opis
1911 4045 2036 4108 filia,
2052 4051 2109 4094 et
2126 4059 2218 4094 cur
2229 4045 2363 4096 Jove
2381 4042 2577 4091 foecun-

1515 4123 1642 4174 data
1683 4123 1925 4187 genuerit
1967 4120 2355 4185 Proserpinam,
2388 4133 2419 4167 a
2454 4117 2593 4165 Pin-2

1515 4208 1866 4263 tone-postea
1903 4205 2121 4261 raptam.
2189 4196 2294 4245 Sed
2325 4194 2436 4244 haec
2461 4208 2575 4244 nos-

1519 4277 1589 4328 tri
1609 4291 1714 4335 non
1736 4281 1860 4326 sunt
1882 4274 2124 4325 instituti.
