3049 4928
479 414 608 480 174
1172 429 1477 478 sosrnn
1530 431 1627 479 nn
1676 431 1989 482 conson.

479 577 655 664 quod
685 581 780 655 tu,
806 573 1078 660 inquit,⁸
1118 573 1313 641 falsae
1346 574 1688 659 opinionis
1715 575 2173 660 supplicium5
2214 577 2431 657 luiS,¹0
2473 575 2546 643 id
2576 597 2683 644 rc·-

478 683 605 746 bus
623 681 774 765 jure
804 680 1129 763 imputare
1158 697 1296 742 non
1327 679 1576 761 possis.
1652 679 1835 744 Nam
1865 681 1926 745 si
1957 685 2018 745 te
2045 682 2178 747 hoo
2206 681 2402 746 inane
2429 700 2684 746 nomen

475 783 761 850 fortuitae
820 782 1214 848 felicitatis⁸
1273 789 1516 861 movet,
1572 803 1782 867 quam
1845 783 2172 867 plurimis,
2228 784 2687 867 maximisque

478 887 803 965 abundeS,
832 904 1095 950 mecum
1123 891 1396 970 reputes
1424 883 1608 951 licet.
1696 884 1912 968 Igitur
1939 887 1998 951 si
2025 888 2202 972 quod
2230 888 2299 951 in
2331 888 2512 950 omni
2540 886 2678 951 for-

477 997 663 1055 tunae
694 986 940 1054 censu‘
964 995 1010 1026 ¹¹
1058 987 1612 1073 pretiosissimum
1644 988 2068 1071 possidebas,
2098 988 2168 1053 id
2198 990 2325 1053 tibi
2350 989 2688 1055 divinitus

476 1092 770 1158 illoesum
803 1090 1043 1170 adhuc,
1071 1089 1609 1174 inviolatumque
1638 1095 1959 1171 servatur,
2007 1091 2353 1176 poterisne
2403 1092 2693 1158 meliora

478 1215 763 1281 quaeque
787 1195 1095 1275 retinenS,
1116 1193 1202 1259 de
1230 1193 1591 1261 infortunio
1611 1193 1762 1279 jure
1793 1196 2067 1260 causari
2083 1197 2112 1260 ‘l
2130 1195 2156 1234 ἕ
2176 1205 2202 1231 ⁸
2254 1193 2471 1279 Atqui
2498 1195 2693 1279 viget

476 1297 859 1376 incolumiS,
934 1297 1098 1363 illud
1170 1296 1731 1382 pretiosissimum
1793 1299 2051 1379 generis
2113 1297 2386 1362 humani
2445 1297 2689 1374 decus,

480 1400 924 1485 Symmachus
958 1407 1150 1466 socer
1176 1399 1241 1470 :¹²
1283 1405 1354 1466 et
1384 1398 1566 1485 quod
1596 1399 1758 1465 vitae
1786 1401 2006 1484 pretio
2038 1420 2173 1466 non
2204 1402 2424 1484 segnis
2442 1401 2461 1437 ¹
2504 1419 2690 1464 eme-

477 1524 615 1584 reS,
659 1506 761 1571 vir
798 1509 981 1571 totus
1031 1524 1122 1570 ex
1176 1505 1533 1589 sapientia,
1574 1503 2067 1589 virtutibusque
2111 1504 2375 1584 factuS,
2406 1519 2695 1569 suarum

540 1679 567 1715 ἃ
601 1682 922 1747 Philosophia.
2050 1679 2075 1714 ἃ
2097 1679 2328 1731 Accusare
2343 1678 2698 1730 calamitatem-

473 1745 490 1780 1
522 1746 724 1799 Lubem.

1050 1680 1067 1714 ὖ
1091 1681 1229 1733 Inter
1249 1682 1626 1743 omniofortunoe
1643 1686 1741 1731 (ω
1761 1679 1897 1731 bono.

1401 1823 1761 1847 OONOOOOOOOO

477 1908 613 1973 Reg.
640 1915 697 1960 et
717 1915 940 1976 uterque
957 1909 1101 1962 Vict.
1124 1911 1373 1963 Μαι-11
1411 1911 1474 1961 In
1506 1910 1635 1961 omni
1655 1909 1873 1971 fortuna
1891 1913 1990 1959 tuce
2009 1923 2147 1959 censu
2168 1908 2302 1958 Mss.
2336 1906 2457 1958 edd.
2482 1906 2693 1972 Delph.

1451 2048 1668 2099 NOTAE

1622 2175 1745 2212 vera
1779 2160 2034 2212 felicitas:
2082 2175 2199 2211 cnm
2245 2160 2520 2211 maximam
2567 2176 2704 2225 par*-

1621 2245 1729 2290 tem
1759 2240 2026 2301 bonorum,
2055 2252 2171 2303 quae
2197 2234 2419 2287 fortunae
2458 2247 2706 2302 accepta

477 2161 616 2228 quod
640 2162 738 2213 hac
755 2170 956 2214 uostrae
990 2162 1306 2214 infirmitatis
1327 2163 1540 2213 convin-

476 2253 688 2289 camurz
727 2240 1155 2304 quemadmodum
1190 2240 1325 2289 enim
1362 2242 1541 2304 placet

475 2315 731 2380 potuisse,
758 2316 833 2365 sic
863 2316 1108 2381 displicet
1139 2317 1539 2382 homini‘gloriae

474 2389 627 2440 avido
646 2405 747 2440 non
772 2406 941 2457 posse.

537 2474 562 2510 1
585 2468 746 2518 Falsa
799 2469 1036 2533 opinionis
1087 2471 1389 2537 supplicium]
1443 2472 1543 2522 Est

475 2544 686 2610 quidem
727 2548 1040 2611 supplicium
1072 2548 1180 2598 sive
1211 2563 1365 2613 poena
1397 2563 1542 2598 men-

473 2623 560 2686 tis,
577 2623 827 2673 memoria
840 2623 1129 2689 ‘praeteritae
1146 2624 1510 2689 prosperitatis
1523 2639 1540 2674 ε

474 2698 747 2763 siquidem,
784 2707 846 2750 ut
886 2699 1085 2750 dictum
1130 2708 1231 2764 est,
1267 2715 1410 2751 mens
1441 2700 1542 2751 hac

473 2776 722 2826 memoria
760 2775 1040 2841 affligitur:
1087 2778 1181 2828 sed
1227 2778 1542 2843 supplicium

472 2851 599 2902 illud
621 2851 769 2905 falsae
792 2854 1049 2918 opinionis
1068 2861 1180 2906 est:
1216 2869 1333 2906 cum
1352 2870 1420 2904 ex
1443 2855 1544 2905 hoc

473 2929 686 2992 oriatur,
713 2930 852 2996 quod
873 2945 1017 2980 mens
1042 2930 1463 2995 praecipitatione
1484 2938 1542 2981 et

472 3005 779 3071 ptaejudicio
793 3015 912 3058 aeta
927 3006 1060 3058 falso
1066 3008 1387 3073 judicaverit
1406 3023 1542 3073 pre-

472 3084 684 3135 teritam
706 3085 845 3136 illam
876 3085 1279 3156 prospeqitatem
1299 3090 1541 3134 constan·

472 3160 541 3209 tis
573 3161 794 3225 alicujus
835 3160 958 3212 boni
993 3161 1246 3212 rationem
1283 3161 1540 3212 obtinere.

473 3235 821 3287 Quamobrem
855 3238 871 3267 ⁶
899 3236 979 3288 id'
998 3237 1313 3303 supplicium
1346 3238 1362 3267 ‘
1385 3237 1540 3288 rebus

464 3310 592 3375 jure
635 3311 897 3376 imputare
951 3328 1052 3365 uon
1105 3315 1332 3379 possisz’
1384 3328 1541 3364 nemo

473 3387 669 3452 quippe
699 3396 840 3440 errat
869 3390 970 3440 uisi
1001 3392 1206 3442 volens.

537 3471 559 3496 ⁸
580 3462 730 3514 Inane
785 3480 954 3515 nomen
989 3466 1215 3527 fortuite
1256 3466 1540 3531 felicitatis]

474 3537 603 3588 Cum
626 3547 799 3591 metus
833 3542 1135 3592 amittendae
1167 3543 1301 3607 ejus,
1328 3559 1443 3609 quae
1465 3545 1544 3594 in·

473 3625 717 3668 constans
740 3617 897 3682 foret,
921 3617 1193 3670 felicitatis
1216 3621 1287 3670 sit
1307 3636 1428 3672 vera
1449 3623 1544 3671 mi-

473 3694 624 3752 seria,
644 3693 844 3746 idcirco
875 3696 1017 3745 nulla
1050 3697 1227 3762 reipsa
1260 3705 1343 3748 est
1375 3696 1544 3750 felici-

474 3775 576 3834 tas,
614 3771 715 3821 nisi
751 3778 1032 3824 coustansz
1073 3775 1209 3840 quod
1245 3776 1404 3840 igitur
1433 3774 1538 3827 for-

473 3848 609 3898 tuita
641 3846 866 3900 felicitas
898 3851 1065 3902 instar
1094 3850 1336 3918 fortunae,
1369 3868 1402 3903 a
1434 3868 1541 3919 qua

473 3923 601 3974 oriri
619 3924 833 3991 dicitur,
849 3927 917 3978 sit
928 3926 1247 3994 inconstans,
1257 3939 1542 3996 propterea

471 3998 587 4049 haee
608 3997 733 4050 nihil
754 4000 916 4053 habet
934 4005 951 4032 ‘
978 4002 1273 4056 felicitatis'
1290 4006 1390 4055 nisi
1417 4006 1434 4034 ‘
1460 4005 1540 4055 iu-

474 4089 572 4126 ane
595 4079 854 4147 nomen?-

536 4159 563 4186 ⁸
581 4154 832 4206 Poterisne
861 4159 1058 4209 meliora
1086 4174 1280 4224 queque
1310 4159 1539 4224 retinens,

473 4230 532 4278 cle
559 4228 821 4291 Wortunio
848 4234 963 4296 jure
1000 4235 1213 4300 causari]
1260 4235 1366 4285 Sed
1404 4242 1541 4299 esto,

473 4304 640 4372 inquit
674 4309 1027 4377 Philosophia,
1058 4326 1174 4378 quae
1206 4310 1444 4377 fortuita,
1472 4314 1543 4365 sit

1620 2316 1807 2368 referri
1851 2317 2047 2368 debere
2101 2316 2387 2378 arbitraris,
2441 2316 2710 2382 retineas,

1620 2393 1748 2443 felix
1787 2394 1961 2457 potius
2001 2407 2154 2457 qnam
2184 2389 2365 2442 infelix
2400 2392 2416 2419 ‘
2439 2390 2505 2441 de
2527 2391 2706 2445 infor-

1623 2471 1770 2521 tunio
1785 2471 1911 2535 jure
1932 2485 2031 2520 non
2050 2479 2197 2534 potes
2218 2469 2460 2519 causari!
2490 2472 2507 2499 ‘
2526 2471 2710 2522 Caus-

1621 2547 1764 2611 sari,'
1787 2547 1868 2597 vel
1889 2553 1948 2598 ut
1962 2561 2098 2597 nunc
2118 2546 2397 2612 apluribus
2415 2547 2713 2612 scribimus

1620 2624 1888 2690 ‘‚cansari‚'
1905 2623 2116 2689 proprie
2129 2624 2253 2673 nihil
2273 2630 2352 2673 est
2369 2623 2510 2673 aliud
2532 2640 2710 2690 quam

1622 2717 1834 2752 causam
1866 2701 2082 2765 alicujus
2121 2698 2295 2751 effecti
2322 2715 2560 2765 quaerere
2603 2712 2711 2754 aut

1624 2775 1841 2828 afferre:
1876 2777 1953 2827 sic
1982 2777 2131 2841 Virg.
2155 2778 2340 2842 Eclog.
2374 2790 2455 2827 xx.
2493 2793 2578 2829 vs.
2607 2785 2707 2833 56.

1622 2856 1638 2883 ‘
1659 2854 1935 2904 Causando
1971 2859 2176 2904 nostros
2205 2853 2259 2902 in
2292 2853 2503 2918 longum
2537 2855 2712 2910 ducis

1621 2930 1860 2981 amores!
1928 2930 2102 2982 Quare
2139 2930 2413 2995 Boethius,
2446 2932 2535 2997 qui
2567 2933 2712 2986 hac-

1623 3014 1774 3057 tenus
1796 3006 1864 3056 de
1886 3006 2105 3057 adversa
2124 3005 2333 3057 fortuna
2351 3018 2712 3075 conquestus,
2800 3006 2806 3013 ’

1622 3084 1688 3132 ab
1737 3098 1813 3134 ea·
1854 3082 2066 3133 videtur
2116 3090 2277 3153 tantas
2319 3085 2719 3140 inconstantiae

1619 3176 1800 3211 causas
1821 3152 2137 3226 quaesivisse,
2157 3177 2257 3211 non
2293 3163 2429 3211 male
2447 3176 2595 3212 nunc
2621 3163 2712 3214 di·-

1621 3238 1759 3289 eitur
1794 3240 1810 3269 ⁶
1836 3239 2098 3290 causarix'
2139 3241 2372 3305 quamvis
2427 3240 2711 3293 immerito

1621 3317 1638 3346 ‘
1659 3317 1972 3367 causetur:’
2004 3324 2065 3368 ut
2096 3317 2207 3381 jam
2231 3317 2570 3381 Philosophia
2607 3319 2711 3370 de-

1619 3394 1948 3458 monstrabit,
1995 3393 2347 3446 enumerando
2391 3395 2528 3445 bona
2584 3404 2709 3449 mc-

1620 3473 1771 3533 liora,
1796 3488 1911 3539 qun
1932 3472 2154 3524 Boethio
2173 3481 2470 3538 supersunt,
2493 3489 2707 3541 nempe

1621 3565 1874 3616 socerum,
1932 3566 2165 3615 uxorem,
2221 3552 2433 3617 liberos,
2515 3554 2707 3618 ipsum

1623 3640 1830 3692 quoque
1864 3628 2105 3679 animum.

1684 3701 1709 3737 ὓ
1728 3702 2038 3768 Symmachus
2067 3704 2218 3768 socer]
2273 3718 2313 3755 1.
2347 3705 2709 3771 Philosophia

1619 3778 1951 3829 commendat
2015 3780 2377 3843 Symmachum
2448 3795 2711 3837 socerum

1620 3854 1846 3907 Boethii.
1912 3857 2100 3907 Plures
2131 3855 2344 3907 fuerunt
2372 3858 2713 3929 Symmachi,

1622 3947 1839 3997 quorum
1864 3939 2099 3998 stemma,
2120 3935 2162 3984 si
2186 3936 2377 4000 placet,
2395 3936 2578 3999 legere
2600 3952 2710 4004 po-

1621 4009 1748 4060 teris
1802 4010 1940 4075 apud
1981 4012 2164 4063 Jacob.
2230 4011 2560 4062 Sirmoudum
2625 4018 2708 4068 ad

1622 4099 1727 4136 vn.
1748 4086 1842 4136 lib.
1877 4087 2050 4153 Epist.
2073 4087 2314 4139 Ennodii.
2381 4089 2485 4138 Hic
2508 4098 2708 4147 autem

1621 4163 1795 4226 agitur
1817 4162 1885 4213 de
1905 4163 2232 4228 Symmacho,
2253 4165 2338 4230 qui
2361 4165 2553 4215 Consul
2591 4167 2711 4222 fuit

1621 4239 1734 4288 sine
1754 4240 1956 4304 collega
1969 4240 2063 4290 sub
2080 4240 2326 4291 Odoacre
2338 4254 2470 4290 anno
2491 4240 2709 4295 Christi

1617 4318 1734 4365 485.
1755 4315 1948 4381 quique
1972 4331 2004 4366 a
2020 4315 2346 4367 Theoderico
2378 4316 2531 4380 Rege
2550 4317 2706 4370 inter
