3049 4928
980 415 1500 467 PHILOSOPHIAE
1553 419 1697 467 Lus.
1745 411 1812 468 V.

2370 406 2504 475 408

330 559 861 645 Continuumque
888 562 1154 628 trahunt
1182 563 1250 628 vi
1268 561 1578 647 'pectoris
1607 565 1893 630 incitata
1920 564 2197 630 sulcum.

331 664 491 729 Sunt
517 665 762 747 quibus
793 666 1042 730 alarum
1073 666 1316 731 levitas
1346 686 1521 749 vaga
1548 669 1978 752 verberetque
2010 677 2271 747 ventoS,

329 762 411 830 Et
435 767 685 851 liquido
714 768 899 851 longi
931 770 1158 852 spatia
1188 769 1448 833 aetheris
1479 776 1704 834 enatet
1728 767 2005 836 volatu)
2459 770 2504 832 5

329 868 497 934 Haec
527 871 861 953 pressisse
891 871 1039 936 solo
1075 871 1381 955 vestigia,
1411 874 1881 957 gressibusque
1911 872 2206 956 gaudent

327 970 451 1035 Vel
480 974 726 1038 virides
755 994 1035 1060 campos
1066 976 1532 1055 transmittere,
1564 979 1670 1042 vel
1698 977 1918 1058 subire
1950 977 2199 1061 sylvas,

325 1070 492 1150 Quae
523 1077 732 1140 variis
759 1078 994 1144 videas
1025 1079 1182 1145 licet
1211 1080 1439 1144 omnia
1466 1080 1845 1164 discrepare
1878 1080 2131 1158 formiS,

321 1174 540 1242 Prona
570 1186 793 1245 tamen
822 1180 1032 1248 facies
1063 1183 1345 1249 hebetes
1375 1184 1560 1249 valet
1587 1184 1931 1266 ingravare
1961 1175 2246 1246 sensus‚¹‘

323 1276 534 1344 Unica
562 1301 722 1363 gens
749 1282 1093 1349 bominum
1121 1286 1379 1351 celsum
1408 1287 1590 1351 levat
1618 1286 1826 1350 altius
1855 1303 2201 1362 cacumen,

2418 1282 2505 1346 10

320 1379 535 1465 Atque
565 1383 736 1449 levis
766 1393 947 1451 recto
981 1393 1121 1452 stat
1151 1407 1452 1471 corpore,
1482 1388 1910 1472 despicitque
1942 1394 2170 1452 terras·

321 1483 511 1565 Haec,
540 1488 676 1552 nisi
705 1494 991 1556 terrenus
1018 1491 1197 1556 male
1227 1492 1507 1575 desipiS,
1541 1490 1855 1557 admonet
1880 1487 2131 1573 figura,¹

317 1582 449 1663 Qui
476 1595 666 1654 recto
699 1592 945 1656 coelum
975 1594 1168 1657 vultu
1198 1594 1398 1678 petiS,
1429 1596 1783 1677 exerisque
1811 1594 2123 1670 frontem,

315 1687 397 1753 In
421 1691 704 1757 sublime
727 1692 902 1759 feras
932 1695 1225 1760 animum
1253 1715 1545 1781 quoque,
1572 1714 1658 1759 ne
1684 1705 1965 1778 gravata
1991 1715 2268 1781 pessum
2289 1702 2330 1730 ¹¹²

315 1789 584 1858 Inferior
616 1795 794 1861 sidat
821 1817 1008 1865 mens
1038 1818 1316 1884 corpore
1343 1800 1596 1886 ‚celsius
1621 1801 1867 1866 levato.

2416 1796 2505 1861 15

314 1975 411 2008 cum
424 1964 781 2014 continuatum.-
811 1965 922 2015 alioe
940 1972 1153 2017 errantes
1181 1967 1347 2031 pennis
1365 1968 1541 2019 levibns
1568 1967 1842 2032 percutiunt
1880 1971 2059 2028 ventos,
2090 1971 2139 2015 et
2176 1965 2314 2026 longo
2344 1964 2505 2014 volatu

310 2030 545 2077 transeunt
580 2045 758 2090 magna
791 2031 1041 2081 intervalla
1075 2033 1203 2081 αὲνίε
1233 2033 1404 2096 liquidi
1420 2050 1438 2083 .·
1468 2033 1581 2082 olioe
1597 2034 1810 2095 gestiant
1834 2031 2027 2093 gradiri
2043 2045 2131 2093 per
2163 2035 2375 2087 terram,·
2406 2032 2506 2080 sive

313 2089 382 2138 hoe
406 2093 624 2154 passibus
662 2100 906 2144 transeunt
939 2111 1080 2157 agros
1110 2097 1319 2156 virides,-
1349 2099 1450 2148 sive
1482 2098 1815 2159 ingrediantur
1844 2098 2014 2161 sylvas.
2082 2095 2202 2151 Quoe
2221 2096 2503 2153 animantes,

311 2154 414 2204 licet
433 2172 608 2217 omnes,
641 2167 693 2206 ut
727 2160 897 2221 cernis,
930 2160 1157 2224 diffwrant
1186 2164 1312 2212 inter
1330 2178 1381 2213 se
1408 2164 1623 2226 pluribus
1653 2162 1821 2222 modis,
1854 2162 1905 2209 in
1927 2162 2010 2210 hoc
2031 2165 2187 2209 tamen
2208 2159 2505 2221 conveniunt,

311 2223 424 2282 qaod
448 2221 609 2280 facies
629 2223 823 2273 illarum
841 2225 1071 2275 inclinata
1090 2229 1152 2275 ad
1173 2232 1369 2288 terram,
1401 2229 1636 2291 deprimat
1667 2228 1918 2277 earundem
1937 2240 2101 2275 sensus
2124 2224 2324 2275 obtusos.
2388 2224 2504 2282 Sola

307 2299 418 2345 gens
434 2287 677 2337 hominum
697 2289 843 2349 erigit
863 2291 1010 2338 altius
1032 2298 1168 2355 caput
1188 2308 1324 2341 suum
1341 2294 1558 2354 sublime,
1588 2292 1791 2355 levisque
1811 2296 1910 2340 stat
1933 2305 2121 2353 corpore
2141 2295 2310 2350 erecto,
2331 2293 2379 2338 et
2401 2305 2507 2338 con·

312 2351 475 2400 temnit
495 2358 672 2401 ter-ms.
741 2353 867 2402 Hoee

884 2354 1054 2419 figura
1088 2361 1135 2405 te
1164 2363 1336 2419 monet,
1367 2358 1460 2406 nisi
1482 2357 1674 2406 obnaetus
1693 2362 1824 2405 terra
1843 2356 1989 2404 stulte
2009 2355 2201 2417 deliras,
2220 2359 2272 2404 ut
2295 2354 2377 2418 qui
2398 2358 2504 2402 ten-⁷

310 2415 381 2463 dis
399 2418 460 2466 ad
480 2419 651 2468 coelum
667 2419 803 2467 vultu
818 2426 963 2476 recto,
985 2427 1031 2470 et
1052 2421 1198 2483 erigis
1203 2421 1436 2482 frontem,
1453 2427 1506 2471 tu
1523 2422 1723 2472 extollens
1738 2422 1886 2471 etiam
1905 2425 2105 2470 mentem
2117 2425 2250 2470 tuam
2266 2420 2319 2470 in
2333 2421 2508 2484 attam,

309 2494 366 2529 ne
384 2497 509 2533 mens
530 2498 755 2547 oppressu
763 2485 924 2545 ,iaceat
946 2487 1175 2549 deorsum,
1195 2485 1396 2547 inferior
1416 2487 1516 2550 ipso
1536 2501 1727 2550 corpore
1746 2487 1893 2536 altius
1913 2491 2082 2536 erecto.

1299 2602 1347 2652 N
1355 2600 1516 2651 OTAE

312 2705 417 2742 sum
464 2711 735 2747 sursumve
786 2700 952 2749 oculis
1007 2698 1214 2748 videre:
1273 2697 1367 2748 sed

311 2777 507 2824 tantum
528 2786 715 2826 cetera
733 2777 974 2826 animalia
992 2790 1177 2841 prono,
1205 2775 1365 2824 homi-

309 2862 419 2897 nem
442 2865 568 2902 vero
596 2858 747 2902 recto
775 2861 915 2903 stare
937 2866 1193 2916 corporez
1222 2850 1364 2916 quod

308 2923 511 2990 sufficit,
552 2933 617 2977 nt
658 2942 803 2978 mens
846 2929 1071 2987 humana
1114 2928 1366 2992 peculiari

308 3001 383 3050 sui
405 3003 642 3069 corporis
661 3001 827 3068 figura
847 3007 1113 3054 excitetur
1139 3004 1202 3052 ad
1226 3003 1366 3067 cogi-

308 3077 517 3128 tandum
545 3081 744 3129 Deum.
807 3080 998 3130 Bestiae
1031 3087 1221 3143 autem,
1246 3095 1364 3144 quae

307 3153 388 3204 hie
409 3164 768 3219 numerantur,
781 3162 901 3206 sunt
935 3161 984 3206 1.
1007 3164 1300 3221 serpentes,
1315 3161 1365 3208 2.

309 3230 562 3298 volueres,
597 3237 649 3303 ³,-
685 3234 908 3299 pedites‚
941 3249 1056 3299 quae
1096 3235 1179 3284 vel
1227 3250 1364 3285 cam·

309 3315 399 3369 pos
422 3316 754 3375 percurrunt,
775 3310 860 3359 vel
881 3296 1049 3373 sylvas
1069 3309 1365 3374 ingrediun-

308 3389 419 3434 tur:
455 3385 525 3435 de
567 3383 751 3452 quibus
785 3385 913 3436 nibil
946 3387 1174 3437 occurrit
1208 3401 1363 3437 auno-

311 3462 506 3517 tatione
532 3463 767 3527 dignum.

370 3534 385 3568 ¹
413 3538 624 3602 Liquido
646 3539 779 3602 tongi
809 3538 970 3603 spatia
999 3539 1192 3591 etheris
1209 3543 1369 3588 enatet

307 3615 488 3678 volatu]
562 3614 810 3665 Confusio
880 3616 1176 3680 verborum,
1250 3630 1367 3681 quae

309 3689 678 3741 Grammaticis
693 3699 906 3743 vocatur
920 3692 1234 3758 Hyperbate
1250 3707 1266 3742 ε
1302 3693 1369 3742 si-

309 3769 516 3832 quidem
541 3768 706 3818 aethe'r
719 3769 944 3834 liquidus
962 3776 1019 3819 et
1039 3770 1239 3820 volatus
1259 3770 1371 3818 lon·

313 3858 403 3906 gus
426 3845 534 3895 diei
557 3844 787 3895 deberet.
853 3845 937 3894 Sic
975 3846 1156 3909 Virgil.
1188 3844 1371 3894 ‘ibant

310 3918 516 3970 obscuri
552 3921 663 3970 sola
685 3921 780 3970 sub
798 3929 953 3971 nocte
971 3921 1005 3971 :’
1029 3922 1044 3950 ‘
1063 3922 1368 3971 sceleratam

310 3996 577 4049 intorserit
614 3998 816 4048 hastam
835 3997 869 4048 ε’
899 3997 915 4026 ‘
954 3997 1081 4047 dare
1119 3997 1368 4047 classibus

312 4071 571 4141 Austros?
624 4070 625 4073 ’

366 4141 584 4201 '‘Pu-ona
631 4157 790 4201 tamen
822 4150 975 4214 facies
1017 4151 1201 4202 hebetes
1241 4152 1367 4200 valet

311 4226 567 4288 ingravare
581 4224 762 4292 seusus]
797 4228 990 4278 Sensus
1010 4229 1148 4277 enim
1170 4242 1274 4276 non
1292 4227 1365 4277 vi·-

312 4314 440 4368 geut
461 4305 564 4355 nisi
580 4306 860 4373 spiritibus
883 4321 913 4356 a
944 4306 1100 4357 corde
1131 4305 1196 4358 ad
1220 4318 1365 4357 cere-

1446 2697 1617 2760 brum,
1641 2703 1696 2746 et
1720 2711 1750 2746 a
1770 2695 1989 2746 cerebro
2012 2709 2107 2758 per
2126 2706 2311 2742 nervos
2336 2693 2399 2742 ad
2423 2707 2505 2742 re·

1446 2777 1613 2842 liquas
1633 2776 1865 2840 corporis
1890 2781 2066 2838 partes
2086 2771 2313 2823 diffusis:
2350 2772 2401 2821 hi
2418 2787 2508 2822 au·

1446 2859 1552 2903 tem
1574 2851 1784 2917 spiritus
1817 2851 1983 2899 minus
2012 2850 2173 2899 libere
2194 2849 2247 2898 in
2270 2862 2507 2913 pronum,

1447 2943 1598 2992 quam
1630 2927 1686 2977 in
1719 2937 1952 2978 erectum
1986 2933 2145 2990 caput
2167 2941 2199 2975 a
2222 2926 2377 2976 corde
2410 2924 2507 2975 dif-

1445 3004 1635 3056 fluunt.

1511 3079 1528 3114 ¹
1556 3080 1995 3146 Admmtfigura]
2028 3080 2085 3130 Si
2107 3092 2326 3143 corpora
2349 3090 2505 3142 gene·

1448 3158 1599 3207 ratim
1622 3164 1834 3222 possunt
1854 3172 1968 3206 esse
1991 3155 2223 3221 quaedam
2253 3152 2505 3203 mentium

1447 3234 1707 3298 exempla,
1721 3241 1781 3284 ut
1802 3239 1946 3283 certe
1967 3240 2105 3294 sunt,
2125 3243 2310 3294 corpus
2327 3228 2506 3278 buma-

1446 3322 1568 3358 num
1592 3309 1906 3372 praecipuum
1931 3305 2189 3371 quoddam
2212 3318 2324 3355 esse
2346 3303 2509 3354 debet

1446 3386 1636 3434 mentis
1653 3384 1908 3435 consortis
1920 3383 2239 3446 exemplum3
2257 3387 2317 3430 ut
2334 3394 2508 3445 quem-

1448 3460 1723 3511 admodum
1770 3476 1958 3525 corpus
2005 3461 2301 3518 humanum,
2342 3457 2507 3506 veluti

1449 3539 1667 3588 servatis
1689 3552 1964 3603 corporum
1985 3537 2173 3586 levium
2201 3533 2417 3597 legibus,
2441 3533 2507 3582 ad

1449 3616 1632 3665 coelum
1665 3623 1811 3666 recta
1841 3614 2031 3677 tendit,
2053 3614 2126 3662 ita
2157 3625 2301 3661 mens
2333 3611 2506 3658 huma-2

1449 3710 1517 3745 na
1551 3694 1617 3745 ad
1648 3694 1816 3744 Deum
1846 3690 2122 3754 cogitando
2151 3688 2378 3752 aspiret:
2413 3685 2509 3735 sed

1450 3777 1533 3822 est
1553 3771 1652 3821 alia
1677 3771 1843 3820 ratio:
1879 3768 2116 3818 nimirum

1512 3854 1550 3880 ω
1586 3846 1661 3896 Ne
1678 3851 1881 3908 gravata
1896 3858 2099 3907 pessum,
2118 3839 2221 3903 ξω]
2255 3839 2339 3890 Ne
2362 3851 2507 3886 mens

1445 3922 1669 3971 humana
1698 3922 1839 3971 victa
1871 3916 2347 3983 perturbationibus
2371 3914 2507 3977 ejus,

1447 3998 1595 4061 cujus
1640 3997 1846 4047 domina
1891 4010 2004 4046 esse
2049 3993 2227 4051 debet,
2270 3990 2505 4054 corporis

1447 4073 1543 4123 fiat
1564 4075 1890 4138 mancipium.
1955 4074 2089 4123 Nam
2117 4070 2180 4119 ad
2206 4068 2434 4130 Philipp.
2457 4068 2507 4118 3.

1443 4149 1461 4177 ⁴
1504 4148 1669 4214 gloria
1702 4150 1756 4199 in
1789 4147 2090 4200 confusione
2128 4146 2379 4210 ipsorum,
2418 4139 2506 4209 qui

1445 4231 1655 4278 terrena
1678 4225 1923 4292 sapiunt?
2203 4232 2208 4237 ·
2484 4225 2488 4231 ’
