3049 4928
549 384 679 451 530

623 543 850 594 Ver-tatur
878 541 933 592 ιἰι
963 540 1188 605 helluoni]
1228 541 1307 592 Ex
1345 541 1612 606 Pythago-

549 634 768 672 raeorum
791 627 849 670 et
871 620 1258 670 Platonicorum
1276 618 1617 677 doctrina,ea

550 696 757 747 demum
780 698 891 748 vita
911 697 1133 746 hominis
1160 695 1399 759 perfecta
1433 702 1536 756 est,
1573 696 1618 745 si

549 789 694 825 meus
718 775 834 839 ejus
858 774 1137 824 virtutibus
1164 775 1372 823 exculta
1402 768 1615 837 ἐπιστρέ-

548 861 628 915 φει
648 851 762 916 πρὸς
777 850 863 901 τὸν
883 850 999 901 Θεὸν
1024 852 1040 879 ‘
1060 850 1123 898 ad
1147 851 1316 898 Deum
1339 856 1615 899 converta-

550 928 670 991 tur,'
695 937 878 979 contra
907 943 1032 978 vero
1070 928 1377 990 miserrima,
1419 927 1461 976 si
1491 924 1619 988 μένει

549 1004 624 1055 ἀεὶ
646 1006 697 1054 ἐν
712 1007 776 1071 τῇ
793 1007 881 1054 τοῦ
901 1006 1022 1054 Θεοῦ
1064 1003 1249 1069 ἀγνοίᾳ,
1288 1006 1304 1033 ‘
1325 1019 1531 1069 semper
1564 1005 1617 1053 iu

550 1082 661 1132 Dei
691 1082 1021 1144 ignoratione
1058 1081 1292 1131 hoereat.³
1359 1081 1532 1131 Priori
1566 1096 1620 1131 e-

552 1157 658 1207 nim
686 1158 897 1207 vivendi
919 1159 1141 1220 ratione,
1161 1158 1228 1207 ad
1254 1159 1381 1220 Dei,
1400 1157 1621 1222 posteri·

553 1234 651 1297 ori,
672 1234 736 1282 ad
763 1233 1032 1284 brutorum
1058 1235 1446 1284 similitudinem
1471 1249 1623 1285 acce·

552 1310 650 1360 dit.
677 1309 832 1360 Unde
849 1312 1178 1361 conveniens·
1191 1319 1273 1362 est
1290 1319 1348 1362 nt
1367 1312 1437 1361 sit
1451 1313 1624 1372 bomo,

549 1385 582 1445 ἢ
603 1386 718 1437 Θεὸς
749 1385 781 1445 ἢ
802 1386 971 1452 θηρίον,
994 1390 1009 1416 ‘
1036 1397 1125 1438 aut
1142 1391 1292 1439 Deus
1306 1394 1398 1439 aut
1416 1389 1625 1438 bellua!

548 1465 765 1516 Ἐπειδὰν
784 1463 940 1529 ψυχῆς
971 1466 1197 1531 θηριώδεις
1222 1466 1513 1532 κρατήσωσιν
1530 1469 1626 1517 ἐπι·

553 1543 724 1604 θυμΙαι,
732 1541 1053 1605 φυλάττουσαι
1065 1544 1153 1603 τὴν
1164 1543 1446 1608 ἀνθρωπίνην
1457 1543 1625 1608 ἑπιφά·

551 1621 858 1685 νειαντῇτῶν
871 1619 1018 1684 ἔργων
1032 1621 1273 1688 ὑπηρεσίᾳ,
1287 1622 1531 1686 ἀπέφηναν
1543 1623 1629 1672 τὸν

555 1697 810 1762 χρώμενον,
835 1698 883 1760 ἐξ
901 1698 1139 1763 ἀνθρώπου
1154 1700 1335 1765 θηρίον.
1362 1703 1378 1730 ‘
1396 1702 1626 1752 Simulac

558 1775 734 1838 enim,'
757 1776 927 1840 inquit
960 1778 1221 1826 Maximus
1248 1779 1434 1843 Tyrius
1465 1794 1624 1831 serm.

556 1865 759 1901 xxxiv.
814 1854 830 1880 ‘
852 1852 1095 1903 belluinae
1148 1855 1410 1917 imperant
1453 1856 1624 1906 animo

555 1928 822 1990 libidines,
853 1926 1071 1978 foi-inam
1109 1930 1349 1995 quidem'
1382 1929 1624 1996 figuram·

558 2019 664 2068 que
686 2006 702 2032 ‘
724 2005 994 2054 humanam
1028 2007 1285 2070 integram
1307 2008 1626 2073 relinquunt,

555 2082 637 2129 sui
677 2095 800 2130 vero
843 2082 1116 2147 obsequio,
1158 2099 1277 2133 eum
1320 2085 1409 2148 qui
1460 2085 1626 2135 utitur

555 2157 812 2206 hominem
837 2157 889 2205 in
914 2158 1135 2209 belluam
1158 2159 1507 2209 convertunt!
1557 2162 1625 2208 Et

557 2248 702 2294 mox,
723 2232 874 2296 ἄφελε
897 2234 985 2292 τῆς
1012 2234 1224 2300 γαστρὸς
1260 2233 1510 2299 ἐπιθυμίαν,
1547 2235 1626 2286 καὶ

501 2309 502 2312 ’
556 2311 751 2373 &vener
783 2313 874 2360 τοῦ
908 2312 1141 2377 ἀνθρώπου
1172 2311 1231 2361 τὸ
1265 2311 1436 2377 θηρίον.
1475 2311 1627 2375 ἄφελε

556 2389 643 2448 τὴν
677 2388 857 2440 αἰδοίων
895 2390 1150 2454 ἐπιθυμίαν,
1193 2390 1272 2440 καὶ
1314 2388 1531 2454 διέκοψας
1567 2389 1626 2439 τὸ

557 2467 713 2533 θηρίον
735 2486 748 2518 :
817 2471 833 2497 ‘
852 2467 1024 2518 Aufer
1081 2469 1278 2519 ventris
1334 2468 1625 2531 libidinem,

557 2545 782 2594 belluam
807 2545 872 2594 ab
892 2546 1098 2595 homine
1131 2546 1437 2598 sustuleris:
1477 2545 1626 2595 aufer

556 2620 938 2686 pudendorum,
974 2623 1327 2687 amputaveris
1365 2621 1628 2677 belluam!

564 2700 738 2750 Vullin.
1289 2738 1292 2741 >

602 2779 816 2829 ’errm
861 2781 909 2827 8.
953 2778 1072 2829 Vela
1105 2777 1316 2841 Neritii]
1351 2779 1482 2828 Cum
1527 2778 1627 2828 hoc

561 2855 735 2905 Carm.
786 2855 968 2905 confer
1012 2855 1176 2906 ovid.
1231 2856 1450 2906 Metam.
1507 2869 1626 2905 xiv.

559 2929 733 2982 Silam.

629 3008 746 3059 Vela
774 3008 963 3059 Neritii
982 3009 1140 3072 ducis]
1178 3009 1417 3072 ulyssi„
1459 3024 1490 3057 a
1518 3010 1628 3059 Ne-

560 3085 854 3136 ritomonte
873 3087 1087 3136 Ithacae.
1152 3085 1379 3137 Consule
1399 3086 1629 3136 Plinium

558 3163 596 3213 1.
615 3177 695 3213 xv.
718 3178 835 3227 cap.
861 3177 964 3214 ιιι.
1003 3165 1235 3213 Ber-nort.

630 3238 819 3289 Neritii
860 3239 1037 3302 Ducis]
1091 3239 1316 3303 Ulyssis.
1360 3239 1484 3291 Vib.
1540 3239 1630 3289 Se·

565 3322 781 3379 quester
827 3315 894 3365 de
951 3316 1222 3365 Montibus
1252 3333 1264 3363 =
1320 3317 1336 3345 ‘
1360 3315 1630 3381 Neritbos,

563 3390 761 3442 Ithacae
784 3409 798 3442 z
834 3407 864 3441 a
884 3407 987 3456 quo
1012 3398 1068 3442 et
1092 3392 1307 3456 portus-³
1340 3393 1515 3443 Sitzm.

630 3468 828 3530 Insula,
872 3470 1052 3517 Pulcra
1110 3484 1203 3533 qua
1240 3469 1451 3519 residens
1494 3467 1627 3532 Dea]

547 3541 732 3604 ⁶Deos,
773 3544 934 3607 Deas,
956 3545 1289 3610 hominesque
1320 3545 1629 3597 illustriores

564 3618 581 3649 ‘
604 3617 807 3668 Pulcri'
824 3620 1066 3683 epitheto
1090 3621 1344 3683 insigniri,
1368 3621 1526 3673 docet
1563 3622 1627 3672 P.

565 3696 778 3746 Merula
792 3697 845 3746 iu
869 3698 1159 3749 Comment.
1182 3699 1247 3747 ad
1261 3698 1351 3748 lib.
1376 3712 1414 3750 1.
1436 3698 1629 3750 Annal.

565 3773 741 3834 Ennii,
765 3789 886 3837 pag.
907 3778 1019 3823 178.
1042 3782 1097 3823 et
1117 3789 1238 3838 pag.
1262 3779 1376 3826 204.
1416 3777 1565 3828 Idem.

632 3850 762 3900 Solis
780 3852 912 3901 edita
942 3850 1140 3914 semim]
1161 3852 1314 3901 Circe
1340 3852 1406 3901 de
1429 3867 1486 3901 se
1514 3853 1632 3917 ipsa

567 3926 706 3988 apud
732 3927 893 3977 ovid.
913 3929 1186 3979 11V.·Met.
1252 3928 1269 3961 ⁴
1291 3929 1370 3977 En
1394 3944 1493 3994 ego
1512 3945 1631 3981 cum

565 4003 686 4053 Dea
719 4004 836 4066 sim,
863 4004 1014 4053 nitidi
1038 4019 1154 4054 cum
1192 4002 1299 4053 filia
1319 4005 1475 4065 Solis,
1501 4006 1633 4054 Car-

565 4080 704 4129 mine
717 4089 1066 4143 carnuntum,
1083 4087 1282 4133 tantum
1302 4096 1505 4147 quoque
1520 4094 1637 4146 gra.

565 4157 703 4207 mine
717 4157 1014 4220 possim,Ut
1037 4165 1125 4208 tua
1148 4158 1242 4207 sim
1265 4157 1463 4209 voveo)
1481 4159 1633 4215 Idem.

635 4235 786 4284 Tacta
826 4236 1034 4285 car-mim
1063 4233 1254 4299 poculo]
1312 4234 1478 4299 Virg..
1501 4247 1631 4282 vm.

569 4310 750 4376 Eciog.
836 4313 851 4339 ‘
876 4312 1201 4365 Carminibus
1260 4311 1413 4361 Circe
1463 4311 1630 4363 socios

1258 394 1474 445 ⁸0¹1·AE
1522 394 1930 444 vammum
1982 394 2061 445 lu

1690 538 1917 589 mutavit
1958 537 2201 603 Ulyssis!
2278 539 2352 589 Et
2390 551 2526 602 pene
2569 537 2747 589 iisdem

1693 615 1866 665 verbis
1888 616 2106 665 Petron.
2125 614 2344 665 Arbiter
2365 615 2419 665 in
2439 615 2557 665 Sat.
2570 615 2586 643 ‘
2602 615 2751 665 Plue-

1695 692 1814 742 beia
1830 693 1984 742 Circe
2010 692 2335 742 Carminibus
2354 693 2579 756 magicis
2591 693 2753 743 socios

1692 772 1918 823 mutavit
1941 772 2181 837 Ulyssis!
2248 773 2477 825 Salvian.
2495 775 2591 824 lib.
2618 789 2676 825 v.
2696 773 2757 823 de

1694 848 1837 900 Gub.
1861 850 1987 900 Dei:
2024 851 2040 878 ‘
2065 851 2199 900 Nam
2220 852 2584 915 suscipiuntur
2607 850 2758 899 adve-

1695 940 1798 987 nae,
1838 924 1970 975 fiunt
1993 926 2301 990 praejudicio
2322 926 2673 977 habitationis
2698 926 2766 975 in·

1697 1002 1903 1067 digenoe
1927 1004 2166 1067 exemplo
2199 1004 2419 1069 quodam
2442 1004 2586 1053 illins
2608 1004 2762 1053 male·

1696 1079 1811 1130 ticae
1847 1082 2100 1144 potentis,
2138 1097 2252 1146 quae
2287 1081 2581 1131 transferre
2608 1079 2766 1131 homi-

1700 1174 1791 1209 nes
1818 1159 1869 1209 in
1906 1159 2106 1210 bestias
2129 1160 2442 1212 dicebatur:
2477 1162 2563 1211 ita
2601 1167 2661 1209 et
2683 1160 2765 1209 isti

1701 1250 1896 1298 omnes,
1916 1237 2004 1302 qui
2026 1238 2163 1296 intra
2180 1235 2369 1286 fundos
2393 1236 2622 1286 divitum
2644 1236 2767 1286 reci·

1702 1313 1935 1376 piuntur,
1967 1314 2115 1378 qnasi
2151 1313 2325 1363 Circei
2359 1312 2538 1376 poculi
2564 1312 2765 1363 transfi-

1703 1390 1973 1452 guratione
1995 1398 2280 1441 mutantur.
2346 1391 2482 1440 Nam
2505 1404 2642 1454 quos
2662 1404 2768 1439 sus·

1704 1467 1907 1529 cipiunt
1932 1475 1989 1516 ut
2022 1477 2302 1517 extraneos
2324 1473 2380 1516 et
2401 1467 2632 1528 alienos,
2652 1466 2772 1516 inci·

1704 1544 1857 1608 piunt
1900 1545 2093 1595 babere
2130 1547 2278 1611 quasi
2319 1545 2564 1609 proprios
2581 1561 2597 1594 t
2650 1560 2771 1609 quos

1704 1636 1819 1671 esse
1840 1629 2046 1673 constat
2063 1623 2333 1686 ingenuos,
2353 1627 2572 1670 vertunt
2597 1620 2653 1669 in
2671 1635 2770 1670 ser-

1707 1697 1834 1748 vos-³
1916 1700 2208 1763 symmach.
2249 1698 2341 1748 lib.
2384 1711 2425 1749 1.
2462 1697 2644 1761 Epist.
2692 1702 2768 1748 41.

1706 1783 1720 1809 ⁴
1744 1777 1921 1828 Suada
1962 1778 2143 1828 Circes
2178 1776 2405 1840 pocula.'
2472 1776 2619 1826 Vide
2657 1792 2768 1841 quat

1703 1854 1775 1903 ibi
1800 1862 1953 1905 notat
1990 1855 2076 1905 Fr„
2107 1854 2278 1906 Juret.
2302 1853 2552 1902 Meminit
2575 1861 2636 1904 et
2658 1854 2770 1904 Cir·

1704 1945 1792 1981 ces
1824 1930 1995 1980 Laert.
2032 1930 2120 1979 lib.
2143 1944 2204 1979 11.
2226 1930 2276 1979 in
2301 1929 2540 1979 Xenocr.
2565 1931 2634 1981 B.
2660 1929 2769 1981 Au-

1703 2015 1839 2070 gust.
1852 2006 1944 2057 lib.
1966 2020 2133 2057 xvur.
2154 2006 2222 2056 de
2238 2006 2381 2056 civit.
2397 2006 2528 2069 Dei,
2543 2021 2667 2070 cap.
2688 2010 2771 2058 17.

1703 2090 1758 2132 et
1778 2088 1856 2133 18.
1874 2084 2086 2147 aliique.
2155 2082 2467 2146 Elegantem
2504 2084 2772 2146 Mytholo·

1704 2157 1841 2222 giam
1865 2158 2101 2207 Circeam
2125 2157 2281 2207 habes
2303 2158 2355 2206 in
2372 2157 2774 2221 Epigrammate

1703 2234 1958 2298 Palladae,
1975 2236 2111 2297 quod
2133 2235 2346 2284 extatiu
2372 2235 2664 2300 Antbolog.
2686 2236 2771 2285 lib.

1702 2324 1742 2360 Ι.
1766 2311 1846 2361 tit.
1864 2309 1929 2361 εἰς
1939 2309 2126 2373 πόρνας·
2149 2310 2245 2369 Τὴν
2260 2310 2436 2375 Κίρκην
2449 2311 2509 2359 οὔ
2521 2320 2665 2374 φημι,
2680 2329 2761 2360 xc-

1701 2387 1788 2436 θὼς
1804 2386 2217 2452 εἴρηκεν”ομηρος,
2234 2388 2358 2438 ’Art’
2376 2389 2554 2452 ὀνδρῦν
2567 2390 2720 2438 ποιεῖν
2737 2386 2767 2446 ᾖ

1701 2464 1821 2514 σύας
1853 2462 1911 2524 ὴὲ
1946 2462 2118 2516 λύκους
2153 2463 2271 2516 Τοὺς
2304 2466 2426 2532 uiri-{5
2463 2464 2761 2532 προσιόντα

1703 2543 1863 2608 ἑταῖρα
1901 2544 1941 2593 δ’
1963 2542 2086 2594 οὖσα
2114 2547 2393 2609 πανοῦργος,
2424 2545 2548 2596 Τοὺς
2571 2549 2767 2596 &ellew-

1701 2617 1865 2669 θέντας
1886 2618 2225 2683 πτωχοτιίτους
2244 2619 2400 2671 ἐποίει.
2410 2624 2514 2671 Τῶν
2535 2622 2579 2671 δ’
2599 2623 2764 2687 ἄνθρω-

1702 2697 1841 2747 πείων
1875 2696 2225 2757 ἄποσυλήσασα
2257 2702 2523 2762 λογισμῶν,
2564 2697 2664 2749 Εἶτ’
2682 2698 2769 2749 ἀπ)

1700 2778 1797 2825 τῶν
1824 2773 1947 2825 meu
1990 2774 2138 2837 μηδὲν
2174 2772 2376 2837 ἔχοντας
2410 2775 2482 2831 ἔτι
2520 2774 2770 2840 ''Es-pepo,

1704 2850 1836 2903 ἔνδον
1880 2851 2061 2916 ἔχουσα
2104 2850 2237 2911 δίκην
2284 2850 2418 2915 ζώων
2474 2851 2765 2913 ἀλογίστου·

1700 2928 1917 2994 Ἐμφρων
1933 2929 1973 2979 δ’
1997 2929 2061 2979 ὢν
2084 2927 2326 2988 Ὀδυσεὺς,
2351 2928 2440 2987 τὴν
2461 2927 2672 2989 νεὼ-ητα
2689 2937 2770 2994 φν-

1702 3007 1819 3070 γὸν,
1840 3008 1949 3069 Οὐχ
1981 3008 2151 3071 *Ερμοῦ
2162 3005 2363 3070 φύσεως,
2377 3007 2416 3055 δ’
2434 3005 2555 3057 ἰδίας
2572 3006 2771 3073 ἔμφρονα

1703 3083 1939 3146 λογισμὸν
1968 3082 2086 3146 Εἶχε
2120 3081 2344 3145 γοητείας
2371 3081 2627 3148 φάρμακον
2648 3084 2770 3135 ἄντί·

1703 3169 1874 3211 παλον.
1918 3160 2072 3211 Quod
2126 3160 2205 3210 sic
2271 3159 2455 3208 Latine
2508 3161 2770 3210 convertit

1705 3236 2035 3286 doctissimus
2059 3243 2114 3286 et
2131 3243 2245 3300 opt4
2273 3237 2348 3284 vir
2369 3237 2634 3287 Matthias
2649 3240 2769 3288 Ber·

1704 3314 1852 3378 gius:
1901 3314 1918 3342 ⁴
1945 3313 2168 3365 Quando
2202 3313 2433 3363 homines
2457 3315 2655 3364 Circen
2687 3328 2772 3364 sue

1706 3391 1783 3440 ait
1818 3396 2043 3439 mutasse
2081 3389 2293 3455 lupove‚
2320 3389 2441 3440 Hoc
2465 3396 2652 3455 unani,
2675 3392 2770 3442 nisi

1705 3482 1805 3532 ego
1840 3467 2012 3531 fallor,
2037 3468 2297 3517 Homerus
2321 3469 2449 3533 agit,
2487 3468 2567 3519 Ut
2588 3471 2775 3520 doceat

1706 3546 1913 3597 blandae
1958 3556 2128 3596 mores
2169 3545 2467 3596 meretricis
2508 3554 2568 3597 et
2590 3556 2772 3610 artem,

1707 3624 1785 3672 Re
1820 3622 2040 3686 primum
2074 3636 2136 3672 ac
2171 3622 2339 3671 numis
2379 3637 2499 3687 quae
2545 3626 2770 3687 spoliare

1706 3701 1839 3749 solet
1857 3716 1870 3748 :
1897 3699 2039 3749 Hinc
2052 3706 2279 3748 mentem
2293 3706 2582 3749 excantare
2596 3699 2770 3750 simul:

1704 3777 1834 3825 Tum
1854 3776 2044 3825 deinde
2078 3782 2324 3827 carentes
2348 3775 2469 3837 His,
2490 3776 2774 3827 lutulento·

1709 3869 1819 3903 rum
1849 3867 2060 3916 pascere
2083 3867 2229 3902 more
2267 3867 2433 3902 suum.
2459 3854 2767 3917 Quam-pru·

1708 3930 1837 3980 dens
1860 3929 2097 3990 Ithacus,
2122 3935 2231 3978 tum
2248 3929 2437 3978 mentis
2454 3929 2645 3979 robore
2659 3944 2772 3993 sep·

1711 4012 1815 4067 tus,
1836 4006 1972 4055 Tum
2009 4005 2139 4054 vicit
2177 4004 2275 4054 fati
2310 4020 2405 4069 pro
2439 4006 2646 4056 ratione
2680 4006 2767 4054 sni.

1709 4083 1924 4132 Scilicet
1957 4081 2076 4132 huic
2113 4081 2309 4131 domita
2346 4088 2431 4131 est
2463 4090 2612 4132 recta
2651 4082 2768 4131 rati·

1711 4158 2043 4208 one.libido:
2081 4157 2202 4207 Hoc
2237 4164 2320 4207 est
2354 4158 2517 4223 moly,
2537 4173 2643 4208 una
2676 4158 2766 4206 hac

1708 4242 1854 4286 tutus
1878 4234 2046 4285 abivit
2068 4235 2204 4300 ope?
2227 4237 2377 4286 Idan.

1773 4310 2091 4377 Herbipotms
2112 4311 2303 4374 munus]
2318 4311 2554 4364 Glaucus
2573 4312 2640 4362 ad
2660 4312 2762 4364 Cir-
