3049 4928
973 363 1099 456 rm
1112 405 1489 456 LOSOPHIAE
1541 405 1684 456 LIB.
1732 406 1803 457 V·

2359 394 2490 463 385

327 568 502 617 cesse
531 552 675 632 erit,
702 550 1067 618 humanum
1098 569 1336 636 genum
1364 553 1480 620 *uti
1511 552 1722 637 paulo
1753 556 1904 617 ante
1935 555 2307 633 cantabas?
2351 555 2486 620 dis-

321 652 569 737 septum
594 663 801 740 atque
832 656 1239 743 disjunctum
1271 673 1396 721 suo
1433 655 1618 722 fonte
1647 655 2001 722 fatiscere.‘

378 873 393 901 ⁶
422 870 692 935 Separatum
718 889 750 923 a
780 887 866 923 suo
897 872 1136 938 princip-’o
1154 873 1332 939 perire.

1290 1032 1502 1084 No'rAE

372 1158 393 1184 ⁰
423 1151 569 1201 Paulo
590 1157 699 1202 ante
716 1154 961 1218 cantabas]
984 1153 1142 1205 Libro
1165 1153 1350 1206 videli-

320 1234 398 1277 cet
429 1234 623 1294 quarto,
643 1230 823 1280 Metro
846 1244 921 1282 vt.
957 1245 1110 1281 versu
1146 1235 1230 1282 43.
1262 1230 1353 1281 ubi

1441 1154 1778 1221 Philosophia
1793 1153 2117 1229 loquebatur.

1021 1536 1024 1539 ·
1126 1515 1636 1551 m

1089 1763 1515 1832 METRUM
1560 1762 1700 1832 III.

646 1949 1013 2029 QUAENAM
1048 1950 1309 2018 discors
1335 1953 1596 2019 foedera
1619 1969 1837 2018 rerum

646 2049 918 2119 Causaf
954 2055 1280 2119 msolvit‘t
1325 2056 1476 2140 quis
1504 2060 1689 2121 tanta
1717 2056 1907 2120 Deus
1924 2062 1952 2102 ⁸

640 2156 843 2223 Veris
875 2158 1115 2223 statuit
1144 2155 1324 2224 bella
1352 2155 1663 2238 duobuS,¹¹

369 2371 594 2427 Quanam
633 2387 775 2423 causa
811 2374 993 2424 discors
1024 2375 1214 2425 dirimit
1247 2375 1544 2426 concordini
1576 2374 1773 2427 rmm?
1804 2375 1908 2439 quis
1940 2375 2123 2425 Genius
2151 2372 2287 2437 ponit
2313 2375 2494 2423 tantan

1283 2541 1499 2593 NOTAE

362 2666 383 2698 f
410 2670 639 2725 Quaenam
660 2668 837 2721 dicem-s
854 2705 867 2720 .
890 2705 904 2722 .
932 2669 1112 2734 Cuma]
1142 2685 1182 2720 ι.
1216 2669 1351 2721 Boii·-

305 2743 452 2807 thius‚
477 2745 622 2797 facta
660 2746 848 2797 divinae
885 2748 1251 2812 praesensionis
1296 2753 1352 2798 et

303 2819 547 2874 libertatis
570 2824 807 2874 humanae
829 2826 1241 2889 comparatione,
1259 2825 1352 2873 mi-

303 2905 441 2950 ratur
459 2899 596 2964 quod
620 2899 736 2950 hoec
759 2908 812 2950 et
837 2900 924 2950 illa
946 2916 1174 2951 seorsum
1193 2900 1351 2952 firmis

304 2975 641 3028 demonstrari
689 2978 965 3029 videantur
1016 2982 1353 3045 argumentis,

305 3056 613 3118 conjunctim
637 3069 762 3104 vero
800 3056 966 3105 altera
986 3056 1053 3107 ab
1085 3059 1245 3109 altera
1267 3059 1355 3108 de-

305 3131 461 3181 strui:
496 3133 619 3182 hinc
655 3133 671 3159 ‘
690 3131 915 3182 causam’
947 3135 1082 3184 tanti
1122 3134 1355 3200 mysterii

303 3206 524 3271 inquirit.
566 3208 582 3236 ‘
603 3206 793 3257 Causa’
815 3215 986 3258 autem
1004 3210 1117 3261 haec
1139 3217 1355 3262 vocatur

299 3284 315 3311 ‘
328 3283 560 3348 discor-ef
586 3284 706 3349 quia
717 3284 925 3335 videtur
936 3283 1103 3336 soedus
1127 3274 1264 3337 inter
1282 3287 1356 3338 di-

309 3359 469 3411 vinam
515 3360 895 3425 praenotionem
950 3361 1354 3427 libertatemque

302 3435 570 3487 humanam
595 3434 815 3498 factum,
847 3443 938 3488 aut
959 3438 1142 3489 saltem
1162 3438 1356 3490 facien-

311 3511 445 3578 dum,
465 3514 731 3563 dirimere.

367 3597 391 3633 8
426 3590 550 3647 Quis
569 3590 728 3653 Deus]
751 3591 880 3640 Cum
902 3589 1145 3657 effectum
1163 3607 1266 3643 non
1287 3594 1355 3643 sit

305 3666 410 3717 sine
442 3681 537 3716 sua
558 3681 733 3729 causa,
746 3667 1002 3729 praedicta
1020 3669 1208 3719 divinae
1227 3671 1353 3720 Pro·-

302 3744 546 3795 videntioe
568 3750 624 3793 et
639 3743 892 3794 libertatis
907 3745 1142 3796 humanae
1166 3748 1354 3798 discor-

306 3820 407 3883 dia,
426 3821 576 3886 cujus
597 3819 846 3870 Boethius
862 3821 973 3883 jam
996 3825 1230 3873 conscius
1254 3831 1354 3887 est,

292 3910 509 3948 causam
535 3896 757 3961 aliquam
780 3897 988 3962 habeat,
1008 3914 1224 3951 necesse
1241 3908 1352 3951 est:

307 3991 418 4041 quae
449 3989 622 4037 causa,
640 3981 823 4040 utpote
853 3976 1048 4042 ignota,
1084 3978 1356 4029 dubitatur

310 4069 372 4104 an
405 4055 474 4104 sit
509 4056 660 4104 Deus
700 4054 905 4118 aliquis.
980 4057 1070 4106 Sic
1114 4056 1355 4122 Antiquis

308 4130 605 4181 dicebatur‘
623 4131 771 4181 Deus
790 4147 857 4181 ex
875 4134 1141 4196 machina,’
1159 4135 1266 4185 sive
1290 4149 1357 4184 ex

310 4207 587 4270 improviso
632 4222 888 4271 apparens
907 4227 920 4260 ε
991 4211 1149 4276 quod,
1187 4210 1359 4276 inquit

308 4287 510 4338 Tullius
532 4301 574 4338 1.
590 4286 656 4337 de
675 4287 802 4337 Nat.
827 4288 892 4337 D.
931 4288 946 4316 ‘
974 4290 1093 4356 quia
1115 4289 1359 4357 quemad-

441 4371 611 4434 Delph.
629 4375 679 4422 et
702 4371 818 4421 ναν.
835 4371 962 4421 Clas.

1330 4370 1507 4422 Boetia.

1439 2673 1650 2725 modum
1692 2677 1883 2723 natura
1922 2667 2133 2720 efficere
2171 2668 2282 2719 sine
2323 2667 2496 2732 aliqua

1431 2753 1613 2799 mente
1635 2748 1822 2812 possit,
1851 2760 1952 2794 non
1971 2744 2188 2807 videtis,
2224 2750 2284 2792 ut
2308 2745 2493 2807 tragici

1433 2818 1624 2889 poetae,
1648 2839 1768 2875 cum
1789 2824 2054 2886 explicare
2072 2824 2365 2885 argumenti
2390 2823 2498 2872 exi-

1434 2907 1545 2950 tum
1575 2915 1677 2951 non
1713 2901 1952 2965 potestis,
1984 2897 2264 2963 confugitis
2287 2899 2354 2949 ad
2384 2901 2489 2948 De·

1435 2993 1543 3040 um,
1570 2977 1718 3041 cujus
1739 2991 1950 3040 operam
1979 2974 2216 3040 profecto
2238 2990 2338 3025 non
2358 2976 2491 3025 desi-

1436 3055 1714 3118 deraretis,
1737 3055 1779 3105 si
1802 3055 2102 3113 immensam
2117 3058 2172 3102 et
2191 3051 2492 3105 intermina-

1438 3133 1621 3184 tamin
1656 3146 1834 3184 omnes
1870 3137 2045 3195 partes
2086 3127 2490 3191 magnitudinem

1435 3210 1707 3274 regionum
1738 3205 2029 3274 videretis!
2096 3204 2251 3258 Quod
2295 3205 2493 3255 Tullius

1435 3286 1702 3350 accepisse
1718 3286 1926 3336 videtur
1948 3298 2015 3334 ex
2037 3280 2275 3333 Platonis
2310 3283 2494 3346 Craty»

1435 3369 1488 3418 lo
1515 3378 1530 3415 ε
1565 3367 1655 3417 ubi
1678 3366 1693 3393 ‘
1714 3362 1811 3415 nisi
1826 3363 1987 3429 eane,’
2010 3362 2200 3428 inquit,
2220 3362 2492 3427 ‘quemad-

1436 3443 1645 3494 modum
1672 3439 2036 3505 tragoediarum
2068 3438 2371 3503 scriptores,
2396 3439 2495 3487 sic-

1436 3521 1526 3571 ubi
1564 3521 1831 3585 haeserint,
1858 3519 1925 3568 ad
1962 3516 2225 3567 machinas
2260 3515 2492 3580 confugi-

1434 3607 1551 3664 unt,
1570 3601 1716 3650 Deos
1738 3595 2102 3649 sustollentes?

1499 3675 1523 3710 ¹¹
1585 3673 1985 3737 Veris...daobus]
2041 3673 2248 3736 Nempe
2299 3669 2487 3719 divinat

1435 3754 1814 3816 Providentiae,
1847 3759 1903 3803 et
1940 3751 2171 3801 libertati
2228 3748 2492 3797 humanae:

1435 3835 1496 3879 ut
1514 3829 1651 3879 enim
1672 3844 1847 3878 verum
1867 3832 1970 3890 est,
1987 3828 2155 3879 Deum
2169 3824 2340 3875 omnia
2361 3838 2495 3886 prava

1436 3920 1672 3968 noscere,
1692 3906 1766 3955 sic
1790 3906 1949 3954 etiam
1984 3917 2161 3953 verum
2198 3905 2300 3961 est,
2335 3899 2497 3948 homi*-

1436 3982 1587 4033 nibus
1611 3984 1777 4031 inesse
1812 3980 2011 4031 arbitrii
2048 3979 2375 4033 libertatem:
2427 3977 2497 4024 al·

1438 4064 1608 4108 terum
1642 4065 1816 4107 tamen
1852 4058 1928 4108 ita
1960 4055 2167 4107 videtur
2189 4069 2303 4104 cum
2328 4054 2496 4101 altero

1438 4150 1693 4200 pugnare,
1722 4141 1797 4198 ut,
1826 4132 2058 4198 quamvis
2080 4144 2310 4181 seorsum
2336 4134 2494 4180 stent.

1439 4213 1758 4276 conjunctim
1783 4218 1953 4262 tamen
1988 4222 2101 4258 sese
2134 4207 2403 4257 destruere
2428 4201 2499 4250 vi-

1437 4289 1675 4340 deantur.

2255 4365 2286 4410 2
2322 4360 2368 4407 B
