3049 4928
554 417 855 470 Boss'rml
907 424 953 471 D
968 424 1003 470 E
1050 420 1359 471 consol..

309 570 400 626 est,
420 564 651 629 profecto
675 575 1042 631 commentum,
1061 568 1198 632 qnod
1212 566 1345 618 falso

309 642 396 690 snb
419 643 478 691 D.
494 643 694 693 'l'liontae
718 643 994 709 Aquinatis
1017 645 1220 694 nomine
1246 643 1345 692 cir·

293 717 613 769 ‚cumferturz
682 723 819 785 quod
875 721 971 770 viri
1033 720 1346 770 sanctissimi

302 795 444 858 juxta
462 811 521 845 ac
553 797 833 846 doctissimi
865 811 967 847 non
992 811 1106 847 esse
1131 805 1238 846 tum
1268 799 1346 860 ip·

307 886 409 920 snm
448 872 707 923 scribendi
751 888 932 938 genus,
969 881 1025 924 et
1065 875 1227 923 multa
1268 874 1342 921 in·

307 948 428 996 scite
480 948 899 1013 ineptissimeqne
950 950 1182 1013 prolata3
1236 957 1344 998 tum

306 1021 718 1074 hallucinationes
772 1025 1068 1086 innumerae,
1117 1026 1237 1075 hinc
1290 1033 1344 1076 et

305 1099 417 1148 inde
439 1101 580 1164 operi
599 1101 1213 1165 inspersa-‚confirmauit
1239 1101 1350 1150 vel-

309 1178 377 1224 ini
411 1177 608 1226 eumad
645 1179 758 1227 haec
794 1177 953 1226 verba
990 1177 1080 1227 lib.
1102 1192 1188 1226 nt.
1222 1176 1346 1227 ‘Al-

305 1251 510 1301 cibiadis
532 1254 801 1317 superficie
826 1254 1222 1317 pulcherrimum
1237 1269 1347 1304 cor-

308 1329 433 1392 pus,’
465 1333 563 1379 dcc.
586 1331 680 1391 ait,
714 1333 734 1359 ⁶
756 1332 900 1379 Nota
936 1331 1076 1394 quod
1118 1329 1346 1380 Alcibia-

305 1404 390 1453 des
426 1407 605 1454 mulier
637 1405 739 1455 fnit
781 1407 1143 1470 pulcherrima,
1195 1421 1348 1469 quam

307 1481 528 1529 videntes
560 1482 772 1545 quidam
809 1483 1049 1546 discipuli
1086 1484 1345 1534 Aristote-

304 1556 381 1618 lis,
402 1558 661 1608 duxerunt
683 1573 796 1608 eam
820 1560 888 1608 ad
912 1560 1266 1621 Aristotelem,
1289 1569 1350 1611 ut

301 1634 457 1697 ipsam
477 1637 715 1697 videret;
748 1651 851 1700 qna
872 1638 984 1685 visa
1006 1638 1156 1698 dixit,
1183 1639 1238 1687 Si
1259 1640 1350 1688 ho-

302 1711 455 1761 mines
497 1715 679 1762 oculos
722 1714 930 1776 lynceos
977 1714 1246 1775 haberent,
1290 1724 1350 1764 nt

303 1802 509 1852 qnaeqne
526 1791 791 1839 obstantia
815 1799 1168 1855 penetrarent,
1188 1792 1349 1841 intro-

303 1866 486 1927 spectis
510 1866 816 1928 visceribus,
852 1883 1059 1931 corpuS,
1092 1869 1227 1933 qnod
1257 1882 1348 1933 ap·

303 1950 444 2003 paret
463 1944 884 2006 pulcherrimum,
900 1946 1250 2008 turpissimum
1272 1947 1350 1994 vi·

302 2016 541 2069 deretur!
575 2020 669 2069 ubi
697 2033 800 2068 non
837 2035 939 2069 nno
968 2034 1146 2070 errore
1167 2017 1350 2084 pecca·

304 2102 405 2144 tum
428 2105 533 2146 est:
568 2103 626 2146 et
651 2095 842 2145 ibidem
865 2098 1085 2146 Taenara
1105 2097 1251 2147 dicta
1279 2098 1295 2125 ‘
1319 2111 1352 2146 a

303 2171 508 2235 threnis,
529 2173 672 2237 qnod
710 2174 849 2237 apud
874 2172 1080 2224 Inferos
1116 2175 1185 2224 sit
1216 2176 1351 2225 titre·

300 2262 390 2299 nus
423 2259 476 2300 et
498 2250 803 2300 lamentatio
823 2249 857 2300 ε’
891 2258 952 2301 ut
981 2257 1176 2301 catera
1199 2251 1350 2302 omit-

223 2348 227 2356 ·
302 2325 402 2375 iam
436 2328 660 2390 plurima
698 2341 846 2392 inque
881 2326 1080 2391 putida.
1142 2327 1350 2377 Deinde

302 2415 411 2450 cum
450 2403 493 2452 is
535 2401 747 2452 adferre
790 2403 960 2453 soleat
998 2404 1350 2454 testimonium

302 2479 450 2530 Alani
492 2481 559 2531 de
610 2481 822 2540 Insuiis,
861 2482 953 2546 qni
988 2495 1197 2531 carmen
1242 2482 1259 2510 ‘
1283 2481 1351 2533 de

300 2557 504 2619 planctu
536 2565 737 2606 naturae
760 2564 816 2606 et
837 2558 1071 2607 scientiae
1089 2557 1106 2581 '
1140 2558 1351 2622 scripsit

298 2631 429 2682 circa
466 2647 659 2681 annum
709 2633 947 2683 nimirum
995 2647 1160 2684 mccc.
1226 2635 1352 2685 Div.

301 2721 420 2757 vero
482 2710 708 2758 Thomas
777 2712 1150 2767 mortalitatem
1215 2724 1351 2761 anno

302 2796 635 2857 nccuguu.
699 2787 935 2849 exuerit3
1000 2789 1126 2839 Div.
1202 2797 1352 2839 certe

298 2861 541 2912 'rhomam
565 2876 669 2913 non
692 2864 881 2913 citasse
909 2864 1104 2929 scripta
1126 2865 1352 2916 nondum

299 2940 572 2989 scribentis
590 2953 912 3004 consequens
934 2948 1034 2991 est.
1079 2942 1175 2992 Est
1196 2941 1354 3006 igitur

296 3016 507 3067 Thomas
554 3018 797 3069 Gelensis
852 3032 940 3067 sen
997 3018 1225 3083 Angiici‚
1278 3021 1353 3069 sic

293 3093 607 3145 'mirmmti
637 3094 794 3145 codd.
829 3092 1048 3159 variant,
1090 3097 1239 3160 cnjus
1275 3105 1355 3147 est

297 3179 354 3221 et
373 3186 436 3222 ea
454 3174 668 3223 Samma
694 3174 921 3236 Logica’,
957 3188 1112 3239 qnam
1144 3182 1354 3238 vocant,

297 3263 409 3314 quae
447 3252 516 3300 D.
540 3252 756 3300 Thonm
790 3265 976 3300 nomen
1012 3251 1260 3315 pra-fert:
1294 3254 1355 3302 li-

297 3324 455 3375 brarii
472 3329 614 3376 euim
624 3327 845 3376 nominis
858 3327 1112 3377 affinitate
1129 3328 1356 3392 decepti,

298 3402 382 3451 ubi
419 3404 678 3466 scriptum
709 3401 829 3466 fuit,
864 3402 1106 3453 ‘Thomae
1146 3402 1357 3468 Anglici

296 3477 408 3528 ord.
464 3479 829 3529 Praedicator.’
877 3480 1230 3544 reponendum
1270 3496 1359 3545 pu·

300 3562 566 3618 taverunt,
635 3558 651 3584 ‘
676 3557 889 3606 Thomae
948 3558 1187 3621 Angelici
1247 3560 1358 3607 ord.

297 3632 550 3684 Praedie.'
632 3634 817 3698 Neque
864 3634 1052 3685 desunt
1103 3635 1190 3699 qni
1235 3637 1360 3684 scri·

299 3711 425 3762 bant
459 3712 698 3776 ejusdem
744 3714 952 3762 Thomae
999 3712 1205 3777 Angiici
1243 3728 1359 3764 esse

299 3789 684 3839 commentaria
737 3790 791 3839 in
843 3789 1110 3852 Genesim,
1152 3789 1358 3855 Isaiam,

299 3865 604 3930 Jeremiam,
625 3867 789 3930 Epist.
812 3866 1097 3916 Canonicas
1130 3874 1185 3916 et
1215 3867 1358 3932 Apo—

299 3942 572 4007 calypsim,
606 3956 722 4007 qnae
754 3942 922 3991 eidem
957 3943 1081 3991 divo
1116 3943 1229 3992 viro
1268 3944 1358 3994 tri-

296 4017 548 4068 buuntur.
630 4021 750 4070 Hoc
793 4019 1098 4082 monuimus,
1140 4034 1205 4070 ne
1245 4021 1358 4086 quis

300 4107 366 4142 ca
386 4093 635 4159 deinceps
659 4110 752 4159 pro
776 4095 1015 4144 sanctiss.
1032 4096 1127 4144 viri
1147 4096 1357 4160 scriptis

301 4170 527 4232 babeat;
559 4180 649 4222 aut
667 4172 734 4221 de
753 4172 814 4220 iis
840 4172 978 4235 loqui
1003 4179 1155 4236 putet
1178 4173 1358 4223 Politi-

303 4258 460 4294 anum
515 4247 636 4310 [nisi
682 4248 726 4296 si
769 4248 945 4311 lapsus
988 4249 1091 4311 est]
1146 4263 1260 4313 cap.
1308 4255 1355 4301 1.

302 4318 777 4385 miscellaneorum,
814 4323 906 4372 sed
940 4325 1005 4372 de
1039 4326 1101 4374 iis
1144 4340 1261 4390 quae
1304 4328 1356 4378 in

302 4395 480 4448 Boetii
502 4398 658 4450 libros
684 4399 748 4449 de
771 4399 1026 4451 Trinitate
1051 4409 1109 4452 et
1124 4402 1189 4455 de
1212 4403 1358 4453 Heb-

1409 418 1852 468 Pulmscwn.
1902 418 2044 467 ms.
2092 419 2203 467 111.
2348 404 2480 468 507

1423 564 1683 614 domadib.
1708 564 1936 628 scripsit.
1980 563 2153 613 Vallia.

1486 642 1559 690 Ta
1580 640 1789 703 triplicis
1821 640 2049 702 mediam}
2093 641 2349 689 Summam
2387 640 2479 689 hu-

1410 718 1500 782 jns
1522 717 1782 781 dogmatis
1828 717 1905 765 ita·
1936 722 2173 767 recenset
2213 716 2480 780 Diogenes

1423 795 1660 845 Laertius
1686 795 1819 844 libro
1842 794 2086 856 tertio,in
2105 809 2207 859 quo
2231 794 2336 843 vita
2359 796 2479 844 Pia-

1423 872 1555 921 tonis
1571 887 1585 920 t
1601 872 1617 899 ‘
1629 871 1927 921 Definiebat
1944 873 2163 921 animam
2181 885 2294 921 esse
2309 872 2477 921 ideam

1423 949 1630 1011 penitus
1655 947 1837 997 remoti
1861 948 2091 1011 spiritus,
2128 943 2347 1009 seipsam
2371 962 2479 997 mo·

1423 1032 1626 1075 ventem
1651 1031 1706 1073 et
1726 1033 1919 1074 motum
1944 1030 2278 1088 praestantem
2295 1038 2480 1088 corpo-

1421 1102 1485 1163 ri,
1509 1109 1566 1151 et
1603 1114 1715 1150 esse
1748 1101 2083 1165 tripartitam.
2157 1100 2480 1150 Rationalem

1421 1179 1581 1243 ipsius
1607 1185 1805 1241 partem
1841 1178 1997 1228 sitam
2014 1178 2066 1227 in
2087 1177 2279 1242 capite,
2300 1177 2481 1229 irasci-

1427 1253 1583 1303 bilem
1619 1255 1675 1302 in
1717 1252 1894 1317 corde,
1936 1254 2390 1318 concupiscibilem
2431 1256 2481 1301 in

1423 1331 1670 1380 umbilico
1690 1338 1744 1380 et
1757 1330 1940 1394 jecore
1964 1332 2251 1380 consistere
2274 1348 2288 1379 ε
2314 1332 2483 1380 conti-

1422 1421 1549 1456 nere
1572 1408 1696 1455 item
1734 1420 1800 1455 ex
1836 1406 2008 1455 medio
2052 1420 2257 1470 semper
2291 1419 2482 1469 corpus

1425 1498 1517 1549 per
1540 1498 1741 1549 gyrum,
1763 1492 1924 1547 atque
1958 1497 2022 1531 ex
2057 1483 2331 1532 elementis
2355 1495 2480 1531 con-

1424 1570 1595 1611 stare:
1645 1561 1967 1625 divisamque
2008 1559 2288 1610 secundnm
2347 1559 2482 1609 Har-

1426 1639 1611 1688 moniae
1635 1638 1929 1698 intervalla,
1952 1637 2081 1685 dnos
2098 1636 2250 1686 orbes
2274 1634 2483 1686 efficere

1424 1716 1748 1780 conjunctos,
1787 1727 1849 1762 ex
1875 1713 1955 1762 his
1975 1713 2276 1762 interiorem
2314 1712 2482 1762 circu·

1423 1793 1534 1841 inm
1553 1792 1605 1840 in
1631 1805 1723 1840 sex
1745 1789 1874 1838 alios
1897 1788 2129 1850 scissum,
2167 1794 2369 1852 septem
2402 1801 2484 1837 re·

1422 1870 1592 1934 liquos
1615 1868 1836 1917 circulos
1858 1863 2054 1926 facere,
2086 1878 2305 1929 eumque
2328 1865 2484 1928 juxta

1425 1947 1735 1995 diametrum
1753 1943 1820 1992 ad
1855 1943 2038 1993 laevam
2061 1941 2375 1990 intrinsecus
2392 1941 2482 1989 ha·

1425 2024 1551 2073 bere
1579 2021 1775 2083 sedem,
1810 2020 2028 2070 alterum
2054 2032 2178 2067 vero
2200 2016 2483 2068 secundum

1424 2103 1559 2151 latus
1582 2100 1648 2149 ad
1681 2099 1942 2161 dextram,
1965 2097 2186 2163 ideoque
2208 2096 2375 2161 ipsum
2399 2097 2485 2145 ob·

1426 2178 1612 2241 tinere,
1671 2176 1805 2241 quod
1864 2177 1934 2225 sit
1990 2175 2205 2224 unicus:
2265 2172 2484 2222 alterum

1425 2256 1620 2321 qnippe
1656 2253 1872 2302 interius
1907 2252 1963 2300 in
1996 2251 2171 2315 plures
2208 2263 2319 2298 esse
2356 2248 2487 2298 divi·

1426 2344 1560 2393 snm,
1578 2339 1733 2394 atque
1753 2329 1890 2378 hunc
1923 2327 2107 2392 ipsius,
2135 2326 2251 2374 illos
2272 2325 2487 2374 alterius

1426 2422 1578 2458 esse:
1614 2406 1791 2457 dicens
1823 2407 1956 2454 hanc
1978 2403 2185 2470 quidem
2223 2402 2399 2462 animi,
2422 2403 2484 2451 ii-

1424 2486 1529 2535 lam
1553 2497 1673 2533 vero
1698 2481 1923 2531 universi
1946 2495 2058 2530 esse
2089 2478 2388 2541 motionem,
2405 2492 2488 2528 er·

1427 2560 1757 2622 rantinmqne
1776 2555 2002 2606 siderum
2026 2563 2215 2618 motus,
2234 2555 2309 2605 ita
2325 2570 2380 2605 se
2399 2554 2486 2603 ha·

1427 2638 1634 2698 bentes,
1654 2642 1715 2685 ut
1748 2648 1816 2684 ex
1844 2633 2017 2682 medio
2053 2631 2124 2682 sit
2164 2631 2344 2681 scissio
2385 2631 2485 2680 sibi

1427 2713 1492 2763 ad
1509 2720 1742 2762 extrema
1758 2723 2046 2774 congruens
2067 2716 2223 2773 atque
2240 2708 2485 2772 conjunc·

1429 2795 1505 2851 ta,
1520 2802 1671 2837 nosse
1705 2800 1819 2852 quse
1857 2791 1978 2834 sunt
2011 2791 2168 2848 atque
2200 2788 2401 2847 aptare,
2422 2797 2487 2831 eo

1428 2864 1568 2931 quod
1600 2864 1651 2913 in
1677 2878 1733 2913 se
1757 2863 1872 2926 ipsa
1892 2875 1987 2925 per
2009 2860 2345 2910 Harmoniam
2382 2859 2488 2908 ele-

1429 2949 1607 2993 menta
1648 2942 1856 2991 babeat.
1941 2939 2011 2989 Et
2048 2937 2347 3002 opinionem
2378 2938 2488 3003 qui·

1428 3020 1550 3070 dem
1573 3020 1688 3069 fieri
1709 3018 1989 3069 secundum
2010 3015 2224 3066 alterius
2241 3015 2487 3064 circulum

1429 3112 1486 3147 se
1524 3096 1896 3160 subrigentem,
1930 3094 2199 3144 scientiam
2246 3104 2370 3139 vero
2406 3104 2485 3141 se·

1430 3175 1658 3224 cundum
1685 3172 1837 3223 alium
1862 3172 1947 3237 qni
1970 3171 2041 3221 sit
2064 3168 2239 3218 idem.’
2296 3169 2359 3217 B.
2385 3169 2490 3217 An·

1432 3252 1629 3314 gustin.
1668 3250 1758 3299 lib.
1778 3262 1906 3299 xm.
1957 3249 2039 3298 De
2059 3247 2174 3297 civ·
2194 3245 2320 3308 Dei,
2340 3260 2387 3294 c.
2410 3248 2489 3293 17.

1429 3330 1446 3357 ⁴
1468 3329 1623 3378 Hanc
1648 3328 1870 3377 animam
1894 3327 2049 3375 Plato
2070 3323 2138 3374 ab
2173 3323 2355 3372 intimo
2385 3330 2490 3370 ter-

1432 3419 1505 3454 rae
1531 3404 1721 3467 medio,
1742 3403 1879 3468 quod
1913 3403 2210 3452 Geometras
2239 3400 2490 3448 Centrum

1435 3488 1642 3543 vocant,
1669 3495 1762 3544 per
1786 3494 1962 3530 omnes
1985 3484 2160 3542 partes
2185 3476 2299 3540 ejus
2326 3488 2489 3540 usque

1435 3559 1501 3608 ad
1521 3559 1637 3609 coeii
1660 3572 1855 3607 summa
1873 3564 1928 3606 et
1946 3563 2180 3606 extrema
2197 3551 2417 3603 diffundi
2434 3559 2492 3602 et

1434 3635 1652 3685 extendi
1674 3649 1771 3699 per
1791 3647 2029 3683 numeros
2053 3632 2282 3682 Musicos
2310 3630 2490 3694 opina·

1434 3719 1541 3774 tur,
1565 3719 1623 3761 ut
1647 3711 1714 3760 sit
1739 3711 1836 3760 iste
1864 3709 2092 3760 Mundus
2124 3708 2307 3757 animal
2332 3706 2494 3755 maxi-

1433 3803 1587 3850 mum,
1608 3788 1979 3849 beatissimum,
1993 3787 2381 3849 sempiternum,
2402 3797 2490 3831 cn·

1422 3865 1511 3929 jus
1534 3864 1703 3912 anima
1727 3874 1782 3913 et
1806 3862 2094 3927 perfectam
2120 3861 2390 3925 sapientiae
2414 3859 2490 3910 fe-

1432 3941 1685 3989 licitatem
1706 3946 1934 4000 teneret,
1947 3947 2002 3988 et
2020 3953 2206 4002 corpus
2227 3938 2491 4002 proprium

1433 4031 1535 4066 non
1558 4016 1894 4080 relinqueret,
1931 4015 2182 4080 cujusque
2217 4028 2404 4077 corpus
2435 4021 2493 4063 et

1434 4095 1485 4144 in
1510 4100 1762 4144 aeternum
1802 4106 1868 4139 ex
1911 4090 2001 4139 illa
2043 4092 2260 4153 viveret,
2298 4099 2356 4139 et
2375 4103 2490 4139 eam

1434 4169 1666 4234 quamvis
1702 4181 1804 4217 non
1837 4166 2073 4230 simplex,
2093 4167 2184 4215 sed
2209 4173 2286 4215 tot
2309 4180 2492 4229 corpo-

1432 4247 1575 4296 ribus
1596 4244 1854 4309 tantisqne
1874 4253 2221 4305 compactum,
2241 4242 2492 4293 hebetare

1432 4331 1592 4386 atque
1616 4319 1825 4370 tardare
1848 4333 1951 4368 non
1973 4316 2186 4380 posset.’
2220 4317 2392 4367 Situs.
2428 4355 2434 4361 .
2472 4332 2479 4341 ·

1503 4396 1674 4448 Caesis
1697 4396 1882 4446 animas
1900 4393 2113 4458 paribus,
2151 4394 2363 4458 vitasque
2400 4396 2488 4444 mi-
