3049 4928
589 415 828 463 BoE'rH
841 416 890 463 ΙΙ
942 415 1037 463 DE
1083 413 1392 464 consol..

306 556 401 607 lib.
451 570 572 608 xvi.
639 559 724 608 De
772 557 929 609 civit.
970 558 1091 621 Dei,
1156 563 1365 622 σιμ-9.

305 633 462 684 Idem.

368 710 629 760 Ptolemoeo
663 710 916 775 probante]
982 711 1144 763 Initio
1184 713 1275 763 lib.
1302 728 1365 764 11.

300 802 505 851 magnae
537 786 819 851 Συντάξεως,
853 790 936 839 cui
967 790 1229 840 consentit
1260 791 1368 840 Pli-

303 864 420 913 nins
440 863 558 913 eod.
583 865 700 914 loco
720 883 736 915 z
771 878 922 929 quem
953 865 1076 930 quia
1112 867 1368 930 respexis-

302 954 358 989 se
384 939 594 990 videtur
614 941 697 990 hic
715 941 949 1003 Boetius,
973 949 1029 990 tu
1054 956 1263 1008 quoque
1293 944 1369 993 iu·

302 1016 465 1080 spice.
534 1018 662 1066 Eam
688 1025 863 1067 tamen
880 1017 1103 1068 habitati
1125 1019 1263 1069 orbis
1286 1035 1366 1069 ra-

304 1094 499 1143 tionem
553 1093 835 1144 Veteribus
879 1094 1156 1157 creditam,
1195 1097 1364 1146 minus

304 1184 485 1220 veram
527 1169 707 1231 fuisse,
736 1170 1044 1234 jamdudum
1089 1180 1362 1223 nautarum

299 1253 599 1296 nostrorum
638 1245 820 1296 docuit
852 1247 1046 1296 crebris
1084 1248 1371 1313 navigatio·

299 1321 453 1371 uibus
475 1328 626 1385 parta
646 1323 985 1385 experientia.
1031 1324 1205 1375 Vallia.

362 1398 612 1462 Loquendi
643 1399 944 1463 diversitate]
1001 1400 1135 1450 Vide
1169 1403 1234 1452 B.
1256 1402 1366 1452 Au-

300 1475 498 1538 gustin.
521 1475 610 1523 lib.
634 1488 757 1524 xix.
798 1476 866 1525 de
907 1477 1062 1526 civit.
1088 1477 1207 1541 Dei,
1244 1493 1364 1544 cap.

299 1554 351 1599 ’1.
388 1550 563 1601 Sitzm.

367 1628 539 1677 AEtate
580 1629 778 1693 denique
812 1630 972 1679 Marci
1019 1631 1181 1694 Tullii,
1218 1632 1366 1681 sicuti

298 1705 402 1766 ipse
423 1706 620 1767 quodam
641 1707 736 1754 loco
758 1706 1031 1771 significat]
1081 1708 1145 1757 In
1168 1709 1365 1758 sonniio

300 1783 581 1845 Scipionis.
599 1785 614 1811 ‘
629 1785 710 1833 Ex
728 1785 805 1833 his
827 1785 995 1849 ipsis,'
1018 1786 1201 1851 inquit,
1224 1788 1239 1814 ‘
1257 1788 1366 1836 cul-

300 1858 368 1906 tis
411 1858 653 1922 notisque
695 1859 866 1920 terriS,
928 1874 1047 1909 num
1093 1868 1184 1910 aut
1218 1870 1364 1912 tuum

301 1943 394 1985 aut
412 1934 714 2001 cujusquam
750 1945 983 1987 nostrum
1019 1954 1206 1988 nomen
1231 1941 1366 1990 ultra

301 2013 594 2063 Caucasum
613 2014 769 2078 hunc,
801 2029 954 2079 quem
992 2017 1178 2078 cernis,
1225 2024 1364 2068 trau-

299 2091 553 2139 scendere
593 2092 783 2154 potuit,
826 2091 908 2140 vel
951 2092 1091 2142 illum
1126 2093 1364 2159 Gangem

304 2171 640 2216 transnatare
659 2167 697 2216 ?'
729 2168 958 2218 Bernart.

368 2243 512 2292 Sicut
532 2243 634 2306 ipse
654 2247 853 2307 quodam
875 2246 974 2294 loco
992 2245 1263 2311 signifieat]
1300 2248 1364 2297 In

298 2319 437 2369 libro
477 2320 682 2372 scilicet
726 2322 794 2370 de
835 2323 1045 2373 Somnio
1088 2324 1364 2388 Scipionis.

301 2396 610 2446 Macrobius
633 2397 764 2447 libro
787 2399 1033 2463 secundo,
1069 2401 1247 2464 capite
1275 2400 1367 2451 de-

301 2473 471 2521 cimo:
508 2474 523 2501 ‘
543 2473 778 2539 Gangem
805 2482 1093 2539 transnare,
1123 2479 1204 2526 vel
1227 2483 1368 2527 tran-

302 2550 560 2599 sceudere
595 2550 882 2601 Caucasum
905 2554 1126 2602 Romani
1149 2553 1367 2603 nominis

301 2625 571 2677 famanon
604 2626 804 2677 valuit!
840 2628 1009 2679 Sitzm.

377 2704 598 2759 Quodam
619 2705 742 2769 loeo]
779 2706 937 2756 Libro
959 2721 1038 2756 vr.
1070 2706 1135 2757 de
1160 2706 1368 2773 Repub.

304 2780 363 2829 in
389 2780 603 2830 Somnio
624 2782 903 2844 Scipionis.
947 2784 1120 2834 Vallia.

375 2858 664 2921 Caucasum]
694 2859 956 2910 Jordanus
977 2861 1041 2911 de
1066 2861 1240 2911 Rebus
1262 2862 1369 2912 Ge·

301 2933 428 2982 ticis
467 2934 539 2982 ita
582 2933 835 2985 describit
870 2936 1192 2987 Caucasum:
1230 2940 1245 2966 ‘
1267 2939 1369 2988 Cu-

297 3010 391 3072 jus
414 3011 606 3060 montis
626 3011 745 3074 quia
766 3011 915 3060 facta
947 3013 1134 3063 iterum
1170 3014 1368 3063 mentio

300 3096 410 3144 est,
434 3102 535 3135 uon
558 3087 623 3136 ab
658 3101 713 3135 re
750 3088 974 3138 arbitror
997 3089 1105 3155 ejus
1143 3097 1368 3140 tractum

298 3163 570 3227 situmque
614 3163 930 3227 describere,
965 3166 1171 3230 quando
1210 3168 1370 3217 maxi-

302 3252 443 3286 mam
470 3244 673 3302 partem
711 3240 851 3289 orbis
877 3243 1107 3291 noscitur
1145 3244 1369 3294 circuire

292 3315 434 3379 jugo
455 3316 718 3367 continuo.
786 3317 840 3366 Is
878 3333 1103 3383 namque
1140 3320 1205 3370 ab
1226 3321 1369 3370 Indi-

301 3406 371 3441 co
403 3392 533 3440 mari
572 3408 806 3458 surgens,
843 3411 943 3459 qua
987 3397 1254 3448 meridiem
1291 3413 1371 3448 re·

305 3468 493 3530 spicit,
513 3470 619 3518 sole
646 3477 923 3534 vaporatus
943 3472 1186 3524 ardescit.
1253 3475 1372 3526 Qua

301 3545 660 3607 septentrioni
682 3553 850 3610 patet,
885 3548 1175 3611 rigentibus
1198 3552 1371 3602 ventis

306 3626 393 3668 est
416 3619 668 3670 obnoxius
692 3629 746 3672 et
766 3624 985 3686 pruinis.
1053 3627 1181 3677 Mox
1201 3628 1253 3677 iu
1275 3629 1371 3692 Sy·

304 3696 439 3744 riam
478 3704 695 3748 curvato
736 3701 927 3763 angulo
969 3700 1207 3760 reflexus,
1244 3705 1371 3754 licet

309 3771 535 3821 amnium
575 3774 820 3835 plurimos
855 3776 1102 3840 emittat3
1134 3779 1187 3828 in
1221 3780 1371 3830 Asia-

307 3864 428 3899 nam
450 3855 624 3899 tamen
644 3851 909 3914 regionem
926 3853 1247 3916 Euphratem
1280 3856 1372 3904 Ti·

307 3926 545 3989 grimque
612 3926 883 3988 navigeros
933 3929 999 3977 ad
1076 3931 1372 3993 opinionem

309 4002 584 4051 maximam
607 4004 909 4066 perennium
934 4002 1157 4055 fontium
1194 4009 1372 4071 copio-

311 4077 383 4126 sis
404 4076 581 4125 fundit
606 4078 870 4129 uberibus.
935 4081 1038 4132 Qui
1076 4086 1373 4147 amplexan-

310 4160 392 4201 tes
415 4159 589 4202 terras
613 4152 964 4216 Assyriorum,
999 4157 1373 4221 Mesopotami-

309 4243 397 4276 am
423 4235 479 4277 et
504 4229 754 4291 appellari
778 4228 995 4293 faciunt,
1019 4238 1075 4281 et
1096 4235 1283 4297 videri,
1322 4237 1375 4286 in

307 4305 482 4354 sinum
518 4304 680 4354 Maris
701 4305 867 4356 Rubri
896 4305 1093 4359 fluenta
1115 4309 1375 4375 deponen-

2381 403 2515 470 477

1447 561 1548 606 tes.
1629 556 1781 606 Tune
1832 556 1884 605 in
1940 558 2166 607 Boream
2223 564 2516 622 revertens,

1445 632 1713 697 Scythiam
1753 639 1950 683 terram
2002 634 2188 697 jugum
2227 634 2514 685 antefatum

1446 711 1650 773 magnis
1686 707 1911 759 flexibus
1951 718 2302 775 pervagatur:
2355 719 2515 776 atque

1442 785 1639 836 ibidem
1660 787 2021 850 opinatissima
2039 787 2253 838 flumina
2294 788 2348 838 iu
2381 788 2512 840 Cas·

1447 863 1590 926 pinm
1614 878 1756 913 mare
1775 864 2114 928 profundens,
2135 863 2369 926 Araxen,
2382 866 2514 928 Cys-

1445 955 1579 1002 sum,
1596 949 1650 989 et
1669 941 1981 1006 Cambysen,
2002 942 2411 1006 continuatoque
2427 942 2512 1005 ju-

1444 1032 1511 1079 go
1537 1016 1604 1065 ad
1631 1017 1876 1079 Riphoeos
1901 1029 2063 1083 usque
2097 1026 2304 1070 montes
2327 1025 2512 1068 exten-

1443 1092 1607 1143 ditur.
1675 1093 1911 1159 Indeque
1945 1095 2208 1158 Scythicis
2262 1094 2512 1158 gentibus

1445 1168 1601 1217 dorso
1648 1182 1742 1218 suo
1803 1170 2076 1219 terminum
2137 1169 2394 1234 praebens,
2448 1170 2513 1224 ad

1442 1243 1671 1292 Pontum
1696 1259 1860 1309 usque
1889 1245 2194 1296 descendit:
2230 1246 2512 1298 consertis·

1443 1334 1544 1385 que
1583 1320 1808 1371 collibus
1854 1320 2027 1371 Histri
2065 1336 2270 1385 quoque
2314 1320 2514 1372 fluenta

1443 1397 1722 1461 contingit,
1756 1413 1857 1463 quo
1894 1398 2060 1448 amnis
2106 1400 2297 1448 scissus
2338 1398 2512 1447 dehis·

1443 1491 1589 1537 cens,
1624 1477 1679 1525 in
1701 1477 1919 1541 Scythia
1956 1492 2161 1542 quoque
2197 1478 2397 1527 Taurus
2424 1490 2509 1526 vo-

1442 1558 1612 1603 catur.
1660 1554 1800 1603 Talis
1824 1569 1953 1619 ergo
1972 1560 2254 1619 tantusque
2276 1561 2333 1602 et
2358 1569 2510 1618 paeue

1443 1630 1670 1679 omnium
1692 1631 1943 1680 montium
1980 1632 2231 1681 maximus
2276 1632 2510 1681 excelsas

1442 1721 1561 1756 suas
1578 1708 1782 1771 erigens
1796 1708 2138 1769 summitates,
2151 1707 2373 1757 naturali
2389 1721 2511 1756 con-

1441 1784 1728 1834 struetione
1753 1791 1974 1848 praestat
1994 1783 2233 1848 gentibus
2250 1784 2506 1847 inexpug-

1440 1859 1613 1908 nanda
1635 1859 1949 1909 munimina.’
1982 1860 2153 1909 Sitzm.

1510 1938 1668 1993 Quam
1683 1937 1857 1986 maltos
1875 1937 2162 1986 clarisonum
2176 1937 2251 1985 sai
2263 1935 2512 1999 temporis]

1443 2011 1563 2063 Hac
1586 2012 1906 2077 querimonia
1925 2013 2093 2063 utitur
2109 2013 2269 2063 etiam
2296 2013 2508 2070 Sallust.

1441 2090 1493 2139 in
1516 2091 1674 2141 Catil.
1697 2091 1898 2141 huncce
1925 2090 1977 2139 in
2001 2090 2211 2142 modum
2233 2090 2391 2142 verba
2426 2089 2510 2139 fa·

1441 2166 1620 2216 ciens:
1653 2167 1990 2217 ‘Provenere
2025 2168 2099 2217 ibi
2137 2182 2326 2232 magna
2348 2167 2513 2230 scrip·

1443 2248 1615 2292 torum
1640 2245 1871 2308 ingenia,
1904 2259 2003 2307 per
2039 2251 2294 2293 terrarum
2331 2242 2511 2293 orbem

1442 2318 1842 2369 Atheniensium
1865 2319 2009 2370 facta
2029 2335 2124 2384 pro
2153 2320 2408 2370 maxumis
2430 2334 2514 2370 cet

1442 2395 1734 2446 lebrantur.
1801 2396 1890 2446 Ita
1909 2403 2097 2447 ‘eorum
2119 2398 2206 2461 qui
2237 2413 2300 2446 ea
2333 2396 2511 2447 fecere

1443 2473 1612 2524 virtus
1635 2481 1785 2525 tauta
1802 2475 2040 2538 habetur,
2062 2482 2314 2541 quantum
2337 2474 2510 2526 verbis

1444 2564 1507 2599 ea
1532 2557 1753 2614 potuere
1774 2553 2032 2602 extollere
2073 2553 2328 2616 praeclara
2369 2552 2512 2615 inge·

1441 2629 1545 2677 nia.
1629 2627 1705 2678 At
1745 2629 1942 2693 populo
1981 2631 2215 2679 Romano
2250 2643 2511 2693 nunquam

1440 2721 1505 2756 ea
1542 2707 1696 2770 copia
1732 2706 1862 2756 fuit:
1904 2708 2024 2773 quia
2074 2707 2511 2771 prudentissimus

1442 2783 1663 2849 quisque
1681 2785 1980 2847 negotiosus
2005 2798 2244 2833 maxume
2262 2790 2378 2832 erat
2399 2800 2412 2832 :
2437 2783 2512 2831 in·

1442 2863 1651 2927 genium
1685 2876 1837 2911 nemo
1882 2863 2017 2912 siue.
2040 2877 2264 2926 corpore
2298 2875 2510 2911 exerce·

1443 2937 1566 2988 bat:
1603 2938 1829 3003 optimus
1871 2939 2088 3004 quisque
2125 2937 2320 3000 facere,
2342 2952 2510 3002 quam

1441 3013 1656 3077 dicere;
1701 3031 1795 3065 sua
1831 3016 1895 3065 ab
1931 3016 2045 3064 aliis
2084 3013 2366 3070 benefacta
2404 3016 2510 3067 isu-

1442 3092 1572 3154 dari,
1596 3108 1746 3157 quam
1786 3093 1896 3157 ipse
1930 3094 2146 3142 aliorum
2171 3105 2386 3140 narrare
2408 3105 2514 3140 ma-

1440 3169 1618 3220 lebat.'
1691 3171 1880 3220 Horat.
1937 3184 2015 3219 iv.
2068 3171 2243 3220 Carm.
2306 3167 2411 3219 Od.
2459 3172 2511 3217 9.

1442 3249 1458 3276 ‘
1484 3248 1679 3296 Vixere
1722 3246 1888 3297 fortes
1944 3256 2068 3297 aute
2112 3246 2510 3310 Agamemnona

1442 3325 1603 3374 Multi
1624 3341 1637 3374 ε
1675 3326 1766 3375 sed
1792 3340 1971 3376 omnes
1994 3323 2385 3375 illacrimabiles
2411 3323 2513 3372 Ur-

1444 3407 1655 3464 gentur,
1690 3402 1959 3468 ignotique
1996 3403 2151 3465 longa
2188 3401 2380 3456 Nocte.
2425 3413 2511 3449 ca-

1444 3488 1562 3530 rent
1585 3481 1705 3546 quia
1726 3490 1850 3531 vate
1873 3480 2059 3531 sacro!
2098 3479 2248 3530 Idem.
2300 3490 2303 3491 ’

1512 3558 1652 3613 Quod
1686 3558 1732 3606 si
1768 3559 1830 3607 ad
1872 3556 2162 3607 aternitatis
2202 3554 2321 3618 tufi]
2374 3554 2513 3604 Vide

1443 3632 1772 3684 Macrobium
1793 3634 1884 3683 lib.
1909 3647 1972 3683 11.
1997 3633 2051 3682 in
2080 3633 2257 3683 Somn.
2292 3631 2439 3695 Scip.
2464 3646 2511 3681 c.

1444 3711 1527 3757 10.
1571 3718 1628 3757 et
1667 3723 1785 3774 quie
1823 3710 2001 3759 notavi
2059 3709 2139 3758 ad>
2176 3708 2266 3759 fin.
2321 3708 2414 3757 lib.
2456 3721 2508 3757 v.

1519 3860 1612 3910 Vos
1651 3866 1807 3910 autem
1838 3861 1934 3910 nisi
1971 3864 2035 3910 ad
2065 3862 2315 3925 populares
2350 3862 2516 3925 auras]

1445 3936 1577 3985 Mss.
1608 3938 1696 3985 Vos
1713 3942 1873 3987 autem
1893 3938 2076 3987 nisi‘ad
2092 3938 2345 4002 populares
2360 3951 2512 3986 aures.

1442 4011 1672 4061 Videtur
1717 4018 1890 4063 tamen
1936 4023 2156 4078 recepta
2191 4014 2350 4064 lectio
2400 4027 2513 4062 esse

1446 4089 1786 4153 plausibilior,
1805 4104 1960 4154 quam
1983 4090 2255 4140 confirmat
2277 4090 2407 4140 illud
2424 4092 2512 4138 Se-

1447 4177 1593 4213 necae
1616 4163 1671 4213 in
1696 4165 1858 4215 Herc.
1896 4165 2017 4214 Fur.
2043 4181 2119 4215 vs.
2140 4171 2252 4216 179.
2287 4175 2345 4216 et
2367 4182 2514 4230 seqq.

1449 4239 1466 4267 ‘
1483 4238 1639 4288 Illum
1665 4242 1844 4306 populi
1868 4240 2015 4291 favor
2035 4244 2334 4306 attonitum,
2366 4244 2514 4292 Fluc-

1451 4322 1612 4382 tuque
1634 4319 1799 4384 magis
1820 4319 2011 4370 mobile
2036 4316 2216 4382 vulgus
2256 4321 2398 4370 Aura
2434 4328 2513 4370 tu·

1444 411 1571 461 rm
1584 411 1887 464 bosom-1.
1940 416 2082 463 1213.
2129 416 2211 465 11.
