3049 4928
503 375 635 441 48⁰

505 532 669 583 semel
714 529 908 596 optasti
946 529 1177 594 pulcram
1224 542 1319 592 per
1359 527 1575 578 vulnera

509 615 751 670 mortem,
794 608 870 657 Ut
912 607 1052 657 nullo
1108 619 1284 670 posses
1338 611 1575 669 tempore

509 685 678 735 Brute
702 682 866 735 mori.’
901 684 1051 734 Idem.

575 763 722 827 Cato]
761 761 844 813 Ad
885 760 1191 813 Censorium
1229 765 1319 808 aut
1357 756 1576 807 Uticen-

505 855 612 891 sem
652 839 885 904 respicit.
952 838 1189 887 Fuerunt
1229 842 1287 885 et
1333 835 1440 896 alii,
1479 833 1574 883 sed

503 918 670 968 minus
707 915 839 966 clari
874 915 1120 975 Catones,
1156 927 1284 977 quos
1318 910 1576 975 Sulpitius

501 993 814 1058 Apollinaris
837 991 1103 1055 sigillatim
1118 997 1413 1052 enumerat,
1433 986 1574 1052 apud

502 1070 765 1136 Agellium
789 1071 880 1121 lib.
906 1075 983 1123 18.
1006 1087 1124 1136 cap.
1149 1076 1229 1122 18.
1253 1070 1405 1121 Idem.

567 1145 747 1209 Signat
788 1149 1046 1213 suaper-stes]
1079 1149 1254 1197 Primo
1303 1146 1445 1211 perit
1481 1146 1577 1196 ho·

501 1237 608 1287 mo,
627 1223 749 1274 inde
784 1224 1030 1288 cadaver,
1061 1224 1250 1274 deiude
1272 1237 1462 1274 nomen
1493 1224 1576 1287 ip·

507 1313 640 1351 snm.
709 1301 824 1351 Nec
855 1302 1041 1351 saltem
1063 1302 1163 1352 hoc
1187 1301 1249 1351 fit
1271 1302 1325 1351 in
1348 1301 1575 1362 homine,

500 1376 595 1430 ned
647 1377 809 1427 etiam
864 1377 918 1427 in
987 1378 1281 1428 celebribus
1340 1378 1573 1428 urbibus.

501 1451 728 1517 Reipuh.
761 1454 1010 1503 Romanae
1055 1452 1223 1504 forma
1267 1460 1323 1504 et
1355 1454 1577 1503 materia

501 1528 697 1590 periitz
745 1529 836 1578 vix
883 1543 1070 1579 nomeu
1103 1529 1275 1579 adhuc
1309 1535 1574 1593 superest.

506 1602 658 1654 Idem.

565 1679 714 1730 Ianne
749 1679 940 1742 nmen]
992 1678 1260 1730 Hannibal
1308 1681 1450 1744 apud
1492 1681 1576 1731 Si·

502 1757 626 1806 lium
652 1758 737 1807 lib.
763 1771 850 1807 ιιι.
886 1759 902 1786 ⁴
926 1759 998 1808 Et
1020 1772 1148 1821 pace
1174 1766 1230 1806 et
1255 1757 1392 1807 bello
1416 1772 1573 1808 cunc·

501 1836 571 1886 tis
594 1844 701 1885 stat
730 1836 987 1885 terminus
1024 1837 1143 1898 aevi,
1164 1837 1576 1903 Extremumque

501 1910 638 1962 diem
677 1911 875 1973 primus
912 1911 1065 1962 tulit:
1099 1912 1178 1961 ire
1215 1926 1313 1975 per
1338 1927 1432 1963 ora
1466 1914 1576 1964 No-

503 2003 621 2038 men
644 1989 699 2037 in
724 1994 979 2038 eternum
1018 1990 1200 2052 paucis
1237 2003 1386 2039 mens
1423 1990 1577 2053 ignea

500 2064 837 2128 donat,Quos
852 2065 1018 2115 Pater
1034 2065 1275 2116 aethereis
1293 2065 1577 2118 Caelestnn

503 2141 732 2192 destinat
757 2142 900 2192 oris.'
935 2143 1092 2193 Idem.

579 2220 837 2283 Vocabala]
873 2221 1116 2274 Nomina.
1149 2222 1261 2271 Cic.
1285 2226 1369 2271 10.
1403 2220 1576 2286 Epist.

505 2297 690 2347 Famil.
712 2297 728 2324 ‘
751 2296 924 2347 Crede
946 2296 1121 2361 igitur,
1140 2299 1205 2346 mi
1229 2296 1448 2359 Plance,
1472 2313 1578 2348 om·

503 2387 597 2423 nes
654 2387 785 2438 quos
832 2373 1001 2423 adhuc
1058 2374 1250 2438 gradus
1305 2374 1579 2438 diguitatis

503 2457 860 2515 consequutus
901 2450 969 2499 sis
1011 2451 1094 2515 (es
1136 2458 1312 2501 autem
1356 2450 1579 2517 adeptus

503 2525 879 2589 amplissimos)
916 2542 1003 2577 eos
1043 2528 1295 2577 honorum
1325 2528 1581 2577 vocabula

503 2603 800 2666 habituros,
863 2618 963 2652 non
1019 2604 1293 2669 diguitatis
1342 2605 1583 2671 insignia,

504 2680 604 2730 nisi
628 2689 681 2730 te
706 2695 827 2731 cum
852 2682 1099 2732 libertate
1125 2683 1305 2747 populi
1339 2681 1581 2744 Romani,

504 2765 561 2807 et
582 2773 702 2809 cum
726 2766 939 2809 senatus
972 2761 1290 2810 anctoritate
1323 2759 1582 2823 conjunx-

508 2835 654 2885 eris.’
721 2837 931 2887 Solinus
970 2852 1085 2902 cap.
1120 2843 1202 2889 41.
1243 2838 1310 2888 de
1346 2839 1578 2903 appella-

508 2913 738 2964 tionibus
777 2915 966 2965 montis
1009 2916 1165 2964 Tauri
1220 2929 1421 2980 agens:
1459 2914 1578 2965 ‘Ad

508 2989 621 3039 haec
647 2990 903 3040 vocabula
933 2992 1099 3040 multa
1121 2991 1280 3041 habet
1302 2991 1443 3045 alia!
1506 2989 1580 3040 A·

507 3067 713 3131 puleius
756 3067 893 3117 libro
934 3082 998 3116 ιι.
1035 3068 1257 3118 Metam.
1302 3068 1462 3130 ‘Hic,
1496 3073 1578 3116 nt-

507 3151 633 3210 pote
673 3145 821 3193 vivus
857 3144 1088 3210 quidem,
1124 3144 1214 3193 sed
1258 3151 1460 3194 tantum
1500 3158 1581 3194 so·

507 3236 636 3285 pore
671 3231 926 3284 mortuus,
965 3221 1104 3287 quod
1144 3220 1328 3272 eodem
1372 3235 1579 3271 mecum

504 3300 765 3350 vocabulo
810 3307 1160 3365 nuncupetur,
1197 3300 1268 3349 ad
1305 3314 1453 3349 suum
1487 3313 1579 3348 no·

508 3392 627 3427 men
654 3380 864 3442 ignarus
886 3379 1133 3443 exurgit.’
1199 3380 1464 3431 Arnobius
1487 3380 1579 3430 lib.

513 3468 592 3503 vr.
624 3459 638 3482 ‘
659 3456 790 3504 Cum
815 3455 1124 3505 vocabulum
1158 3457 1357 3521 templo
1390 3454 1580 3507 daret!

511 3529 746 3580 Cassiod.
783 3545 842 3582 x.
875 3532 1000 3581 Var.
1033 3537 1114 3581 12.
1147 3533 1442 3581 ‘Minorum
1485 3530 1580 3581 flu-

507 3606 705 3656 minum
742 3608 1002 3657 vocabula
1022 3610 1192 3671 major
1214 3611 1379 3658 amnis
1403 3609 1579 3658 absor-

510 3682 641 3732 bet.’
675 3682 834 3734 Silius
872 3685 924 3734 in
959 3685 1189 3748 princip.
1232 3686 1320 3736 lib.
1355 3691 1407 3735 6.
1440 3687 1578 3751 ‘Ly-

507 3761 625 3810 dius
668 3763 790 3813 huic
838 3764 1043 3828 genitor
1081 3765 1246 3814 Tmoli
1292 3765 1474 3826 decus,
1509 3781 1579 3814 ae-

506 3853 673 3904 qnore
714 3842 868 3905 longe
908 3842 1188 3892 Maeoniam
1233 3842 1491 3908 qnondam
1527 3842 1580 3890 in

510 3917 690 3966 Latias
711 3910 1002 3968 advexerat
1025 3934 1140 3969 oras
1161 3919 1464 3984 Tyrrhenus
1487 3933 1582 3982 pu-

503 3994 648 4057 bem,
697 3995 1020 4061 dederatque
1076 3997 1331 4047 vocabula
1389 3994 1584 4045 terris.’

511 4070 838 4123 Prudentius
908 4073 1201 4137 Peristeph.
1272 4074 1468 4137 Hymn.
1543 4087 1582 4122 1.

506 4148 753 4213 ‘Scripta
797 4156 920 4199 sunt
955 4150 1087 4200 caelo
1124 4150 1341 4199 duorum
1386 4153 1580 4212 marty-

509 4240 622 4274 rum
668 4227 942 4289 vocabula,
964 4226 1155 4275 Aureis
1188 4240 1306 4290 quae
1346 4226 1581 4277 Christus

509 4303 617 4354 illic
641 4304 913 4361 annotavit
936 4301 1166 4353 litteris.’
1200 4302 1351 4351 Idem.

1196 381 1414 435 NQTAE
1468 380 1869 434 vamoRUM
1917 381 1997 432 IN

1715 529 1835 579 dom
1853 543 1933 578 eos
1952 529 2155 579 mando
2187 543 2316 579 mors
2343 530 2526 594 mast]
2555 527 2615 579 In
2643 530 2703 580 E·

1651 606 1993 669 pigrammate
2031 606 2241 670 Sulpitii
2279 607 2706 671 Carthaginiensis

1651 682 1718 731 de
1743 683 1960 732 AEneide
1982 683 2184 746 Virgilii
2205 700 2219 732 z
2253 684 2268 712 ‘
2285 682 2487 733 Infelix
2514 684 2708 746 gemino

1652 759 1845 809 cecidit
1898 772 2062 823 prope
2106 759 2408 824 Pergamon
2459 760 2601 824 igne,
2648 761 2714 809 Et

1652 851 1803 900 paene
1825 843 1909 886 est
1931 837 2032 887 alio
2054 838 2215 902 Troja
2234 844 2475 888 cremata
2500 836 2664 901 rogo.’

1718 914 1911 964 Pacu
1954 919 2003 964 8.
2071 914 2171 964 Sed
2213 930 2273 964 ne
2314 929 2389 964 me
2425 913 2719 963 inexorabile

1651 995 1817 1039 contra
1846 988 2097 1050 fortunam
2141 1003 2311 1052 gerere
2358 989 2534 1039 belluni
2563 987 2719 1052 pates]

1649 1065 1919 1117 Johannes
1954 1066 2365 1117 saresberiensis
2403 1067 2461 1115 in
2493 1066 2723 1116 Policra·

1651 1143 1741 1193 tici
1775 1144 1865 1194 lib.
1888 1157 1941 1193 v.
1963 1156 2081 1208 cap.
2114 1147 2194 1193 10.
2229 1144 2245 1171 ‘
2269 1144 2353 1209 Ne
2389 1152 2572 1193 tamen
2605 1156 2723 1193 cum

1650 1219 1729 1269 his
1776 1235 1860 1270 me
1907 1220 2100 1270 bellum
2152 1218 2480 1270 inexorabile
2538 1232 2723 1283 gerere

1652 1305 1834 1361 putes;
1856 1312 2071 1348 munera
2088 1298 2324 1349 Curiales
2339 1298 2570 1348 licenter
2586 1298 2721 1347 acci-

1652 1375 1819 1439 piant,
1861 1375 1982 1425 dum
2021 1391 2124 1425 non
2163 1381 2522 1440 extorqueant
2556 1376 2726 1438 impu·

1652 1452 1872 1502 denter.'
1907 1450 2082 1503 Sitzm.

1715 1528 1910 1578 Amicos
1929 1528 2177 1591 invenisti]
2211 1527 2603 1592 Epaminondas
2618 1540 2724 1576 non

1651 1607 1794 1670 prius
1818 1606 2057 1656 discessit
2075 1621 2106 1656 e
2137 1603 2254 1655 foro
2275 1603 2534 1670 quotidie,
2566 1618 2723 1667 quam

1652 1697 1840 1733 novum
1889 1683 2110 1747 aliquem
2157 1680 2378 1731 amicum
2411 1675 2481 1728 ad
2514 1683 2723 1728 veteres

1651 1760 1958 1823 adjecisset.
2016 1758 2208 1808 AElian.
2252 1757 2346 1806 lib.
2386 1760 2467 1807 14.
2515 1754 2723 1804 Variar.

1653 1834 1707 1884 H
1714 1836 1800 1887 ist.
1820 1851 1934 1901 cap.
1956 1840 2004 1887 8.
2070 1837 2142 1885 Et
2161 1833 2468 1885 Alexander
2499 1832 2724 1883 interro·

1653 1920 1807 1978 gatus
1845 1929 1878 1963 a
1909 1912 2130 1977 quodam
2158 1913 2210 1961 in
2247 1926 2349 1977 quo
2385 1911 2504 1960 loco
2546 1913 2726 1960 essent

1652 1990 1882 2040 thesauri
1900 1990 2083 2055 ipsius,
2099 1987 2480 2038 demonstravit
2503 1986 2722 2036 amicos:

1651 2068 1775 2120 ⁴vide
1811 2069 2036 2120 Chreiaa
2078 2082 2117 2118 1.
2157 2069 2617 2131 Progymnasmat.
2641 2067 2728 2115 Li-

1654 2145 1797 2195 banii
1821 2147 2094 2210 Sophistae.
2131 2145 2315 2195 Manil.
2338 2144 2429 2194 lib.
2453 2146 2503 2192 4.
2527 2143 2545 2172 ‘
2559 2142 2727 2192 Iccir·

1652 2236 1716 2272 co
1734 2224 1859 2272 nihil
1875 2238 1940 2272 ex
1959 2230 2125 2272 semet
2143 2223 2343 2273 Natura
2367 2219 2572 2269 creavit
2588 2220 2727 2268 Pec-

1654 2305 1767 2350 tore
1791 2299 2052 2349 Amicitiae
2075 2299 2258 2363 majus,
2290 2311 2388 2347 nec
2429 2295 2599 2345 rarius
2634 2310 2725 2344 un·

1653 2376 1846 2442 quam.'
1882 2371 2033 2427 Idem.

1723 2453 1913 2504 Mnnt.
1948 2457 1997 2503 8.
2059 2452 2198 2509 Quod
2218 2451 2436 2512 mundus,
2458 2447 2571 2512 ξφ]
2607 2447 2726 2499 Hoc

1657 2534 1880 2584 Carmen
1907 2532 2227 2596 potissimum
2260 2526 2544 2577 illustrabit
2579 2524 2726 2588 Apu-

1654 2609 1787 2658 leius
1810 2608 1875 2658 de
1900 2606 2119 2667 Mundo,
2143 2605 2233 2653 ubi
2247 2605 2313 2653 de
2335 2605 2727 2652 Elementorum

1654 2684 1936 2736 concordia
1984 2683 2211 2733 disserit.
2275 2680 2414 2730 Item
2458 2679 2727 2729 Arnobius

1652 2761 1705 2811 in
1730 2761 1954 2826 princip.
1988 2760 2079 2808 lib.
2120 2773 2162 2808 ι.
2197 2757 2465 2827 Adversus
2506 2756 2726 2807 Gentes.

1653 2838 1805 2888 Idem.

1721 2917 1985 2966 Concordes
2006 2915 2162 2965 cariat
2197 2911 2345 2974 vices]
2381 2911 2567 2961 Manil.
2591 2910 2726 2959 libro

1653 2997 1702 3042 1.
1750 2994 1766 3021 ‘
1790 2992 1984 3042 Omnia
2004 2990 2253 3042 concordi
2287 2995 2461 3039 tractu
2488 2988 2726 3037 veniunt—

1652 3084 1755 3135 que
1796 3070 2093 3136 cadnntque
2135 3070 2253 3121 Qua
2286 3066 2448 3116 semel
2487 3064 2729 3115 incubuit

1653 3149 1855 3211 caelum,
1881 3160 2187 3212 versumque
2208 3142 2466 3206 resurgit.’
2504 3144 2662 3192 Idem.

1722 3225 1863 3282 Quod
1909 3223 2182 3287 pugnantia
2229 3218 2433 3282 semna]
2507 3219 2728 3271 Quintil.

1653 3302 1952 3351 Declamat.
1967 3305 2018 3351 4.
2038 3300 2054 3328 ‘
2074 3295 2471 3368 Dissentientia'
2493 3296 2730 3361 appellat

1653 3379 1670 3406 ‘
1696 3374 2014 3442 primordia.’
2102 3368 2370 3425 Claudiani.
2424 3372 2491 3421 de
2550 3373 2730 3435 Rapta

1655 3454 1906 3517 Proserp.
1942 3453 2033 3502 lib.
2070 3456 2119 3500 l.
2153 3466 2230 3501 vs.
2265 3454 2350 3500 42.
2417 3449 2433 3475 ‘
2459 3448 2625 3497 Paene
2651 3460 2729 3495 re-

1652 3532 1865 3582 luctatis
1887 3530 2077 3580 iterum
2112 3526 2401 3593 pugnantia
2438 3525 2597 3575 rebus
2625 3524 2730 3576 Ru·

1654 3608 1861 3674 pissent
1904 3608 2169 3656 elementa
2208 3601 2402 3654 fidem.’
2468 3601 2728 3651 Prudent.

1654 3685 1744 3735 lib.
1782 3698 1844 3735 n.
1881 3685 2079 3734 Contra
2100 3681 2392 3746 symmach.
2461 3681 2476 3707 ‘
2504 3679 2731 3728 Servant

1655 3763 1915 3812 elementa
1959 3775 2107 3810 suum
2151 3757 2442 3824 pugnantia
2485 3747 2732 3806 cursum.'

1659 3840 1954 3893 cassiodor.
1976 3838 2072 3889 lib.
2095 3852 2160 3889 11.
2180 3837 2309 3886 Var.
2333 3839 2418 3885 39.
2483 3835 2499 3862 ‘
2528 3833 2729 3883 Merito

1655 3918 1842 3969 dicunt
1879 3915 2181 3979 Philosophi
2211 3915 2471 3963 elementa
2493 3910 2597 3960 sibi
2619 3924 2730 3959 mu-

1659 3996 1764 4046 tuis
1786 3992 2234 4059 complexionibus
2266 3990 2476 4055 illigari,
2500 3994 2557 4039 et
2579 3988 2731 4038 mira-

1660 4072 1752 4122 bili
1785 4069 2028 4136 conjungi
2060 4068 2426 4128 foederatione,
2448 4081 2564 4131 quae
2586 4061 2746 4114 inter*

1658 4163 1716 4199 se
1761 4148 2028 4199 contraria
2073 4145 2433 4207 intelliguntur
2470 4142 2730 4192 varietate

1658 4223 1932 4290 pugnare!
2019 4221 2266 4271 Martian.
2326 4219 2540 4282 Capella
2590 4217 2728 4266 libro

1658 4301 1828 4365 primo
1853 4300 2016 4364 Nupt.
2034 4297 2293 4361 Philolog.
2315 4297 2389 4361 de*
2407 4295 2456 4346 H
2457 4307 2694 4359 ymenaeo
2711 4309 2726 4342 ε
