3049 4928
524 363 654 429 128
713 463 726 474 .

1222 382 1530 429 1308'1‘1111
1584 383 1680 431 DE
1730 383 2036 432 CONSOL.

1377 678 1695 746 PROSA
1764 679 1854 747 V.

607 833 793 899 HAEc
852 834 972 900 ubi
1024 834 1410 900 continuato
1468 835 1699 902 dolore
1757 836 2260 918 delatravi,s²0f
2314 840 2479 905 illae
2523 840 2710 907 vultu

519 937 842 1021 placido‚⁸
883 937 1179 1021 nihilque
1226 938 1397 1002 meis
1449 941 1805 1022 questibus
1850 949 2068 1008 mota:
2116 942 2287 1008 Cum
2337 950 2431 1021 te,
2453 944 2711 1027 inquit,lb

516 1049 880 1120 moestum,¹
924 1042 1538 1127 lacrymantemque
1569 1041 1941 1124 vidissem,¹¹
1985 1046 2170 1112 illico
2191 1044 2552 1125 miserum,i
2596 1067 2712 1113 exe

518 1145 827 1228 ulemque
849 1140 873 1180 ¹‘
912 1147 1216 1228 cognovi.

556 1348 590 1391 s
615 1348 778 1400 Stulte
795 1352 976 1401 locutus
990 1365 1111 1401 sum.

510 1427 591 1464 nm
606 1415 823 1467 distaret.

1439 1495 1798 1518 OOOOOOOOOOO

1307 1144 1448 1210 Sed
1480 1167 1687 1230 quarn
1717 1148 1788 1213 id
1817 1149 2260 1235 longinquum
2307 1158 2492 1215 esset
2522 1150 2711 1214 exili-

2174 1351 2190 1386 *
2227 1353 2466 1412 Quantum
2480 1355 2566 1406 hoc
2578 1356 2714 1405 exili·

581 1599 646 1645 20
678 1597 987 1647 Deblateravi
1020 1598 1212 1661 Delph.
1249 1598 1369 1649 Via.
1414 1600 1505 1650 inf.
1541 1602 1559 1631 ‘
1582 1601 1924 1652 Deblateraai:
1956 1601 2045 1651 alii
2082 1600 2284 1678 legunt,
2316 1600 2568 1662 delatravi,
2608 1600 2716 1650 sive
2776 1568 2778 1571 >

514 1662 778 1712 dilatravi:
811 1663 905 1713 sed
938 1664 1107 1713 minus
1133 1663 1302 1714 bene!
1343 1664 1501 1716 Vallia
1505 1672 1616 1717 .—1
1650 1667 1793 1718 Vict.
1817 1667 2049 1732 primus·
2092 1667 2271 1731 inquit,
2286 1668 2469 1716 alumne
2488 1671 2716 1717 moestum.

1506 1784 1559 1834 N
1566 1783 1726 1834 0¹1¹AE

577 1880 862 1933 ‘Delatravi
906 1883 1240 1950 [deblateravi]
1268 1886 1375 1936 Alii
1391 1888 1575 1951 legunt

510 1962 763 2023 delatravi,
794 1962 903 2012 sive
934 1963 1194 2017 dilatravi.-
1227 1967 1316 2016 sed
1346 1981 1447 2017 vox
1472 1984 1574 2034 qua

510 2040 704 2088 utimur
726 2045 832 2088 tam
859 2046 982 2103 apta
1000 2047 1082 2090 est
1100 2041 1166 2090 ad
1186 2042 1572 2106 significandam

509 2134 644 2177 eam,
667 2135 819 2183 quam
855 2135 992 2170 nunc
1026 2122 1279 2173 Boethius
1316 2125 1475 2175 habet
1508 2126 1574 2175 de

507 2196 793 2261 praedictis,
836 2198 1223 2263 cogitationem,
1255 2207 1463 2267 tamque
1495 2202 1571 2253 fa-

504 2274 606 2323 cile
638 2273 809 2336 potuit
844 2280 1061 2338 propter
1092 2276 1307 2326 similem
1345 2294 1572 2343 pronun-

506 2350 777 2401 tiationem
811 2350 865 2399 in
898 2352 1135 2415 vulgatas
1173 2369 1330 2406 voces
1365 2359 1573 2421 mutari,

506 2432 565 2477 ut
614 2427 693 2477 hae
740 2426 880 2477 illam
920 2426 1229 2480 obliterasse
1266 2430 1568 2482 videantur:

503 2506 642 2568 quod
683 2504 982 2554 attendenti
1021 2507 1245 2569 patebit.
1315 2509 1570 2559 Nimirum

502 2584 517 2608 ‘
561 2581 928 2645 deblaterare,'
972 2583 1141 2647 inquit
1181 2585 1386 2647 Festus,
1430 2588 1445 2615 ‘
1487 2593 1572 2637 est

503 2659 664 2708 stulte
687 2659 828 2724 loqui
846 2659 879 2708 ι’
914 2674 1030 2708 nam
1059 2659 1246 2718 βλάκας
1276 2665 1464 2714 stultos
1485 2680 1572 2714 vo-

499 2741 628 2784 cant
669 2736 884 2786 Graeci:
929 2738 1051 2787 hinc
1088 2739 1395 2791 Blaterones
1446 2749 1570 2792 sunt

501 2813 517 2839 ‘
542 2811 775 2861 homines
808 2812 862 2861 in
889 2814 1055 2874 ,verba
1102 2817 1364 2881 projecti,'
1399 2819 1571 2884 inquit

503 2886 740 2950 Agellius
775 2889 810 2938 l.
841 2903 880 2940 1.
915 2905 960 2940 c.
982 2896 1062 2940 15.
1082 2893 1406 2957 ‘importuni
1430 2896 1570 2944 locu·

502 2970 666 3027 tores,
701 2966 789 3030 qui
829 2968 971 3017 nullo
1012 2983 1187 3019 rerum
1225 2970 1455 3035 pondere
1490 2972 1568 3021 in·

502 3043 611 3091 nixi
662 3044 834 3093 verbis
879 3045 1099 3094 humidis
1143 3052 1200 3096 et
1243 3047 1569 3110 lapsantibus

501 3119 779 3172 diffluunt!
846 3123 1097 3172 Normani
1121 3130 1312 3172 vocant
1334 3123 1537 3174 bavar-ds
1547 3142 1569 3184 ,-

501 3212 598 3247 nec
628 3200 700 3247 ita
735 3199 945 3263 inepte:
984 3201 1071 3264 qui
1109 3201 1245 3249 enim
1267 3201 1568 3265 praecipites

501 3275 577 3323 sie
621 3274 923 3338 loquuntur,
968 3277 1022 3325 hi
1066 3275 1339 3327 infantium
1384 3279 1570 3345 instar,

500 3352 663 3400 saliva
696 3351 945 3402 effluente
980 3352 1173 3404 buccas
1208 3361 1263 3403 et
1296 3362 1470 3405 vestes
1494 3373 1571 3406 as-

502 3443 725 3493 pergere
750 3429 937 3477 solent.

563 3512 591 3547 s
611 3505 710 3553 Illa
729 3506 860 3554 vultu
877 3504 1088 3568 placido]
1120 3505 1458 3570 Philosophia
1471 3508 1571 3557 sci-

501 3582 660 3641 licet3
714 3581 912 3645 qnippe
965 3596 1081 3645 quae
1128 3582 1351 3631 omnium
1397 3598 1570 3634 rernm

501 3657 825 3707 moderatrix
845 3664 943 3707 est.
1011 3658 1189 3707 Hiuc‘
1208 3660 1438 3722 sapiens’
1460 3660 1569 3712 sive

501 3736 835 3799 philosophus
882 3736 1124 3785 Ciceroni
1169 3752 1246 3788 tv·
1290 3740 1444 3790 Tusc.
1481 3741 1572 3791 ‘is

502 3819 600 3873 est,
638 3813 725 3876 qui
775 3812 1127 3862 moderatione
1173 3821 1226 3863 et
1274 3819 1571 3867 constantia

503 3891 710 3955 quietus
733 3890 903 3939 animo
937 3898 1036 3954 est,
1072 3891 1278 3955 sibique
1314 3894 1426 3958 ipse
1458 3897 1569 3960 pla-

504 3974 675 4027 catus,
712 3974 771 4016 nt
811 3982 981 4031 neque
1024 3968 1266 4019 tabescat
1301 3971 1570 4034 molestiis,

502 4059 671 4109 neque
693 4044 965 4109 frangatur
984 4047 1188 4109 timore,
1204 4062 1300 4097 nec
1325 4049 1571 4097 sitienter

505 4122 630 4186 quid
655 4126 911 4187 appetens
947 4124 1130 4173 ardeat
1163 4124 1440 4186 desiderio,
1474 4140 1570 4174 nec

500 4201 773 4250 alacritate
795 4199 932 4250 futili
959 4203 1189 4263 gestiens
1206 4200 1568 4264 deliquescat.’

569 4277 591 4311 ²¹
623 4280 742 4328 Cum
766 4285 831 4342 te,
855 4281 1029 4343 inquit,
1049 4284 1282 4340 moestum,
1303 4278 1568 4342 lacryman-

1657 1895 1836 1953 temque
1867 1890 2114 1954 vidissem]
2155 1890 2331 1954 Inquit
2362 1887 2716 1952 Philosophia.

1654 1967 1921 2032 Laorymae
1961 1967 2169 2033 quidem
2214 1967 2410 2030 seipsas
2456 1965 2713 2030 produnt:

1656 2044 1873 2095 tristitia
1895 2052 2065 2094 autem
2100 2050 2156 2095 et
2186 2044 2425 2108 lacrymis
2458 2050 2514 2093 et
2545 2042 2716 2093 oculo-

1657 2136 1767 2170 rum
1792 2122 1895 2171 sitn
1913 2122 2174 2172 noscitur:
2212 2121 2228 2149 ‘
2245 2121 2378 2170 oculi
2400 2121 2536 2169 enim
2560 2117 2716 2179 sunt,'

1654 2198 1826 2262 inquit
1861 2198 2057 2247 Orator
2094 2212 2183 2247 111.
2229 2197 2296 2247 de
2331 2197 2430 2246 Or.
2464 2197 2481 2224 ‘
2505 2208 2716 2261 quornm

1656 2281 1766 2324 tum
1789 2274 2101 2338 intentione,
2125 2281 2233 2324 tum
2256 2273 2579 2335 remissione,
2608 2277 2717 2322 tunt

1656 2351 1919 2415 conjectu,
1956 2358 2064 2400 tum
2101 2351 2367 2401 hilaritate
2402 2355 2574 2400 motus
2613 2348 2719 2398 ani·

1652 2443 1851 2479 morum
1877 2427 2262 2494 significamus!

1715 2503 1990 2555 ¹Miserum
2027 2540 2041 2555 .
2067 2542 2080 2556 .
2109 2540 2122 2555 .
2155 2504 2374 2567 cognovi]
2428 2503 2614 2561 Miser,
2658 2507 2718 2552 ut

1653 2586 1867 2650 anacio
1889 2584 2228 2649 pluribusque
2245 2578 2363 2633 aliis'
2378 2582 2573 2645 placet,
2591 2580 2716 2630 dici-

1652 2668 1739 2710 tnr
1757 2678 1785 2711 a
1802 2666 1924 2724 μισῶ
1945 2665 1961 2692 ‘
1988 2660 2111 2723 odi,'
2130 2660 2269 2726 quod
2285 2659 2471 2709 misera
2488 2658 2720 2709 conditio

1651 2740 1888 2790 omnibus
1921 2740 1991 2788 sit
2023 2753 2197 2788 exosa.
2261 2736 2509 2785 Miseram
2544 2743 2717 2783 autem

1651 2816 1788 2865 illam
1807 2817 2009 2867 Boethii
2026 2815 2370 2866 conditionem
2383 2811 2722 2875 Philosophia

1650 2895 1954 2958 cognovisse
2015 2894 2188 2959 potuit
2242 2907 2307 2942 ex
2362 2890 2604 2954 lacrymis
2661 2894 2721 2937 et

1652 2972 1872 3022 tristitia
1897 2971 2192 3035 praedictis:
2226 2969 2308 3017 hae
2332 2968 2470 3017 enim
2489 2971 2609 3015 sunt
2631 2965 2721 3014 mi·

1652 3049 1802 3098 seriae
1826 3050 2065 3098 comites.
2090 3095 2100 3106 ,

1716 3122 1741 3158 ¹¹
1763 3124 2083 3188 Exulemque]
2140 3126 2317 3185 Exsul,
2353 3124 2480 3183 sive,
2515 3127 2576 3170 ut
2617 3121 2721 3169 Ve-

1651 3208 1790 3251 teres
1821 3202 2086 3266 legebant,
2109 3203 2258 3264 exsol,
2283 3201 2369 3250 ille
2396 3199 2611 3259 dicitur,
2629 3198 2716 3263 qni

1650 3294 1715 3329 ex
1739 3281 1849 3330 solo
1870 3278 2180 3330 deturbatus
2209 3279 2393 3329 abest:
2428 3278 2548 3326 hinc
2572 3276 2721 3324 aiunt

1653 3356 1983 3406 scribendum
2012 3358 2163 3416 exsul,
2199 3371 2300 3405 non
2339 3356 2484 3405 exul.-
2531 3354 2624 3403 sed
2663 3352 2717 3402 id

1653 3433 1786 3482 tanti
1827 3423 1927 3482 non
1987 3441 2083 3495 est,
2133 3449 2248 3484 cum
2285 3433 2443 3483 litera
2480 3447 2518 3480 a:
2558 3445 2625 3480 ex
2657 3430 2717 3478 li-

1653 3511 1779 3559 teris
1812 3526 1839 3559 c
1878 3516 1934 3559 et
1967 3526 1993 3559 s
2035 3517 2390 3574 componatur.
2458 3508 2719 3572 Cognovit

1651 3594 1826 3636 antem
1873 3588 2206 3651 Philosophia
2239 3588 2337 3637 hoc
2370 3586 2582 3637 Boethii
2628 3600 2717 3635 ex-

1651 3662 1816 3726 ilium,
1835 3677 1937 3712 non
1954 3679 2017 3712 ex
2035 3663 2251 3712 tristitia
2269 3670 2325 3713 et
2342 3662 2585 3726 lacrymis
2606 3668 2717 3710 tan-

1651 3744 1792 3789 tum:
1828 3740 1904 3788 his
1929 3742 2124 3804 quippe
2158 3755 2261 3790 non
2285 3740 2494 3789 exilium
2521 3739 2714 3802 potius,

1651 3831 1803 3881 quam
1829 3817 2074 3880 quaelibet
2097 3817 2197 3866 alia
2221 3817 2428 3866 miseria
2461 3814 2717 3879 significa·

1653 3899 1766 3942 tur:
1819 3894 1909 3942 sed
1946 3907 2014 3942 ex
2049 3893 2181 3957 ipso,
2222 3894 2416 3958 inquo
2461 3891 2715 3941 Boethius

1653 3968 2055 4033 lacrymabatur,
2079 3970 2191 4020 loco
2215 3988 2226 4020 ε
2263 3972 2352 4035 qui
2376 3976 2559 4034 utpote
2582 3967 2716 4017 Βοὲ-

1653 4047 1761 4096 thio
1795 4049 2102 4113 eonjunctus
2132 4048 2305 4112 potuit
2329 4053 2386 4097 et
2409 4047 2474 4096 ab
2497 4053 2716 4096 auctore

1653 4124 1885 4185 reticeri,
1919 4132 1977 4172 et
2011 4141 2042 4174 a
2070 4126 2268 4174 lectore
2293 4124 2447 4173 facile
2473 4123 2716 4187 intelligi.

1651 4200 1848 4250 Verum
1886 4215 2003 4250 cum
2034 4201 2246 4250 exilium
2283 4201 2485 4249 dicatur
2525 4199 2715 4263 patriae

1651 4277 1896 4343 privati0,
1929 4292 2147 4342 cumque
2172 4276 2392 4327 hominis
2414 4278 2593 4341 patria
2612 4276 2715 4326 alia
