3049 4928
1022 431 1339 481 Pnlhoso
1353 431 1545 479 {³111AE
1599 431 1746 480 1218.
1795 430 1844 478 1.

413 549 704 655 Emicat,
739 582 809 643 et
839 576 1068 643 subito
1099 575 1403 642 vibratus
1431 536 1683 640 lumine
1718 574 2074 653 Phoebus,·²

498 681 830 745 Mirantes
862 679 1100 745 oculos
1122 687 1148 727 ‘¹
1195 677 1402 742 radiis
1434 676 1610 742 ferit.

2355 636 2542 746 ‘10

327 880 582 945 repentina,
600 880 889 946 perstringit
912 881 1156 946 splendore
1178 895 1260 928 suo
1286 879 1438 929 oculos
1458 883 1717 943 stupentes.

1330 1040 1547 1093 NOTAE

332 1178 406 1226 nis
450 1182 637 1226 ventus
686 1177 982 1237 vehemens,
1035 1175 1106 1225 sit
1147 1172 1394 1237 frigidus,

330 1260 610 1316 propterea
647 1252 899 1317 Virgilius
934 1251 1046 1303 Ecl.
1077 1266 1180 1302 vu.
1217 1256 1423 1321 vs.5l.‘

328 1331 489 1393 canit,
514 1331 654 1380 ‘Hic
695 1337 893 1380 tantum
928 1332 1115 1381 Boreae
1159 1344 1396 1390 curamus

326 1405 544 1469 frigora,
585 1412 838 1472 quantum
879 1406 986 1457 Aut
1021 1421 1289 1456 numerum
1324 1407 1392 1456 lu·

327 1497 445 1547 pus,
467 1488 562 1532 aut
583 1483 837 1532 torrentia
853 1481 1068 1533 flumina
1094 1482 1264 1547 ripas?
1299 1481 1397 1532 At-

326 1575 428 1624 que
461 1560 587 1609 hinc
625 1557 769 1609 forte
800 1560 1020 1609 nominis
1057 1560 1207 1610 istius
1239 1559 1400 1609 iuter·

327 1636 593 1700 pretatio:
626 1632 796 1700 βορέας
827 1637 965 1685 enim
993 1636 1205 1687 videtur
1238 1635 1400 1687 dicia

326 1709 459 1768 βοάω
479 1716 496 1740 4
511 1713 683 1763 clamo
702 1712 718 1736 ’
737 1724 792 1763 et
831 1713 920 1777 ῥέω
937 1713 953 1740 4
970 1712 1227 1777 decurro,'
1258 1713 1397 1778 quod

325 1797 510 1841 ventus
545 1790 653 1851 ille,
677 1796 863 1855 utpote
887 1790 1260 1855 vehementior,
1280 1805 1397 1842 cum

324 1867 500 1916 souitu
523 1873 722 1917 currat.
788 1868 967 1918 Tertio
999 1868 1087 1918 ille
1111 1876 1297 1918 ventus
1319 1884 1399 1919 se-

325 1958 482 1994 renus
515 1950 619 2007 est,
639 1943 776 2007 quod
800 1959 916 1994 cum
941 1942 1062 1994 aere
1084 1959 1401 1995 concurrens

331 2026 498 2075 nubes
544 2013 774 2086 coactas,
826 2023 1097 2074 materiam
1141 2023 1402 2086 imbrium,

329 2104 570 2167 dissipet.
647 2102 801 2151 Unde
845 2101 1002 2152 Ovid.
1049 2115 1130 2150 vi.
1185 2100 1403 2153 Metam.

330 2183 344 2209 ⁸
372 2180 514 2245 Apta
550 2179 673 2228 mihi
706 2179 783 2227 vis
821 2184 923 2241 est,
955 2192 1059 2243 qua
1090 2177 1268 2226 tristia
1308 2192 1408 2233 ηιμ,

332 2256 437 2306 bila
460 2255 621 2320 pello,
646 2254 715 2304 Et
737 2251 875 2303 freta
894 2252 1160 2313 concutio,
1184 2251 1401 2303 nodosa-

333 2347 432 2395 que
457 2332 650 2383 robora
668 2330 850 2380 verto!
912 2328 1065 2379 Unde
1083 2329 1241 2378 etiam
1266 2343 1403 2380 nuuc

332 2409 524 2458 dicitur
544 2409 561 2437 ‘
582 2409 809 2458 clausum
836 2419 1069 2455 reserare
1108 2404 1284 2463 diem,’
1303 2405 1402 2455 hoe

333 2494 430 2548 est,
448 2485 636 2549 fugare
659 2484 838 2546 nubes,
860 2482 1066 2546 quibus,
1086 2482 1244 2532 etiam
1281 2490 1404 2534 aute

332 2562 469 2612 Solis
490 2576 755 2624 occasum,
779 2574 881 2611 uox
904 2558 1049 2610 facta
1073 2567 1176 2610 est.

399 2642 622 2692 Emissa-s
651 2642 712 2692 ab
739 2643 901 2707 antro]
936 2640 1154 2706 Optime
1185 2643 1403 2702 Boreas,

335 2727 436 2769 aut.
465 2719 691 2783 quilibet
731 2720 861 2768 alius
905 2719 1084 2769 muudi
1122 2725 1329 2781 ventus,
1375 2733 1403 2768 a

336 2804 654 2861 tempestate
684 2797 940 2860 diversus,
962 2798 978 2826 4
998 2796 1062 2846 ab
1087 2804 1238 2846 antro
1256 2796 1403 2845 emit-

336 2875 407 2924 ti’
444 2874 657 2934 dicitur,
687 2882 746 2924 ut
776 2889 818 2924 1.
850 2874 968 2923 AEn.
1004 2887 1078 2923 vs.
1113 2876 1197 2923 64.
1259 2873 1276 2901 ‘
1299 2871 1403 2921 Sed

337 2960 489 3014 pater
529 2950 862 3014 omnipotens
901 2949 1162 3013 speluncis
1200 2947 1405 2998 abdidit

335 3025 496 3077 atris!
562 3026 1013 3080 Quemadmodum
1049 3027 1189 3077 euim
1224 3033 1404 3096 uentus

337 3117 629 3165 pomorum,
652 3109 1030 3165 castanearum,
1051 3104 1174 3167 ligni
1200 3103 1405 3165 viridis,

336 3180 490 3229 immo
514 3185 573 3229 et
593 3179 734 3244 globi
749 3180 903 3243 aeuei,
936 3195 1089 3246 quem
1114 3180 1404 3244 AEolipilam

339 3264 547 3319 vocant,
566 3263 808 3309 movente
841 3258 982 3321 igue,
1004 3273 1070 3307 ex
1099 3256 1405 3323 quibusdam

336 3333 497 3381 veluti
533 3332 717 3395 antris,
740 3332 1018 3398 vaporibus
1049 3334 1273 3393 scilicet,
1305 3347 1407 3398 qua

337 3409 458 3459 data
480 3417 655 3474 porta,
676 3408 992 3460 rarescendo
1015 3409 1286 3459 ruentibus
1304 3410 1403 3459 ori-

337 3490 457 3535 tur:
493 3484 572 3535 sic
603 3486 888 3549 pradictus
924 3485 1102 3535 mundi
1124 3493 1305 3536 ventus
1339 3501 1404 3535 ex

337 3560 796 3611 circumstantibus
836 3567 996 3624 terra,
1032 3560 1312 3624 montibus,
1348 3568 1407 3612 et

337 3637 583 3700 nubibus,
605 3637 770 3690 veluti
792 3652 858 3686 ex
881 3637 1081 3702 magnis
1102 3637 1407 3703 quibusdam

336 3713 622 3777 speluncis,
641 3720 828 3777 agente
863 3714 1006 3776 Sole,
1027 3714 1310 3779 vaporibus
1332 3715 1408 3765 ni-

337 3790 548 3851 mirum,
584 3805 687 3854 qua
726 3791 894 3841 minus
932 3791 1406 3856 resistitur,'rares-

339 3865 509 3915 ceudo
555 3867 885 3917 currentibus
927 3864 1056 3917 flare
1106 3871 1403 3921 consuevit:

340 3941 479 3990 unde
500 3941 687 4004 Virgil.
709 3955 748 3991 1.
773 3943 884 3993 AEn.
900 3956 976 3992 vs.
1002 3947 1085 3993 56.
1153 3950 1168 3972 4
1191 3945 1411 3996 Nimbo-

342 4031 449 4066 rum
474 4017 527 4065 iu
550 4017 794 4081 patriam,
815 4019 935 4069 loca
968 4017 1094 4080 foeta
1114 4018 1407 4072 furentibus

343 4092 569 4157 Austris,
607 4092 828 4143 AEoliam
865 4095 1028 4146 venit.
1113 4097 1220 4147 Hic
1253 4105 1408 4148 vasto

345 4181 436 4217 rex
477 4169 655 4220 AEolus
695 4176 845 4220 antro
889 4171 1175 4222 Laetantes
1221 4179 1405 4223 ventos

347 4254 786 4313 tempestatesque
808 4263 1020 4298 sonoras
1037 4249 1268 4313 Imperio
1291 4264 1407 4315 pre-

349 4323 454 4387 mit,
476 4340 536 4375 ac
559 4325 744 4375 vinclis
768 4330 822 4374 et
844 4339 1054 4375 carcere
1076 4325 1285 4377 fraenat.
1321 4327 1406 4378 Illi

1476 1173 1807 1238 indignantes
1860 1191 2049 1244 magno
2104 1194 2223 1230 cum
2281 1194 2544 1230 murmure

1476 1254 1669 1303 montis
1727 1255 1935 1307 Circum
1992 1258 2220 1307 claustra
2272 1256 2545 1320 fremunt,’

1477 1331 1581 1380 διο.

1546 1407 1784 1471 Threicio]
1814 1408 1939 1459 Sive
1988 1409 2218 1460 Thracio.-
2260 1411 2398 1473 quod
2442 1413 2546 1461 Bo-

1480 1499 1595 1536 reas
1628 1486 1836 1551 quidam
1871 1486 2072 1550 eodem,
2091 1500 2193 1551 quo
2218 1493 2403 1535 ventus
2440 1488 2545 1548 hic,

1478 1562 1686 1613 nomine
1725 1563 1968 1626 donatus,
1999 1556 2164 1614 fuerit
2200 1563 2409 1612 Thrax:
2443 1566 2547 1622 vel,

1478 1638 1615 1703 quod
1650 1646 1833 1689 ventus
1865 1638 1970 1699 hic,
2005 1639 2400 1703 comparatione
2442 1641 2546 1690 loci

1480 1714 1572 1765 ubi
1605 1715 1868 1766 scribebat
1905 1715 2176 1779 Boethius,
2214 1732 2278 1766 ex
2323 1716 2548 1766 Thracia

1481 1791 1747 1843 videretur
1767 1791 1914 1842 flare.
1946 1792 2188 1856 SicVirg.
2211 1806 2315 1843 111.
2338 1791 2543 1843 AEneid.

1482 1885 1558 1922 vs,
1602 1875 1716 1923 365.
1783 1873 1800 1900 4
1839 1870 1919 1921 Ac
1960 1872 2103 1921 velut
2150 1871 2318 1921 Edoni
2361 1869 2546 1921 Boreae

1481 1961 1599 1996 cum
1621 1947 1836 2011 spiritus
1860 1949 1968 1998 alto
2000 1947 2221 1997 Insonat
2250 1948 2446 2011 AEgaeo,
2467 1963 2547 1997 se-

1482 2023 1762 2088 quiturque
1778 2024 1846 2075 ad
1861 2024 2045 2075 littora
2059 2022 2251 2075 fluctus
2267 2027 2386 2077 Qua
2401 2027 2548 2075 ven‘ti

1481 2100 1787 2165 incubuere,
1804 2100 1981 2166 fugam
2020 2102 2147 2152 daut
2178 2102 2354 2151 nubila
2378 2102 2549 2151 coelo!

1482 2176 1654 2226 Edoni
1677 2177 2042 2245 enim,Graece
2062 2178 2272 2243 Ἠδωνοὶ,
2303 2179 2545 2229 Straboni

1484 2268 1612 2318 gens
1630 2260 1711 2304 est
1729 2255 2007 2306 Thracica.
2063 2256 2231 2305 Porro
2252 2255 2267 2283 ‘
2287 2269 2520 2306 reserare
2538 2254 2552 2275 ’

1483 2329 1621 2380 idem
1647 2336 1728 2380 est
1750 2330 1889 2395 quod
1911 2332 1927 2359 4
1944 2332 2151 2396 aperire
2175 2330 2208 2382 τ’
2237 2332 2253 2360 4
2279 2346 2512 2381 reserare
2535 2333 2548 2353 '

1485 2408 1621 2456 enim
1662 2407 1977 2457 contrarium
2019 2415 2100 2457 est
2137 2408 2300 2458 ‘seris
2324 2407 2358 2458 τ’
2412 2409 2548 2458 sicut

1485 2490 1502 2512 4
1523 2482 1749 2544 claudo,’
1767 2491 1822 2534 et
1844 2485 1860 2512 ‘
1878 2485 2089 2535 recludo
2106 2484 2141 2547 ς’
2164 2487 2181 2514 4
2195 2486 2343 2549 velo,'
2359 2494 2415 2537 et
2436 2488 2452 2513 4
2469 2501 2547 2535 re-

1484 2561 1599 2609 velo
1621 2560 1653 2621 3’
1702 2566 1716 2589 4
1743 2565 1901 2626 tego,’
1918 2569 1973 2611 et
1991 2563 2008 2591 4
2028 2569 2208 2627 retego
2226 2561 2242 2586 '
2262 2569 2388 2612 sunt
2426 2576 2548 2611 con·

1487 2639 1684 2687 traria:
1717 2646 2053 2698 seroejantem
2092 2644 2233 2702 sunt,
2258 2638 2446 2703 quibus
2470 2654 2550 2686 re·

1485 2713 1641 2763 motis
1664 2711 1804 2762 fores
1832 2714 2152 2778 panduntur,
2174 2722 2233 2764 ut
2265 2715 2341 2764 ait
2365 2715 2555 2777 Varro,

1485 2790 1570 2838 vel
1586 2797 1646 2838 ut
1661 2788 1735 2839 ait
1751 2789 1957 2852 Festus,
1971 2789 2158 2853 fustes,
2173 2791 2262 2853 qui
2281 2804 2550 2853 opponun-

1486 2872 1574 2915 tur
1611 2862 1805 2914 foribus
1829 2880 1848 2914 t
1880 2864 2042 2914 Ovid.
2067 2879 2107 2914 1.
2131 2870 2179 2915 6.
2206 2865 2386 2915 Amor.
2409 2864 2426 2892 4
2444 2867 2545 2915 Ex-

1486 2947 1610 2991 cute
1646 2949 1799 3006 poste
1836 2941 2040 2991 seram.’
2102 2941 2245 2991 Hinc
2273 2941 2417 3005 Virg.
2441 2954 2548 2990 ιιι.

1485 3020 1602 3070 AEn.
1634 3034 1711 3070 vs.
1743 3024 1858 3071 684.
1926 3024 1941 3050 4
1960 3019 2154 3069 Urbem
2196 3019 2284 3069 alii
2318 3013 2551 3069 reserare

1475 3097 1687 3161 jubent,
1710 3105 1766 3147 et
1789 3097 2019 3161 pandere
2044 3096 2254 3161 portas!

1551 3179 1579 3214 Ρ
1609 3173 1842 3237 ΡΙιιεΙηω]
1879 3173 2125 3235 Phoebus,
2178 3173 2289 3223 sive
2345 3173 2555 3238 Apollo,

1486 3249 1660 3302 fertur
1677 3251 1826 3303 Jovis
1867 3258 1923 3301 et
1946 3251 2161 3301 Latouae
2192 3249 2347 3314 filius,
2367 3250 2550 3301 eodem

1487 3333 1643 3390 partu
1667 3340 1784 3376 cum
1808 3326 1981 3376 Diana
1998 3326 2172 3377 editus
2192 3327 2244 3377 iu
2261 3327 2431 3377 insula
2445 3330 2553 3378 De-

1486 3406 1557 3455 lo.
1626 3404 1907 3455 Medicinas
1948 3405 2220 3468 iuventor;
2266 3406 2552 3466 divinandi,

1486 3481 1755 3544 cantandi,
1773 3489 1831 3532 et
1842 3482 2169 3532 versificandi
2188 3482 2320 3532 adeo
2336 3482 2555 3545 peritus,

1484 3567 1547 3609 ut
1584 3559 1768 3609 harum
1805 3560 1994 3610 artium
2036 3560 2180 3609 Deus
2219 3558 2426 3610 habitus
2465 3560 2553 3609 sit.

1486 3634 1772 3711 Poetisbut
1805 3650 1961 3697 nuuc,
1983 3637 2174 3700 saepius
2197 3636 2370 3687 Solem
2395 3636 2551 3700 signi-

1487 3712 1631 3775 ficat,
1656 3719 1713 3762 ut
1750 3711 1912 3776 ipsius
1942 3712 2159 3762 nominis
2184 3712 2552 3775 interpretatio

1487 3791 1700 3855 probat:
1721 3792 1889 3854 φοῖβος
1903 3790 2034 3841 euim
2050 3790 2174 3841 Grae
2181 3805 2263 3854 ce,
2279 3790 2463 3840 Latine
2474 3799 2553 3838 est

1489 3869 1505 3896 4
1526 3866 1863 3933 splendidus,’
1899 3867 2021 3917 hinc
2046 3868 2237 3919 dicitur
2267 3868 2283 3897 4
2308 3867 2552 3917 emicare’

1488 3952 1546 3994 et
1593 3947 1609 3972 ‘
1631 3944 1804 3996 subito
1832 3944 2063 3994 vibratus
2099 3943 2339 3994 lumine:'
2377 3945 2394 3972 ‘
2429 3944 2554 3992 emi-

1487 4019 1645 4070 care’
1678 4020 1887 4085 quidem
1921 4020 2137 4081 dicitur,
2169 4027 2425 4085 quatenus
2452 4018 2554 4069 ful·

1488 4103 1580 4159 get
1601 4111 1617 4157 ς
1650 4096 1784 4145 mico
1807 4095 1942 4146 euim
1965 4101 2046 4145 est
2068 4109 2100 4144 a
2120 4095 2272 4158 mica,
2295 4105 2551 4159 qnatenus

1487 4171 1602 4220 haec
1625 4169 1819 4221 dicitur
1840 4170 1907 4220 de
1934 4171 2161 4220 arenulis
2193 4169 2549 4234 fulgentibus:

1491 4255 1547 4300 at
1581 4248 1774 4298 dicitur
1802 4249 1819 4276 ‘
1843 4248 2017 4297 subito
2051 4248 2281 4297 vibratus
2321 4245 2551 4306 lumine,’

1488 4333 1748 4389 quatenus
1786 4325 1880 4374 Sol
1914 4324 2217 4374 continuato
2253 4324 2447 4372 lumine
2481 4322 2556 4372 ad
