3049 4928
542 403 674 469 162

1236 415 1543 465 noman
1596 417 1693 465 nn
1741 385 2051 466 consor„

1535 559 1749 612 NOTAE

528 669 636 713 tem
675 660 952 712 bonorum.
1021 658 1284 711 Nimirum
1332 659 1597 712 Platonici

419 728 433 745 ⁹
523 737 765 789 videntes
794 736 1057 787 hominnm
1078 744 1300 802 mentes,
1323 752 1447 802 quas
1476 752 1597 788 con-

522 815 662 867 ditas
702 815 856 879 longe
893 815 1056 878 prius,
1093 829 1247 880 quam
1290 814 1594 879 corporibus

520 893 833 959 conjunctas
888 889 1301 952 arbitrabantur,
1351 893 1594 942 miseram

522 986 671 1034 unas,
694 970 832 1030 alias,
847 968 1056 1020 felicem
1081 969 1239 1019 vitam
1265 982 1445 1033 agere,
1464 967 1594 1018 tinx-

524 1054 698 1110 erunt,
735 1047 836 1097 duo
873 1053 994 1097 ante
1026 1045 1165 1097 fores
1186 1045 1332 1098 Jovis
1370 1060 1486 1097 esse
1509 1061 1596 1096 va-

524 1140 584 1177 sa
605 1126 779 1191 plena,
798 1140 955 1177 unum
985 1124 1197 1191 quidem
1224 1124 1498 1187 bonorum,
1523 1125 1596 1174 al-

521 1211 692 1254 terum
740 1204 1011 1266 malornm,
1058 1216 1275 1268 quorum
1334 1204 1596 1252 alterutro

522 1288 667 1347 potae
691 1288 892 1331 mentes
914 1281 969 1332 in
1001 1294 1225 1345 corpora
1255 1279 1597 1330 infunderen-

523 1365 635 1423 tur,
669 1357 878 1409 felicem
914 1365 1198 1424 propterea
1234 1365 1326 1409 aut
1361 1358 1597 1409 miseram

522 1437 579 1486 in
602 1438 756 1488 terris
778 1443 977 1489 sortem
992 1438 1283 1491 habiturae:
1319 1439 1460 1503 qnod
1486 1438 1599 1488 Ho-

522 1528 697 1565 merus
722 1511 874 1566 Iliad.
898 1521 958 1567 Ω.
983 1516 1059 1567 sic
1082 1510 1375 1583 expressit:
1418 1516 1434 1545 ‘
1454 1518 1599 1567 Prae-

524 1601 674 1644 terea
712 1594 950 1658 posuisse
987 1593 1175 1646 Jovem
1216 1595 1320 1645 duo
1359 1609 1484 1644 vasa
1523 1594 1599 1644 lo·

525 1678 755 1739 qnuutur
778 1670 919 1722 Ante
939 1671 1092 1730 fores,
1116 1672 1384 1737 primoque
1416 1671 1600 1721 domus

526 1747 582 1796 in
618 1746 797 1796 limine
830 1747 967 1809 coeli,
1004 1747 1138 1799 Quae
1161 1746 1266 1796 sint
1296 1745 1598 1796 muneribus

525 1822 711 1873 dandis
733 1822 1210 1887 mortalibus-aegris
1234 1823 1422 1887 Plena,
1444 1821 1599 1874 bonis

527 1897 687 1962 aliud,
704 1898 968 1961 pejoribus
985 1897 1112 1947 illud
1130 1898 1386 1950 abundet:
1424 1901 1469 1949 E
1486 1900 1598 1965 qui-

526 1975 644 2039 bus,
676 1983 737 2025 ut
759 1975 944 2040 voluit,
977 1975 1123 2025 Deus
1162 1975 1334 2026 omnia
1372 1976 1599 2026 sortibus

527 2051 687 2118 aquis
724 2051 1004 2102 Distribuit
1040 2051 1219 2116 generi
1255 2052 1499 2114 humano,
1529 2052 1594 2102 si-

525 2129 634 2177 mul
657 2128 831 2182 omnia
849 2128 1088 2191 miscens,
1109 2129 1262 2179 Nunc
1289 2129 1443 2189 bona,
1457 2143 1597 2180 nunc

525 2205 697 2267 mala.;
732 2218 869 2255 nunc
891 2205 1043 2266 laeva,
1067 2219 1205 2255 nunc
1240 2206 1392 2256 lance
1414 2221 1602 2256 secun·

527 2281 632 2333 da:
709 2282 812 2333 Cui
853 2283 991 2332 mala
1052 2283 1395 2348 contigerint,
1458 2299 1600 2335 curae

528 2360 668 2412 hunc
687 2360 902 2424 exponit
917 2360 1402 2426 iniquae,Tristibus
1417 2377 1602 2412 aerum-

521 2437 628 2501 nis,
657 2436 936 2504 miserique
968 2437 1234 2501 laboribus
1268 2439 1403 2490 sevi:
1439 2440 1598 2491 Vivet

528 2513 666 2563 enim
697 2527 867 2578 neque
899 2513 1020 2575 Diis
1051 2520 1247 2578 gratus,
1270 2529 1438 2582 neque
1472 2530 1596 2580 gen-

527 2588 667 2639 tibus
696 2588 855 2639 ullis?
918 2591 1230 2641 Doctrinam
1269 2592 1402 2653 lianc
1426 2596 1441 2622 ‘
1461 2591 1599 2643 didi-

528 2674 678 2717 cerat
691 2666 707 2690 '
762 2666 1019 2737 Boethius
1092 2669 1110 2697 ‘
1123 2667 1545 2720 adolescentulus
1563 2668 1599 2720 τ’

527 2742 637 2794 sive
671 2743 793 2810 quia
814 2742 1056 2810 Athenis,
1076 2744 1165 2795 nbi
1200 2745 1265 2796 ab
1298 2745 1597 2813 adolescen-

527 2822 607 2872 tia
627 2821 1066 2886 studuerat‚.vasa
1082 2823 1194 2873 haec
1214 2823 1270 2872 in
1292 2824 1487 2887 templo
1504 2823 1596 2875 Jo-

528 2898 605 2949 vis
648 2899 917 2964 descripta
969 2899 1432 2965 proponebantur:
1484 2899 1594 2950 sive

1679 661 1803 725 quia
1859 661 2055 726 placita
2106 660 2494 711 Platonicorum
2559 661 2760 713 doctus

1677 739 1871 789 fuerat.
1935 741 2191 793 Quartum
2216 754 2368 804 porro
2393 737 2518 789 illud
2553 744 2640 789 est
2666 754 2765 789 ex·

1677 817 1925 880 emplum,
1947 830 2050 880 quo
2083 815 2296 866 fortuna
2329 816 2497 866 utitur
2530 814 2600 864 ad
2625 830 2762 879 pro-

1675 894 1901 945 bandum
1936 909 1992 944 se
2030 895 2220 944 merito
2254 895 2483 959 potuisse
2516 894 2762 946 Boethio

1676 988 1927 1038 prospera
1949 979 2004 1023 et
2026 973 2248 1022 adversa
2278 970 2505 1022 inferre:
2543 986 2616 1022 ex
2650 987 2764 1037 quo

1677 1049 1960 1114 concludit,
2003 1065 2059 1099 se
2104 1055 2320 1114 propter
2375 1049 2526 1109 bona,
2576 1050 2766 1112 gratia

1677 1126 1868 1191 potius,
1904 1142 2058 1192 quam
2097 1132 2317 1191 propter
2358 1125 2511 1189 mala,
2544 1125 2769 1190 injuriis

1679 1203 1875 1253 debere
1914 1201 2067 1256 affici.
2133 1203 2435 1253 Praesertim
2472 1217 2594 1252 cum
2640 1203 2766 1252 nul-

1679 1281 1785 1330 lum
1809 1281 1876 1331 sit
1910 1290 2259 1346 tempuS,quo
2291 1280 2500 1331 fortuna
2533 1295 2644 1331 non
2686 1280 2765 1331 vi·

1679 1356 1864 1406 deatur
1898 1357 2122 1407 Boethio
2156 1358 2319 1423 magis
2354 1356 2557 1423 favere,
2589 1373 2764 1424 quam

1681 1449 1901 1486 nocere:
1940 1435 2214 1499 praeterito
2248 1436 2404 1497 enim,
2427 1451 2529 1501 quo
2558 1435 2763 1501 opibus

1681 1517 1737 1560 et
1758 1510 2097 1575 dignitatibus
2121 1511 2342 1561 donatus
2364 1510 2486 1573 fuit,
2503 1512 2628 1577 plus
2666 1513 2766 1563 bo-

1679 1588 1734 1636 ni
1780 1588 2009 1651 accepit,
2053 1603 2206 1654 qnam
2253 1588 2413 1639 mali:
2460 1589 2767 1655 ‘uberins,'

1679 1664 1847 1729 inquit
1887 1663 2117 1727 fortuna,
2153 1666 2169 1694 ‘
2195 1665 2261 1716 de
2300 1665 2554 1715 bonorum
2595 1674 2765 1731 parte
2804 1698 2811 1700 ῃ

1678 1740 1907 1791 sumsisti
1927 1740 1960 1791 ε’
2004 1741 2274 1806 praesenti,
2307 1756 2408 1807 quo
2441 1748 2765 1793 constantes

1680 1818 1865 1874 saltem
1904 1818 2096 1868 amicos
2134 1818 2312 1877 habet,
2348 1818 2505 1868 etiam
2543 1819 2768 1885 aliquid

1679 1895 1803 1945 boni
1845 1896 2078 1946 obtinet:
2112 1896 2173 1946 ‘a
2217 1895 2307 1960 te,’
2348 1895 2520 1961 inquit
2560 1897 2765 1947 eadem

1679 1971 1907 2038 fortuna,
1945 1976 2073 2024 ‘non
2110 1981 2225 2024 tota
2257 1974 2470 2024 discessi
2493 1972 2529 2024 ε’
2566 1973 2764 2034 futuro

1677 2051 1921 2117 denique,
1943 2067 2044 2117 quo
2068 2051 2315 2116 pristinas
2337 2066 2454 2101 suas
2483 2065 2615 2114 opes
2641 2051 2767 2115 dig·

1676 2128 1976 2193 nitatesque
2024 2143 2336 2193 recuperare
2388 2134 2587 2193 potest,
2645 2129 2768 2179 feli·

1682 2206 1794 2256 cior
1815 2205 1953 2256 forte
1977 2206 2111 2258 erit:
2144 2206 2160 2235 ‘
2186 2207 2298 2255 haec
2322 2205 2436 2270 ipsa
2457 2204 2557 2253 mei
2581 2211 2769 2255 muta·

1681 2284 1890 2346 bilitas,’
1929 2284 2097 2350 inquit
2133 2282 2365 2345 fortuna,
2408 2285 2424 2311 ⁸
2447 2281 2606 2345 justa
2657 2283 2765 2340 tibi

1682 2376 1838 2411 causa
1872 2368 1952 2410 est
1984 2359 2226 2426 sperandi
2257 2356 2507 2409 meliora!
2575 2358 2772 2411 Quan-

1681 2454 1835 2505 quam
1869 2445 2044 2489 autem
2079 2437 2204 2488 nihil
2237 2436 2418 2487 horum
2452 2440 2618 2497 esset,
2667 2436 2769 2488 du·

1679 2517 1928 2567 randum:
1984 2514 2233 2581 quaelibet
2288 2515 2426 2563 enim
2481 2513 2764 2566 societatis

1680 2593 1898 2657 alicujus
1955 2607 2073 2656 pars
2127 2590 2480 2642 communibus
2535 2596 2765 2641 tenetur

1680 2686 1788 2720 suae
1833 2669 2102 2719 societatis
2139 2666 2374 2731 legibus:
2407 2663 2543 2714 ‘ne'
2583 2665 2764 2730 igitur

1675 2750 1691 2777 ‘
1717 2747 1888 2797 animo
1933 2745 2293 2805 contabescas,
2337 2749 2394 2793 et
2433 2741 2576 2791 intra
2613 2757 2764 2792 com·

1675 2837 1831 2873 mune
1865 2822 2099 2872 omnibus
2130 2834 2345 2884 regnum
2369 2820 2591 2879 locatus,
2633 2833 2761 2882 pro-

1675 2899 1790 2964 prio
1804 2897 1924 2962 jure
1947 2898 2122 2948 vivere
2142 2896 2156 2919 '
2180 2911 2287 2947 non
2308 2898 2323 2926 ‘
2345 2895 2657 2946 desideres!

1342 3328 1773 3396 METRUM
1819 3330 1921 3396 ΙΙ.

789 3495 869 3563 S1
903 3505 1193 3581 quantas
1225 3497 1484 3581 rapidis
1512 3498 1787 3565 flatibus
1818 3498 2091 3564 incitus·

874 3600 1138 3665 Pontus
1155 3608 1177 3637 ¹·
1219 3605 1445 3665 versat
1475 3609 1767 3679 arenas?

600 3766 830 3826 Quamvis
847 3767 1060 3819 maxima
1075 3766 1270 3818 uberius
1288 3764 1466 3832 offerat
1489 3769 1592 3816 tam
1621 3766 1798 3816 multus
1831 3765 2047 3832 divitius,
2089 3781 2233 3817 manu
2265 3780 2504 3831 nunquam
2528 3772 2757 3818 me

1524 3896 1741 3948 NOTAE

555 4036 560 4039 -
594 3994 617 4034 r‘
645 3999 858 4065 Pontus]
891 4000 1174 4066 speciatim
1219 4001 1454 4052 Euxinus
1495 4008 1599 4067 est,

527 4078 822 4142 generatim
860 4092 1023 4137 mare,
1062 4078 1201 4143 quod
1241 4076 1599 4143 frequentissi-

526 4168 668 4205 mum
703 4162 787 4208 est
829 4155 968 4219 apud
1003 4153 1239 4205 Poetasz
1273 4154 1395 4204 vide
1431 4155 1597 4206 Metr.

528 4237 580 4285 2.
601 4233 695 4286 lib.
713 4247 752 4286 1.
769 4248 846 4284 vs.
869 4237 950 4285 14.
1501 4232 1504 4233 ’

555 4323 568 4333 ·
594 4320 620 4347 ⁸
636 4310 846 4376 Areum]
873 4310 1021 4365 Quid
1048 4311 1120 4362 sit
1138 4323 1313 4376 arena,
1331 4323 1484 4363 nemo
1507 4324 1600 4362 ne-

1677 4004 1809 4055 scit:
1845 4004 1936 4054 sed
1981 4005 2069 4055 alii
2090 4007 2105 4035 ‘
2133 4018 2338 4054 arenam
2356 4002 2393 4065 ;’
2427 4002 2514 4053 alii
2558 4002 2754 4053 ‘bare-

1678 4080 1833 4144 nam,’
1866 4096 1962 4145 pro
2001 4080 2194 4145 duplici
2227 4080 2450 4129 nominis
2477 4079 2636 4141 hujus
2672 4078 2755 4128 in·

1680 4159 2077 4222 ter-pretatione,
2131 4157 2397 4207 scribunt:
2464 4157 2552 4205 vel
2606 4155 2751 4205 enim

1678 4247 1780 4282 vox
1822 4233 1927 4283 ista
1966 4234 2133 4284 oritur
2175 4233 2242 4283 ab
2284 4233 2301 4262 ‘
2325 4230 2563 4294 arendo,'
2607 4231 2752 4298 quod

1679 4310 1824 4362 arida
1862 4309 2145 4377 bibulaque
2177 4302 2280 4361 sit:
2314 4309 2449 4361 sicut
2487 4308 2751 4361 Horatius
