3049 4928
540 429 835 477 301⁴?an
890 430 986 476 DE
1033 428 1346 478 consol..

285 575 366 624 lib.
398 588 434 624 r.
470 573 533 623 de
570 574 755 634 Ponto,
792 573 882 621 lib.
917 586 996 621 ιν.
1024 572 1174 635 Eleg.
1196 586 1323 622 vm.

284 650 453 699 Manil.
488 650 573 698 lib.
612 664 665 699 v.
711 650 775 697 Β.
816 648 1157 711 Augustinum
1194 648 1325 698 libro

283 734 454 789 quarto
476 726 539 774 de
563 726 787 775 civitate
821 724 937 787 Dei,
959 724 1131 786 capite
1166 724 1325 787 trige-

280 804 414 863 simo,
436 801 686 852 Alcimum
706 802 915 851 Avitum
935 801 1067 851 libro
1086 799 1153 849 de
1173 801 1323 850 Dilu-

282 879 374 927 vio.
407 879 572 929 Sitzm.

342 956 537 1019 Remque
573 956 779 1007 omnium
814 957 1071 1005 maximam
1094 954 1194 1003 Dei
1225 970 1323 1003 mu-

279 1047 379 1081 nere
399 1048 525 1095 quem
559 1035 733 1083 dudum
765 1032 1128 1095 deprecabamur
1160 1030 1322 1092 exegi-

233 1148 237 1151 .
280 1108 394 1170 mus]
423 1110 526 1158 Pro
543 1110 884 1159 absolvimus:
910 1107 1091 1156 eadem
1114 1106 1323 1155 notione

278 1199 372 1248 qua
401 1186 613 1235 Ovidius
636 1185 878 1249 scripsit:
910 1186 926 1213 6
950 1185 1169 1247 Jamque
1192 1197 1323 1245 opus

279 1260 433 1324 exegi,
455 1263 588 1325 quod
624 1277 721 1311 nec
741 1261 891 1312 Jovis
916 1261 1011 1322 ira,
1035 1276 1130 1310 nec
1156 1262 1321 1324 ignes,

280 1336 385 1386 Nec
409 1340 596 1401 poterit
619 1333 943 1401 ferrum,nec
960 1339 1091 1389 edax
1116 1339 1323 1389 abolere

277 1415 526 1465 vetustas.’
558 1417 791 1466 Bernart.
1023 1479 1027 1483 .

335 1489 580 1555 Πάντοθεν]
616 1494 723 1543 Pro
745 1507 847 1557 quo
870 1492 1117 1555 legebant
1142 1506 1321 1541 omnes

276 1567 507 1618 hactenns
525 1570 804 1630 editiones,
827 1568 1013 1633 quibus
1033 1570 1322 1618 consentie-

275 1643 358 1693 bat
378 1662 572 1710 quoque
592 1648 707 1710 ipse
734 1647 1004 1696 Graeculns
1040 1646 1323 1709 Planndes‚

275 1719 499 1772 Πάηοθεν
536 1724 587 1772 ἐν
624 1721 841 1773 κύκλοισι
874 1720 1031 1786 φέρειν
1061 1722 1324 1783 ἐναλίγκιον

275 1795 426 1859 ὄγκον.
478 1803 493 1829 ‘
513 1802 757 1866 Undique
781 1802 833 1849 in
859 1801 1068 1850 circulis
1087 1801 1234 1850 ducis
1258 1802 1323 1851 si-

272 1877 431 1925 milem
454 1879 727 1928 acervum.'
759 1879 910 1931 Quod
935 1879 1174 1942 profecto
1196 1880 1320 1944 quid

273 1953 511 2016 significet
526 1972 698 2022 neque
716 1957 800 2006 vel
822 1956 1056 2006 divinare
1073 1956 1185 2021 quis
1206 1971 1322 2020 pos-

272 2030 353 2091 sit,
373 2033 437 2082 sit
459 2034 582 2083 lieet
605 2048 821 2097 magnus
842 2032 1051 2096 Apollo.
1122 2034 1233 2081 Nos
1256 2047 1322 2081 ex

270 2106 497 2171 Sopliista
545 2111 782 2160 Platonis
827 2110 963 2160 unde
1001 2124 1178 2159 versus
1222 2110 1322 2159 iste

270 2185 576 2236 Parmenidis
594 2188 900 2250 desumptus
918 2193 1019 2249 est,
1035 2193 1321 2236 monstrum

267 2259 384 2310 illud
409 2270 809 2313 averruncantes
841 2263 1180 2326 reposuimus,
1196 2261 1320 2312 Πάν-

266 2342 390 2386 τοθεν
408 2338 637 2389 εὐκύκλου
656 2339 854 2403 σφαίρας
886 2339 1149 2401 ἐναλίγκιον
1179 2339 1317 2402 ὄγκῳ.

268 2416 282 2440 6
304 2416 523 2479 Sphaerae
547 2417 779 2481 undique
804 2417 1017 2481 aequalis
1042 2416 1321 2478 persimilis

268 2494 413 2544 moli.'
480 2495 639 2558 Cujus
658 2494 898 2544 lectionis
926 2494 1148 2557 vestigia
1164 2493 1318 2544 codd.

268 2569 552 2639 Victorinus
616 2577 672 2621 et
725 2571 963 2619 Timauus
1010 2571 1319 2636 vetustiores

265 2649 544 2698 servabant.
614 2647 718 2696 Hic
740 2661 862 2697 vero
882 2661 1057 2696 sensus
1076 2653 1190 2707 est;
1220 2647 1319 2695 To-

266 2730 366 2771 tum
389 2724 551 2775 simile
575 2732 660 2773 est
695 2725 847 2787 globo
882 2723 1120 2787 sphaerae,
1158 2724 1320 2787 inquit

262 2799 611 2852 Parmenides.
670 2801 775 2851 lna
794 2799 929 2849 enim
953 2814 1129 2848 omnes
1150 2799 1318 2862 singu—

264 2875 428 2941 lasque
453 2885 632 2942 partes
657 2892 772 2926 suas
808 2875 1228 2927 circumferentia
1249 2877 1321 2924 in·

263 2954 441 3004 cludit:
476 2958 668 3006 Totum
699 2968 905 3019 quoque
942 2966 1119 3002 omnes
1142 2959 1318 3017 partes

261 3047 367 3080 sinas
388 3036 640 3096 continet,
662 3038 717 3079 et
737 3039 933 3095 praeter
947 3031 1126 3079 Totius
1143 3037 1320 3093 partes

262 3112 407 3160 nullae
429 3117 603 3174 partes
628 3116 766 3158 sunte
802 3110 875 3158 Et
895 3100 1320 3172 quemadmodum

261 3199 290 3233 a
305 3196 480 3236 centro
502 3187 720 3251 spliaerae
742 3198 891 3249 aequo
916 3183 1192 3232 intervallo
1215 3198 1320 3232 om-

262 3276 345 3311 nes
380 3264 534 3313 lineae
579 3262 646 3311 ad
698 3259 1172 3311 circumferentiam
1214 3259 1317 3308 dis-

263 3345 397 3389 tant:
433 3341 516 3389 Ita
555 3338 740 3388 Totius
780 3345 956 3401 partes
996 3352 1143 3402 aeque
1181 3337 1319 3386 inter

260 3430 313 3463 se
362 3417 556 3466 distant
599 3431 717 3465 eum
757 3416 947 3466 Totum
996 3415 1063 3464 sit
1107 3415 1315 3480 ubique.

258 3492 373 3542 Pari
412 3494 632 3557 quodam
665 3492 818 3542 modo
843 3494 987 3542 Deus
1025 3506 1108 3542 res
1142 3507 1318 3542 omnes

258 3567 489 3634 includit,
523 3586 640 3622 cum
675 3585 834 3634 snpra
872 3584 957 3619 res
994 3585 1173 3620 omnes
1212 3571 1313 3620 sitz

256 3660 334 3694 res
356 3655 535 3698 autem·
561 3662 736 3697 omnes
768 3647 834 3697 ab
859 3661 922 3696 eo
946 3661 1095 3710 aeque
1119 3647 1314 3696 distare

258 3732 451 3773 certum
472 3732 571 3787 est,
592 3725 712 3789 quia
727 3724 917 3789 ubique
939 3724 1185 3780 existens,
1203 3738 1315 3772 esse

256 3804 649 3867 conservarique
687 3801 842 3850 rebus
882 3799 1117 3849 omnibns
1161 3799 1315 3862 largi-

257 3883 353 3941 tur,
386 3883 549 3930 multo
587 3879 808 3930 interior
847 3879 950 3927 illis
994 3893 1147 3942 quam
1185 3878 1313 3940 ipsae

258 3953 352 4004 sibi
384 3957 505 4006 sint.
569 3955 725 4008 Quod
760 3955 920 4018 igitur
953 3952 1059 4017 περὶ
1092 3954 1178 4001 τοῦ
1199 3953 1315 4002 ὅλου

258 4029 410 4079 Plato
446 4032 500 4080 in
545 4032 806 4095 sophista,
850 4029 955 4094 περὶ
996 4031 1083 4078 τοῦ
1122 4028 1224 4079 ἑνὸς
1262 4032 1314 4079 in

260 4105 565 4156 parmenide
618 4108 855 4171 protulit,
899 4105 1037 4155 idem
1081 4107 1147 4156 de
1193 4107 1313 4157 Deo

256 4182 406 4246 longe
437 4185 719 4246 sapientius
752 4181 970 4232 Boetius
1008 4183 1310 4246 usurpavit:

257 4272 405 4320 quem
448 4261 562 4309 hinc
600 4260 849 4324 Synesius
888 4249 985 4308 τῶν
1013 4257 1202 4308 πάντων
1234 4258 1314 4309 καὶ

256 4337 349 4384 τᾶν
369 4334 513 4387 ὄντων
531 4335 737 4402 κέντρον,
761 4338 776 4365 6
800 4337 1026 4389 omnium
1047 4350 1218 4389 rerum
1237 4345 1314 4389 at·

1396 412 1838 478 PH1LOSOPH.
1887 421 2030 476 mn.
2078 426 2196 476 111.
2339 411 2470 475 517

1400 586 1501 636 que
1539 572 1735 620 eutium»
1778 571 2041 621 centrum'
2077 576 2248 621 vocat.
2313 570 2470 623 Quod

1398 648 1474 698 sic
1511 648 1751 698 Plotinus
1775 648 2035 709 explicat:
2084 645 2176 697 Καὶ
2197 648 2289 711 γὰρ
2322 645 2382 695 αὖ
2412 645 2472 705 ἣν

1394 728 1541 775 τοῦτο
1575 728 1650 776 δεῖ
1665 726 1711 775 τ’
1741 724 1916 787 ἀγαθὸν
1939 724 2159 782 τίθεσθαι.
2183 724 2249 776 εἰς
2265 725 2292 774 δ
2313 724 2472 780 πάντα

1396 802 1671 866 ἀνήρτηται.
1708 802 1824 852 αὐτὸ
1863 801 1914 853 δὲ
1941 801 2007 852 εἷς
2036 801 2195 863 μηδέν.
2234 801 2357 854 οὕτω
2377 801 2473 864 γὰρ

1396 882 1474 929 καὶ
1496 880 1684 940 ἀληθὲς,
1708 881 1783 944 τὸ,
1819 876 1873 929 οὗ
1905 878 2062 930 πάντα
2083 879 2279 943 ἐφίεται.
2297 882 2374 929 δεῖ
2387 877 2471 929 οὖν

1393 956 1549 1019 μένειν
1588 956 1719 1020 αὐτὸ,
1763 957 1876 1021 πρὸς
1920 957 2035 1006 αὐτὸ
2083 957 2134 1007 δὲ
2180 956 2470 1022 ἐπιστρέφειν

1394 1032 1565 1095 πάντα,
1602 1035 1757 1099 ὥσπερ
1790 1033 1965 1084 κύκλον
1999 1034 2113 1100 πρὸς
2150 1033 2365 1100 κέντρον,
2388 1034 2470 1098 ὕφ’

1396 1108 1451 1160 οὗ
1462 1113 1609 1160 πᾶσαι
1621 1111 1847 1174 γραμμαί.
1868 1112 1945 1160 καὶ
1962 1110 2254 1175 παράδειγμα
2272 1113 2300 1162 ὁ
2321 1112 2472 1172 ἥλιος,

1396 1188 1554 1250 ὥσπερ
1587 1186 1779 1253 κέντρον
1812 1189 1876 1237 ὢν
1912 1187 2026 1253 πρὸς
2061 1188 2120 1238 τὸ
2153 1193 2252 1252 φῶς
2281 1188 2341 1238 τὸ
2361 1190 2471 1253 παρ’

1397 1267 1541 1315 αὐτοῦ
1575 1264 1904 1331 ἀνηρτημένον,
1939 1266 2054 1330 πρὸς
2088 1266 2230 1316 αὐτὸν
2265 1265 2324 1315 τὸ
2356 1269 2470 1326 φῶς·

1394 1344 1645 1405 πανταχοῦ
1664 1343 1713 1405 γ’
1744 1340 1827 1391 οὖν
1846 1342 1951 1402 μετ’
1983 1343 2129 1392 αὐτοῦ
2149 1342 2226 1394 καὶ
2248 1344 2333 1393 οὐκ
2355 1343 2471 1393 ἄπο·

1394 1419 1638 1479 τέτμηται.
1702 1420 1718 1447 ‘
1744 1421 1883 1471 Quin
1905 1421 2061 1470 etiam
2084 1421 2135 1469 id
2162 1421 2330 1484 ipsum
2364 1421 2471 1470 Bo-

1395 1509 1515 1543 num
1542 1502 1753 1557 oportet
1775 1510 2026 1559 asserere,
2045 1497 2109 1546 ad
2135 1497 2272 1560 qnod
2299 1495 2471 1545 omnia

1397 1570 1713 1634 referuntur,
1739 1572 1904 1634 ipsum
1928 1586 2051 1620 vero
2074 1571 2139 1621 ad
2175 1572 2315 1622 aliud
2340 1575 2470 1622 non’

1397 1648 1652 1697 refertur:
1689 1649 1704 1675 ‘
1726 1649 1801 1697 sic
1839 1648 1976 1697 enim
2002 1648 2126 1697 illud
2151 1664 2357 1713 quoque
2381 1664 2468 1698 ve-

1397 1724 1533 1774 rum’
1559 1740 1670 1773 esse
1689 1732 1916 1787 constat,
1933 1726 2128 1788 ‘ipsum
2149 1726 2338 1774 bonum
2357 1740 2472 1775 esse

1396 1806 1532 1870 quod
1556 1805 1727 1855 omnia
1767 1811 2041 1870 appetunt.
2108 1805 2340 1868 Oportet
2372 1805 2472 1855 ita·

1397 1897 1497 1946 que
1520 1882 1691 1945 ipsum
1728 1880 1947 1930 firmiter
1978 1895 2302 1944 permanere,
2323 1886 2378 1931 et
2402 1880 2469 1930 ad

1396 1958 1620 2020 seipsum
1645 1958 1817 2009 omnia
1846 1964 2185 2006 converteret
2225 1956 2470 2021 quemad-

1396 2034 1630 2084 modum’
1672 2034 1959 2083 revolvitur
2002 2034 2018 2061 ‘
2055 2034 2279 2082 circulus
2330 2031 2472 2084 circa

1396 2119 1652 2175 centrum,
1691 2127 1722 2161 a
1755 2126 1855 2175 quo
1894 2111 2044 2160 lineae
2085 2108 2325 2174 singulae’
2350 2123 2472 2172 pro-

1397 2187 1676 2237 ducuntur.
1765 2186 2061 2250 ‘Exemplo
2095 2185 2261 2236 nobis’
2305 2185 2372 2234 ad
2416 2185 2474 2235 id

1394 2263 1410 2290 6
1436 2266 1511 2312 sol
1526 2263 1540 2285 '
1564 2277 1677 2311 csse
1702 2271 1893 2328 potest,
1916 2264 1932 2290 ‘
1953 2265 2039 2327 qui
2063 2264 2207 2328 quasi
2230 2270 2472 2313 centrum

1396 2348 1479 2389 est
1501 2340 1567 2388 ad
1591 2342 1783 2403 lumen,
1805 2340 1938 2405 quod
1965 2340 2031 2389 ab
2051 2340 2165 2404 ipso
2184 2338 2470 2402 dependet,

1396 2418 1549 2468 simul
1586 2418 1652 2467 ad
1687 2418 1960 2481 ipsumque
1985 2416 2304 2479 annectitur,
2327 2415 2470 2463 ideo-

1392 2512 1492 2561 que
1532 2511 1633 2545 una
1672 2511 1789 2549 cuni,
1827 2496 1943 2545 illo'
1988 2497 2171 2545 existit
2210 2498 2225 2522 ‘
2256 2495 2468 2560 ubique,

1393 2585 1490 2619 nec
1535 2569 1601 2619 ab
1643 2570 1732 2618 illo
1777 2570 1969 2619 alicubi
2013 2569 2326 2634 separatur!
2394 2571 2467 2619 Et

1393 2646 1538 2709 alibi,
1557 2661 1607 2710 p.
1630 2650 1660 2693 '7
1664 2651 1746 2695 52.
1815 2645 1906 2694 Καὶ
1926 2645 1986 2694 σὺ
2007 2646 2182 2709 ζητῶν,
2206 2645 2351 2707 μηδὲν
2381 2644 2469 2707 ἔξω

1391 2722 1526 2787 ζήτει
1563 2724 1724 2784 αὐτοῦ,
1762 2724 1878 2772 ἀλλ’
1919 2724 2029 2773 εἵσω
2068 2722 2224 2773 πάντα
2258 2724 2323 2773 τὰ
2361 2725 2469 2784 μετ’

1392 2801 1550 2852 αὐτόν.
1573 2801 1711 2850 αὐτὸν
1728 2799 1796 2861 δὲ,
1819 2800 1888 2852 ἔα.
1906 2801 1964 2850 τὸ
1980 2802 2072 2865 γὰρ
2088 2800 2190 2864 ἔξω,
2209 2799 2351 2850 αὐτός
2365 2801 2470 2849 ἐστι

1390 2878 1637 2944 περίληψις
1665 2877 1856 2928 πάντων
1893 2877 1973 2927 καὶ
2005 2877 2188 2943 μέτρον.
2213 2877 2245 2937 ἢ
2270 2878 2381 2932 εἵσω
2414 2879 2468 2926 ἐν

1391 2959 1555 3016 βάθειε
1599 2961 1708 3009 ‘Tu
1747 2974 1871 3022 ergo
1912 2960 2123 3024 quaeris,
2158 2959 2284 3008 nihil
2319 2965 2468 3008 extra

1393 3038 1563 3086 Deum
1618 3038 1872 3102 quaerit0:
1928 3037 2021 3086 sed
2077 3037 2244 3087 intra'
2291 3039 2468 3086 Deum

1392 3117 1408 3144 6
1434 3116 1603 3164 omnia
1622 3131 1736 3179 quoe
1757 3124 1878 3163 sunt
1898 3120 2020 3178 post
2048 3115 2219 3162 Deum
2242 3129 2256 3162 ε
2293 3113 2466 3176 ipsum

1392 3205 1517 3238 vero
1543 3191 1765 3240 dimitte.
1836 3190 1989 3242 Quod
2014 3190 2150 3238 enim
2188 3196 2342 3239 extra
2364 3196 2467 3251 est,

1392 3265 1537 3330 ipse’
1583 3269 1731 3316 Deus
1775 3269 1790 3295 ‘
1824 3266 2026 3329 existit,
2073 3265 2468 3330 comprehensio

1392 3345 1619 3393 omnium
1642 3351 1697 3393 et
1712 3359 1969 3406 mensura,
1986 3350 2078 3392 aut
2101 3343 2337 3392 intimum
2356 3343 2468 3392 uni·

1392 3421 1526 3468 versi
1561 3419 1911 3483 profundum.’
1978 3419 2064 3468 Ita
2100 3424 2274 3468 tamen
2312 3419 2461 3467 Deus

1391 3502 1475 3546 est
1497 3497 1551 3544 in
1575 3497 1726 3546 rebus
1752 3495 2011 3556 omnibus,
2033 3501 2092 3545 ut
2111 3510 2192 3543 res
2217 3495 2346 3558 ipsae
2373 3495 2469 3544 mi·

1389 3572 1524 3620 nime
1572 3573 1667 3621 sit:
1731 3572 1899 3621 Recte
1938 3573 2095 3635 igitur
2137 3571 2461 3635 Porphyrius

1389 3651 1478 3699 lib.
1524 3650 1591 3699 de
1615 3651 2024 3702 occasionibus:
2061 3651 2119 3698 ‘O
2153 3651 2256 3699 θεὸς
2286 3667 2468 3699 παντα-

1387 3728 1497 3789 χοῦ,
1520 3727 1593 3776 ὅτι
1625 3727 1841 3789 οὐδαμοῦ.
1866 3726 1944 3775 καὶ
1964 3725 2123 3776 πάντα
2153 3725 2215 3775 τὰ
2247 3727 2362 3776 ὄντα
2382 3725 2462 3775 καὶ

1385 3804 1451 3864 μὴ
1473 3805 1585 3853 ὄντα
1620 3805 1673 3853 ἐκ
1693 3806 1780 3852 τοῦ
1813 3804 1936 3865 θεοῦ,
1959 3803 2036 3851 καὶ
2073 3803 2125 3852 ἐν
2154 3803 2259 3865 θεῷ’,
2276 3800 2356 3850 καὶ
2378 3802 2464 3850 οὐκ

1389 3878 1530 3929 αὐτὸς
1546 3879 1608 3928 τὰ
1630 3881 1747 3928 ὄντα
1763 3878 1841 3927 καὶ
1861 3879 1946 3928 οὐκ
1967 3879 2084 3928 ὄντα
2114 3877 2192 3926 καὶ
2214 3878 2266 3926 ἐν
2283 3878 2461 3927 αὐτοῖς·

1389 3953 1430 4003 εἰ
1448 3953 1537 4015 μὲν
1560 3953 1650 4017 γὰρ
1670 3953 1808 4015 μόνον
1828 3953 1860 4012 ἦ
1878 3955 2143 4016 πανταχοῦ,
2161 3952 2306 4003 αὐτὸς
2327 3952 2386 4002 ἃν
2403 3951 2462 4012 ἦν

1386 4031 1449 4081 τὰ
1467 4030 1627 4082 πάντα
1647 4032 1724 4079 καὶ
1748 4031 1799 4080 ἐν
1819 4033 1979 4082 πᾶσιν.
2022 4030 2122 4080 ἐπεὶ
2147 4029 2198 4080 δὲ
2218 4029 2299 4080 καὶ
2328 4031 2465 4082 owa-

1384 4109 1492 4171 μοῦ,
1521 4109 1586 4157 τὸ
1617 4107 1775 4157 πάντα
1808 4108 1988 4169 γίνεται
2023 4110 2077 4157 δι’
2117 4109 2262 4158 αὐτοῦ
2300 4107 2380 4158 καὶ
2413 4109 2466 4157 ἐν

1388 4186 1532 4248 αὐτῷ’,
1578 4185 1650 4235 ὅτι
1693 4187 1942 4248 πανταχοῦ
1984 4185 2176 4249 ἐκεῖνος,
2223 4183 2362 4249 ἕτερα
2409 4183 2464 4234 δὲ

1388 4264 1552 4323 αὐτοῦ,
1592 4261 1664 4311 ὅτι
1702 4262 1841 4312 αὐτὸς
1871 4262 2088 4322 οὐδαμοῦ.
2153 4263 2169 4291 ‘
2195 4264 2343 4312 Deus
2379 4267 2461 4310 est

1388 4339 1602 4404 ubique,
1640 4339 1762 4403 quia
1805 4353 2084 4402 nusquam:
2138 4348 2462 4403 quaecunque
