3049 4928
595 456 904 505 BOE'I'HH
956 456 1053 504 DE
1100 454 1411 505 coNsoL.
1460 451 1908 502 PHILOSOPH.
1958 450 2099 498 [ΑΒ.
2149 451 2199 499 1.

292 607 399 652 tum
425 602 479 652 in
499 600 686 653 Roma.
722 603 875 652 Rern.

357 680 643 730 Inexhausti
695 678 903 742 vigoris]
971 679 1230 728 Ausonius
1293 678 1359 727 ad

288 756 600 808 Paulinum:
629 758 647 785 ‘
673 757 873 807 Nostra
911 763 1153 805 senectus
1176 756 1364 804 Servat

287 834 679 898 inexhaustum,
725 835 824 884 tibi
868 832 1184 898 gratificata,
1218 832 1359 895 vigo·

293 915 438 964 rem.'
477 913 654 962 Sitzm.

356 990 567 1038 Pulsate
597 991 762 1039 coelum
792 990 962 1040 summi
999 987 1193 1039 verticis
1227 1002 1361 1037 cacu-

288 1066 416 1115 mine
450 1066 725 1130 videbatur]
761 1066 951 1117 Horat.
985 1080 1023 1116 1.
1057 1066 1232 1114 Carm.
1257 1063 1362 1114 od.

291 1148 338 1193 l.
375 1143 393 1170 ‘
417 1144 571 1197 Quod
599 1145 643 1192 si
666 1158 749 1193 me
772 1143 973 1208 Lyricis
996 1141 1201 1192 vatibus
1225 1141 1361 1189 inse-

289 1220 362 1270 ris
409 1221 632 1270 Sublimi
676 1219 860 1270 feriam
908 1219 1083 1269 sidera
1125 1215 1361 1267 vertice.’

290 1298 559 1347 Martialis
598 1297 691 1348 lib.
713 1311 838 1347 vm.
889 1297 1043 1361 Epig.
1072 1299 1155 1346 36.
1190 1296 1206 1323 ‘
1228 1294 1362 1344 Haec

288 1372 538 1438 Anguste
579 1383 772 1434 tamen,
802 1389 916 1440 quae
953 1373 1152 1422 vertice
1190 1372 1365 1422 sidera

290 1451 493 1514 pulsat,
527 1451 633 1501 Par
657 1451 835 1500 domus
861 1456 946 1500 est
975 1450 1125 1511 caelo,
1156 1448 1247 1499 sed
1271 1449 1362 1498 mi-

289 1541 391 1577 nor
412 1533 498 1576 est
520 1526 778 1577 Domino!
816 1527 968 1576 Idem.

358 1604 555 1653 Harum
576 1604 629 1653 ιἰι
661 1609 873 1654 extremo
894 1603 1114 1665 margins
1138 1620 1192 1665 π,
1212 1603 1265 1651 in
1285 1618 1365 1652 su-

293 1697 458 1746 premo
478 1698 589 1732 vero
611 1686 637 1731 θ
660 1682 903 1746 legebatur
924 1679 1187 1743 intextum]
1206 1680 1365 1730 Prac-

295 1759 455 1809 ticam
470 1759 717 1824 intelligit
731 1757 1118 1820 Philosophiam
1138 1764 1194 1806 et
1205 1757 1367 1806 Theo·

294 1838 479 1888 ricam.
548 1838 629 1886 De
664 1842 881 1900 utraque
919 1836 1037 1885 vide
1068 1836 1135 1886 B.
1164 1834 1367 1900 Augus·

293 1915 391 1964 tin.
437 1918 478 1964 l.
518 1928 642 1965 vm.
676 1914 742 1963 de
787 1914 946 1964 Civit.
988 1914 1117 1974 Dei,
1152 1928 1271 1978 cap.
1315 1916 1366 1962 4.

295 1989 453 2039 Illam
492 1992 508 2019 ‘
543 1990 820 2053 Activam,'
856 1991 987 2040 hanc
1031 1997 1045 2018 ‘
1079 1991 1368 2054 speculati-

295 2066 448 2117 vam’
485 2073 642 2117 vocat
679 2065 1037 2128 Cassiodorus,
1078 2079 1118 2115 1.
1162 2067 1368 2116 Variar.

297 2146 472 2210 Epist.
494 2149 576 2196 45.
629 2144 799 2196 Aliter
822 2159 946 2194 vero
967 2145 1054 2193 alii
1075 2143 1161 2209 (ut
1182 2145 1369 2194 Cicero

296 2228 356 2272 et
396 2222 678 2286 Apuleius)
711 2221 1103 2285 Philosophiam
1136 2222 1370 2286 partiun-

295 2303 402 2347 tur.
471 2300 553 2347 Ex
590 2298 778 2362 quibus
802 2298 989 2347 Cicero
1012 2297 1101 2349 lib.
1127 2312 1166 2348 1.
1201 2297 1368 2350 Acad.

297 2375 507 2426 Quaest.
528 2375 604 2425 sic
627 2375 728 2425 ait:
764 2375 781 2403 ‘
807 2374 928 2424 Fuit
954 2375 1067 2438 jam
1089 2389 1121 2423 a
1142 2374 1368 2425 Platone

299 2458 527 2515 accepta
547 2450 945 2515 philosophandi
985 2449 1117 2501 ratio
1157 2450 1367 2515 triplex.

299 2530 423 2579 Una
460 2529 526 2578 de
566 2529 674 2577 vita
711 2536 768 2578 et
803 2528 1061 2578 moribus:
1096 2529 1265 2579 altera
1303 2529 1372 2579 de

300 2612 491 2654 natura
526 2611 581 2655 et
621 2604 773 2654 rebus
810 2606 1066 2655 occultis:
1102 2605 1260 2654 tertia
1302 2605 1371 2654 de

299 2682 628 2745 disserendo,
659 2689 715 2731 et
754 2682 879 2747 quid
928 2696 1105 2731 verum
1152 2688 1209 2731 et
1245 2681 1370 2746 qnid

301 2757 512 2822 falsum,
543 2759 669 2824 quid
693 2766 892 2808 rectum
912 2759 967 2808 in
992 2759 1229 2807 oratione
1254 2773 1371 2822 pra·

303 2850 512 2898 vumve,
548 2835 671 2900 quid
716 2836 1068 2899 consentiens,
1124 2836 1247 2899 quid
1295 2849 1375 2885 re-

304 2888 561 2977 pffgnane,
586 2912 909 2976 judicando:
965 2914 1035 2963 Et
1055 2913 1194 2962 idem
1216 2912 1302 2963 nb.
1322 2927 1377 2963 v.

303 2989 519 3039 Tuscul.
559 2989 763 3040 Quaest.
805 2988 893 3039 ubi
935 2989 1198 3054 triplicem
1241 2990 1376 3040 hunc

306 3066 466 3115 animi
511 3064 699 3116 foetum
740 3067 812 3115 ait
855 3067 1113 3116 existere:
1160 3081 1376 3132 quorum

304 3144 324 3171 ⁴
350 3142 513 3192 unus’
550 3144 619 3192 sit
655 3144 672 3171 ‘
697 3143 750 3192 in
774 3145 1072 3208 cognitione
1094 3161 1261 3195 rerum
1286 3160 1377 3209 po-

306 3220 442 3269 situs
467 3226 523 3268 et
547 3220 598 3268 in
623 3220 973 3282 explicatione
993 3229 1219 3273 naturae:
1245 3224 1380 3273 alter

306 3297 361 3346 in
380 3295 739 3360 descriptione
755 3299 1163 3363 expetendarum
1180 3297 1382 3364 fugien-

308 3373 563 3423 datumve
586 3388 793 3426 rerum:
834 3377 1020 3426 tertius
1055 3377 1108 3427 in
1140 3378 1382 3442 judican-

311 3451 401 3512 do,
437 3452 563 3516 quid
604 3453 793 3518 cuique
834 3454 908 3502 rei
945 3454 1012 3502 sit
1046 3467 1383 3518 consequens,

307 3526 438 3590 quid
473 3540 800 3593 repugnans,
832 3529 886 3578 in
909 3543 1011 3594 quo
1049 3530 1186 3580 inest
1217 3531 1382 3580 omnis

311 3610 423 3654 tum
450 3604 714 3656 subtilitas
748 3606 1057 3670 disserendi,
1095 3615 1202 3657 tum
1250 3609 1382 3657 veri-

310 3690 398 3733 tas
430 3683 745 3748 Judicandi.'
780 3684 930 3735 Idem.

382 3766 443 3810 n.
468 3758 553 3822 8.]
587 3759 860 3824 Designari
876 3761 956 3811 his
972 3762 1243 3813 elementis
1261 3763 1386 3812 Phi-

311 3836 611 3901 losophiam¹
665 3836 923 3901 πρακτικὴν
962 3837 1041 3887 καὶ
1095 3840 1385 3905 θεωρητικὴν,

311 3911 328 3941 ‘
346 3913 574 3963 activam
595 3919 650 3962 et
671 3914 1160 3976 contemplativam’
1184 3923 1383 3966 certum

315 3995 418 4038 est.
490 3988 627 4039 Haec
652 3989 787 4038 enim
813 3995 893 4039 est
917 3991 1053 4054 apud
1082 3991 1387 4041 Platonicos

312 4066 479 4115 totius
504 4072 613 4115 tum
639 4066 780 4127 vitae,
818 4073 926 4115 tum
950 4068 1287 4132 philosophia!
1313 4069 1386 4118 di·

313 4142 470 4205 visio,
502 4157 658 4208 quam
680 4151 953 4208 utramque
977 4145 1065 4209 qui
1087 4147 1388 4210 complecti·

313 4225 424 4282 tur,
459 4221 502 4269 is
527 4220 738 4271 demum
764 4221 971 4286 sapiens
1006 4230 1101 4272 est.
1168 4224 1301 4274 Haec
1339 4225 1389 4274 ἐν

315 4299 382 4363 τῇ
429 4297 604 4359 γνώσει
633 4300 720 4358 τῆς
757 4297 991 4362 ἀληθείας,
1021 4299 1038 4326 ⁴
1063 4300 1114 4347 in
1149 4300 1386 4349 veritatis

320 4373 664 4438 coguitione,'
700 4382 951 4438 versatur,
987 4376 1122 4440 quod
1151 4376 1215 4426 τὰ
1245 4377 1390 4437 νοητὰ

2317 521 2318 524 ¹
2373 432 2504 498 427

1433 597 1515 647 nal
1536 596 1596 646 τὸ
1617 599 1761 659 θεῖον,
1794 596 1811 625 ‘
1842 594 2195 658 intelligibilia
2234 593 2503 659 ipsamque

1436 675 1796 726 divinitatem'
1831 674 2109 736 intelligat.
2177 672 2281 722 Illa
2303 686 2430 722 vero
2454 674 2507 722 ἐν

1431 755 1503 814 τῷ
1531 755 1697 817 πρᾶξαι
1732 752 1797 801 τὰ
1829 747 2204 813 ὑπαγορευόμενα
2238 749 2291 798 ἐκ
2311 751 2400 798 τοῦ
2417 749 2502 799 λό-

1431 848 1541 893 γου,
1560 834 1575 858 ‘
1595 832 1647 879 in
1673 830 1735 879 iis
1760 829 1917 878 rebus
1943 827 2179 891 agendis,
2207 841 2332 890 quas
2355 835 2504 876 recta

1434 911 1568 960 ratio
1593 908 1920 976 praescribit‚'
1955 910 2053 958 hoc
2070 914 2168 971 est,
2187 910 2237 957 in
2253 908 2507 958 exercita·

1437 989 1578 1038 tione
1619 989 1885 1039 virtutum.
1952 986 2105 1036 Unde
2140 986 2414 1036 Hierocles
2451 986 2504 1035 in

1435 1066 1608 1116 Carus.
1629 1065 1787 1129 Pyth.
1810 1064 2010 1126 scribit,
2032 1062 2148 1113 ‘Ort
2180 1063 2213 1123 ἡ
2249 1061 2336 1125 μὲν
2355 1081 2505 1128 πρακ-

1433 1142 1544 1201 τικὴ
1564 1141 1827 1205 φιλοσοφία
1863 1140 1937 1191 διὰ
1969 1143 2059 1200 τῆς
2090 1144 2184 1190 τῶν
2218 1141 2390 1205 ἀρετῶν
2419 1139 2507 1204 ‹pb-

1435 1237 1555 1270 σεως
1603 1218 1836 1284 ἄνθρωπον
1881 1217 2061 1279 ἀγαθὸν
2101 1216 2427 1267 ἀποτελεῖται.
2475 1215 2509 1275 ἡ

1437 1295 1489 1347 δὲ
1527 1296 1777 1362 θεωρητικὴ
1810 1295 1875 1346 εἷς
1913 1294 2163 1355 humorve
2200 1295 2322 1344 Θεοῦ
2351 1293 2508 1344 καθίσ-

1435 1390 1549 1434 τησι
1584 1375 1666 1423 νοῦ
1694 1373 1771 1423 καὶ
1808 1371 2030 1432 ἀληθείας
2053 1369 2299 1435 ἐλλάμψει,
2343 1373 2361 1400 ‘
2396 1372 2507 1436 phi·
2573 1410 2585 1424 ,

1436 1452 1743 1515 losophiam‚
1774 1463 1891 1515 quse
1926 1454 2161 1498 versatur
2198 1449 2252 1498 in
2288 1448 2510 1512 agendo,

1440 1529 1689 1577 virtutum
1738 1527 1785 1576 vi
1836 1525 2091 1575 homiuem
2134 1525 2352 1589 probum
2401 1522 2510 1572 effi·

1438 1619 1589 1655 cere:
1623 1619 1740 1670 quse
1784 1611 1957 1653 autem
1992 1603 2043 1650 in
2086 1600 2509 1664 contemplando,

1439 1681 1789 1731 illustratione
1834 1679 2027 1728 mentis
2075 1685 2230 1742 atque
2275 1676 2512 1727 veritatis

1440 1761 1560 1809 Deo
1584 1760 1800 1810 similem
1827 1757 2084 1808 reddere.'
2155 1757 2294 1807 Hinc
2318 1754 2511 1816 eidem,

1439 1835 1500 1886 fit
1524 1836 1678 1886 homo
1699 1836 1920 1898 primum
1959 1834 2154 1898 ἀγαθὸς,
2178 1834 2367 1884 deinde
2389 1832 2510 1883 θεός.

1443 1913 1612 1964 Quam
1655 1912 1893 1962 Platonis
1936 1913 2251 1963 sententiam
2295 1910 2513 1974 exponit

1443 1997 1553 2039 tum
1594 1991 1729 2040 idem
1765 1990 2039 2039 Hierocles
2082 1987 2330 2053 prooemio
2369 1987 2512 2036 aurei

1442 2070 1823 2133 commentarii,
1876 2076 1983 2117 tum
2025 2067 2277 2117 Alcinous
2316 2064 2512 2125 εἰσαγω-

1440 2149 1534 2209 γῆς
1578 2163 1694 2211 cap.
1735 2152 1785 2197 2.
1868 2146 2012 2196 Nihil
2057 2146 2196 2195 enim
2258 2145 2357 2193 boc
2401 2149 2514 2192 toto

1444 2239 1605 2289 opere
1643 2223 1783 2274 aliud
1822 2221 1935 2272 fere
1970 2222 2185 2272 Boetius
2209 2235 2358 2287 quam
2382 2227 2514 2269 Πλα-

1443 2299 1659 2363 reuulsa:
1684 2311 1991 2364 quamquam
2016 2313 2079 2349 ea
2102 2312 2307 2364 quoque
2331 2297 2515 2346 divisio

1444 2377 1755 2429 Aristotelis
1778 2378 1846 2426 sit
1872 2390 1933 2427 ac
1955 2376 2323 2441 Theophrasti,
2346 2382 2406 2425 ut
2429 2389 2518 2424 ex·

1447 2456 1597 2522 ponit
1632 2456 1947 2506 Plutarchus
1982 2453 2229 2518 prooemio
2263 2452 2351 2502 lib.
2377 2466 2413 2501 1.
2449 2450 2516 2501 de

1448 2534 1629 2599 placit.
1669 2532 2014 2596 philosophor.
2061 2539 2116 2580 et
2163 2536 2336 2580 noster
2381 2527 2517 2577 Boe·

1448 2611 1556 2661 tius
1579 2608 1904 2660 Praefatione
1929 2608 1981 2657 in
2008 2607 2288 2672 Porphyrii
2316 2605 2517 2667 εἰσαγω-

1448 2685 1545 2748 γὴν
1565 2685 1885 2736 doctissima.
1928 2685 2106 2735 Vallia.

1521 2765 1719 2814 Gradus
1740 2761 1957 2827 quidam]
1991 2763 2094 2811 Eos
2118 2766 2357 2810 recenset
2379 2759 2517 2809 idem

1454 2841 1730 2891 Hierocles
1754 2838 2129 2890 commentario
2152 2838 2242 2887 illo
2274 2851 2431 2887 aureo
2467 2839 2520 2886 in

1454 2918 1744 2984 Pythagor.
1783 2932 1939 2968 aurea
1981 2917 2244 2980 carmina3
2282 2933 2346 2967 ea
2384 2932 2520 2981 prse-

1457 2996 1638 3045 sertim
1658 3008 1875 3059 quorum
1899 2995 2104 3043 initium
2130 3000 2210 3044 est
2232 3011 2244 3043 ι
2270 2993 2350 3053 Μὴ
2371 2995 2411 3043 δ’
2435 2993 2522 3041 ὕπο

1455 3090 1540 3121 νον
1568 3073 1847 3133 μαλακοῖσιν
1879 3071 1951 3119 ἐπ’
1974 3071 2145 3132 ὄμμασι
2166 3069 2525 3134 προσδέξασθαι.

1455 3149 1662 3200 Quibus
1676 3162 1799 3197 vero
1812 3147 2061 3212 gradibus
2072 3148 2351 3198 Christiani
2369 3147 2432 3196 ad
2447 3163 2525 3196 sa·

1457 3226 1730 3289 pientiam,
1754 3226 1848 3275 hoc
1873 3232 1972 3287 est,
2002 3226 2067 3275 ad
2093 3227 2264 3275 Deum
2292 3233 2524 3275 contem-

1456 3301 1729 3364 plandum,
1767 3302 2092 3365 perveniant,
2125 3303 2283 3352 docet
2324 3304 2393 3353 D.
2417 3302 2526 3352 Au-

1460 3380 1702 3443 gustinus
1744 3379 1834 3428 lib.
1861 3392 1926 3429 11.
1963 3379 2029 3430 de
2065 3380 2303 3431 doctrina
2334 3382 2525 3432 Christ.

1458 3468 1576 3518 cap.
1596 3458 1648 3503 7.
1669 3461 1725 3503 et
1747 3453 1838 3503 lib.
1858 3468 1933 3504 lv.
1956 3456 2022 3504 de
2039 3456 2227 3505 Trinit.
2249 3470 2365 3521 cap.
2381 3462 2428 3506 1.
2451 3456 2528 3506 Id.

1526 3532 1755 3582 Poetis-as
1790 3532 1980 3595 Mms]
2015 3533 2159 3585 Quas
2196 3533 2529 3599 Philosophia

1460 3623 1491 3658 e
1530 3617 1819 3673 conspectu
1858 3624 1949 3658 suo
1979 3608 2149 3675 fugat,
2183 3610 2325 3675 quia,
2358 3616 2418 3660 ut
2451 3610 2527 3659 in-

1460 3687 1577 3751 quit
1601 3687 1760 3736 Plato
1785 3686 1875 3739 lib.
1899 3700 1957 3736 Χ.
1994 3687 2061 3736 de
2084 3689 2216 3751 Rep.
2252 3686 2429 3736 παλαιὰ
2443 3683 2532 3747 μέν

1462 3780 1537 3812 τις
1573 3761 1771 3827 διαφορὰ
1802 3761 2061 3828 φιλοσοφίᾳ
2091 3780 2149 3812 τε
2185 3761 2264 3812 καὶ
2298 3764 2531 3826 ποιητικῇ,

1463 3841 1479 3868 ‘
1505 3847 1653 3888 vetus
1686 3849 1768 3889 est
1807 3840 2161 3902 Philosophiae
2197 3846 2254 3888 et
2284 3839 2530 3889 Poetices

1465 3914 1757 3965 dissensio!
1828 3915 1981 3968 Quod
2006 3916 2243 3964 nimirum
2267 3915 2448 3965 Poetae
2478 3915 2533 3963 in

1465 3993 1736 4042 movendis
1774 3992 1839 4041 ad
1892 3993 2215 4056 voluptatem
2259 3989 2534 4041 affectibus

1465 4070 1564 4119 toti
1586 4068 1702 4119 fere
1725 4070 1851 4132 sint,
1872 4083 2000 4133 quos
2024 4076 2182 4120 rectae
2207 4069 2393 4118 rationi
2415 4067 2534 4117 sub·

1456 4147 1627 4210 jicere
1673 4145 2012 4211 philosophiae
2057 4145 2377 4210 praecipuum
2425 4142 2534 4192 offi-

1465 4225 1601 4273 cium
1627 4230 1729 4274 est.
1796 4224 1983 4288 Neque
2007 4223 2107 4271 alia
2134 4221 2200 4270 de
2221 4230 2377 4270 cansa
2400 4219 2535 4268 Ροδ-

1467 4301 1564 4350 sim
1586 4316 1616 4350 e
1636 4316 1730 4350 sua
1745 4299 1960 4349 civitate
1975 4298 2125 4363 pellit
2144 4296 2336 4346 ibidem
2357 4296 2535 4358 Plato,

1473 4379 1549 4428 ait
1590 4378 1748 4441 enim,
1778 4375 1821 4426 εἰ
1861 4374 1913 4425 δὲ
1939 4375 2029 4434 τὴν
2064 4373 2323 4435 ἡδυσμένην
2359 4374 2539 4435 μοῦσαν
