<?xml version="1.0" encoding="UTF-8"?>
<!DOCTYPE html PUBLIC "-//W3C//DTD XHTML 1.0 Transitional//EN"
    "http://www.w3.org/TR/xhtml1/DTD/xhtml1-transitional.dtd">
<html xmlns="http://www.w3.org/1999/xhtml" xml:lang="en" lang="en">
 <head>
  <title>
</title>
<meta http-equiv="Content-Type" content="text/html;charset=utf-8" />
  <meta name='ocr-system' content='tesseract 3.04.00' />
  <meta name='ocr-capabilities' content='ocr_page ocr_carea ocr_par ocr_line ocrx_word'/>
</head>
<body>
  <div class='ocr_page' id='page_1' title='image "./deconsolationep00boetgoog_0586.png"; bbox 0 0 3049 4928; ppageno 0'>
   <div class='ocr_carea' id='block_1_1' title="bbox 585 370 2500 459">
    <p class='ocr_par' dir='ltr' id='par_1_1' title="bbox 585 370 2500 459">
     <span class='ocr_line' id='line_1_1' title="bbox 585 370 2500 459; baseline 0.002 -13"><span class='ocrx_word' id='word_1_1' title='bbox 585 379 714 449; x_wconf 81' lang='lat'><strong>576</strong></span> <span class='ocrx_word' id='word_1_2' title='bbox 861 395 1170 445; x_wconf 76' lang='lat' dir='ltr'><strong>comens</strong></span> <span class='ocrx_word' id='word_1_3' title='bbox 1218 395 1294 444; x_wconf 76' lang='lat' dir='ltr'><strong>m</strong></span> <span class='ocrx_word' id='word_1_4' title='bbox 1345 395 1720 445; x_wconf 68' lang='lat' dir='ltr'><strong>memora.</strong></span> <span class='ocrx_word' id='word_1_5' title='bbox 1769 397 2014 449; x_wconf 75' lang='lat' dir='ltr'><strong>mu&#39;r&#39;r.</strong></span> <span class='ocrx_word' id='word_1_6' title='bbox 2061 370 2500 459; x_wconf 59' lang='lat' dir='ltr'><strong>Assssnva&#39;rr.</strong></span> 
     </span>
    </p>
   </div>
   <div class='ocr_carea' id='block_1_2' title="bbox 582 539 2774 3686">
    <p class='ocr_par' dir='ltr' id='par_1_2' title="bbox 587 539 2752 730">
     <span class='ocr_line' id='line_1_2' title="bbox 587 539 2752 628; baseline 0.001 -20"><span class='ocrx_word' id='word_1_7' title='bbox 587 547 851 628; x_wconf 87' lang='lat' dir='ltr'><strong>partem</strong></span> <span class='ocrx_word' id='word_1_8' title='bbox 905 541 1021 606; x_wconf 92' lang='lat' dir='ltr'><strong>lib.</strong></span> <span class='ocrx_word' id='word_1_9' title='bbox 1057 558 1137 605; x_wconf 78' lang='grc' dir='ltr'><strong>ιι.</strong></span> <span class='ocrx_word' id='word_1_10' title='bbox 1225 539 1365 605; x_wconf 89' lang='lat' dir='ltr'><strong>Sub</strong></span> <span class='ocrx_word' id='word_1_11' title='bbox 1404 539 1517 606; x_wconf 86' lang='lat' dir='ltr'><strong>fin.</strong></span> <span class='ocrx_word' id='word_1_12' title='bbox 1579 544 1601 576; x_wconf 88' lang='lat'>‘</span> <span class='ocrx_word' id='word_1_13' title='bbox 1634 540 1837 607; x_wconf 90' lang='lat' dir='ltr'><strong>Liber</strong></span> <span class='ocrx_word' id='word_1_14' title='bbox 1890 548 2070 608; x_wconf 89' lang='lat' dir='ltr'><strong>totus</strong></span> <span class='ocrx_word' id='word_1_15' title='bbox 2112 544 2270 611; x_wconf 87' lang='lat' dir='ltr'><strong>olim</strong></span> <span class='ocrx_word' id='word_1_16' title='bbox 2321 546 2392 611; x_wconf 93' lang='lat' dir='ltr'><strong>S.</strong></span> <span class='ocrx_word' id='word_1_17' title='bbox 2439 544 2752 612; x_wconf 90' lang='lat' dir='ltr'><strong>Edmundi</strong></span> 
     </span>
     <span class='ocr_line' id='line_1_3' title="bbox 589 642 2353 730; baseline 0.002 -21"><span class='ocrx_word' id='word_1_18' title='bbox 589 646 672 709; x_wconf 89' lang='lat' dir='ltr'><strong>de</strong></span> <span class='ocrx_word' id='word_1_19' title='bbox 725 644 1197 730; x_wconf 76' lang='lat' dir='ltr'><strong>procuratione</strong></span> <span class='ocrx_word' id='word_1_20' title='bbox 1259 642 1510 707; x_wconf 85' lang='lat' dir='ltr'><strong>Fratris</strong></span> <span class='ocrx_word' id='word_1_21' title='bbox 1576 643 1854 710; x_wconf 90' lang='lat' dir='ltr'><strong>Henrici</strong></span> <span class='ocrx_word' id='word_1_22' title='bbox 1913 644 2353 712; x_wconf 89' lang='lat' dir='ltr'><strong>Kirkestede.’</strong></span> 
     </span>
    </p>

    <p class='ocr_par' dir='ltr' id='par_1_3' title="bbox 587 744 2756 915">
     <span class='ocr_line' id='line_1_4' title="bbox 672 744 2756 833; baseline 0.001 -21"><span class='ocrx_word' id='word_1_23' title='bbox 672 748 760 812; x_wconf 79' lang='lat'><strong>15</strong></span> <span class='ocrx_word' id='word_1_24' title='bbox 784 748 865 812; x_wconf 91' lang='grc' dir='ltr'><strong>Β.</strong></span> <span class='ocrx_word' id='word_1_25' title='bbox 914 763 1023 810; x_wconf 81' lang='lat'><strong>11¹.</strong></span> <span class='ocrx_word' id='word_1_26' title='bbox 1086 744 1356 810; x_wconf 71' lang='lat' dir='ltr'><strong>Boiithii</strong></span> <span class='ocrx_word' id='word_1_27' title='bbox 1405 745 1490 809; x_wconf 89' lang='lat' dir='ltr'><strong>de</strong></span> <span class='ocrx_word' id='word_1_28' title='bbox 1537 745 1810 812; x_wconf 92' lang='lat' dir='ltr'><strong>Consol.</strong></span> <span class='ocrx_word' id='word_1_29' title='bbox 1858 747 2249 833; x_wconf 88' lang='lat' dir='ltr'><strong>Philosoph.</strong></span> <span class='ocrx_word' id='word_1_30' title='bbox 2303 751 2458 816; x_wconf 87' lang='lat' dir='ltr'>libri</span> <span class='ocrx_word' id='word_1_31' title='bbox 2502 769 2572 814; x_wconf 82' lang='grc' dir='ltr'><strong>ν.</strong></span> <span class='ocrx_word' id='word_1_32' title='bbox 2617 770 2756 816; x_wconf 89' lang='lat' dir='ltr'><strong>cum</strong></span> 
     </span>
     <span class='ocr_line' id='line_1_5' title="bbox 587 849 1486 915; baseline -0.006 0"><span class='ocrx_word' id='word_1_33' title='bbox 587 849 1097 915; x_wconf 85' lang='lat' dir='ltr'><strong>commentario:</strong></span> <span class='ocrx_word' id='word_1_34' title='bbox 1141 866 1299 911; x_wconf 81' lang='lat' dir='ltr'><strong>saec.</strong></span> <span class='ocrx_word' id='word_1_35' title='bbox 1322 862 1486 911; x_wconf 80' lang='lat' dir='ltr'><strong>xlv.</strong></span> 
     </span>
    </p>

    <p class='ocr_par' dir='ltr' id='par_1_4' title="bbox 584 950 2761 1218">
     <span class='ocr_line' id='line_1_6' title="bbox 669 950 2761 1032; baseline 0.002 -17"><span class='ocrx_word' id='word_1_36' title='bbox 669 951 811 1017; x_wconf 84' lang='lat' dir='ltr'><strong>5C.</strong></span> <span class='ocrx_word' id='word_1_37' title='bbox 844 968 953 1013; x_wconf 83' lang='grc' dir='ltr'><strong>ιιι.</strong></span> <span class='ocrx_word' id='word_1_38' title='bbox 997 950 1147 1015; x_wconf 91' lang='lat' dir='ltr'><strong>cod.</strong></span> <span class='ocrx_word' id='word_1_39' title='bbox 1178 951 1448 1014; x_wconf 85' lang='lat' dir='ltr'><strong>membr.</strong></span> <span class='ocrx_word' id='word_1_40' title='bbox 1479 970 1638 1016; x_wconf 86' lang='lat' dir='ltr'><strong>saec.</strong></span> <span class='ocrx_word' id='word_1_41' title='bbox 1671 968 1834 1017; x_wconf 83' lang='lat' dir='ltr'><strong>x1V.</strong></span> <span class='ocrx_word' id='word_1_42' title='bbox 1864 954 1973 1018; x_wconf 86' lang='lat' dir='ltr'><strong>vel</strong></span> <span class='ocrx_word' id='word_1_43' title='bbox 2005 970 2137 1017; x_wconf 81' lang='lat' dir='ltr'><strong>xv.</strong></span> <span class='ocrx_word' id='word_1_44' title='bbox 2187 955 2564 1032; x_wconf 85' lang='lat' dir='ltr'><strong>continens,</strong></span> <span class='ocrx_word' id='word_1_45' title='bbox 2605 956 2761 1020; x_wconf 81' lang='lat' dir='ltr'><strong>inter</strong></span> 
     </span>
     <span class='ocr_line' id='line_1_7' title="bbox 586 1051 2761 1142; baseline 0.001 -24"><span class='ocrx_word' id='word_1_46' title='bbox 586 1054 723 1118; x_wconf 90' lang='lat' dir='ltr'><strong>alia</strong></span> <span class='ocrx_word' id='word_1_47' title='bbox 778 1052 994 1116; x_wconf 87' lang='lat' dir='ltr'><strong>multa</strong></span> <span class='ocrx_word' id='word_1_48' title='bbox 1060 1051 1459 1133; x_wconf 84' lang='lat' dir='ltr'><strong>theologica,</strong></span> <span class='ocrx_word' id='word_1_49' title='bbox 1528 1054 2015 1138; x_wconf 81' lang='lat' dir='ltr'><strong>metaphysica,</strong></span> <span class='ocrx_word' id='word_1_50' title='bbox 2088 1063 2158 1120; x_wconf 89' lang='lat' dir='ltr'><strong>et</strong></span> <span class='ocrx_word' id='word_1_51' title='bbox 2223 1057 2526 1142; x_wconf 86' lang='lat' dir='ltr'><strong>politica,</strong></span> <span class='ocrx_word' id='word_1_52' title='bbox 2595 1077 2761 1122; x_wconf 91' lang='lat' dir='ltr'><strong>com-</strong></span> 
     </span>
     <span class='ocr_line' id='line_1_8' title="bbox 584 1152 1494 1218; baseline -0.002 0"><span class='ocrx_word' id='word_1_53' title='bbox 584 1154 979 1218; x_wconf 89' lang='lat' dir='ltr'><strong>mentarium</strong></span> <span class='ocrx_word' id='word_1_54' title='bbox 1013 1153 1081 1217; x_wconf 90' lang='lat' dir='ltr'><strong>in</strong></span> <span class='ocrx_word' id='word_1_55' title='bbox 1113 1152 1494 1218; x_wconf 65' lang='lat' dir='ltr'><strong>Boethium.</strong></span> 
     </span>
    </p>

    <p class='ocr_par' dir='ltr' id='par_1_5' title="bbox 584 1252 2765 1630">
     <span class='ocr_line' id='line_1_9' title="bbox 672 1252 2763 1343; baseline 0.001 -23"><span class='ocrx_word' id='word_1_56' title='bbox 672 1254 756 1320; x_wconf 90' lang='lat' dir='ltr'><strong>In</strong></span> <span class='ocrx_word' id='word_1_57' title='bbox 791 1253 1095 1321; x_wconf 74' lang='lat' dir='ltr'><strong>Biblioth.</strong></span> <span class='ocrx_word' id='word_1_58' title='bbox 1130 1252 1326 1319; x_wconf 83' lang='lat' dir='ltr'><strong>Harl.</strong></span> <span class='ocrx_word' id='word_1_59' title='bbox 1374 1255 1512 1322; x_wconf 92' lang='lat' dir='ltr'><strong>No.</strong></span> <span class='ocrx_word' id='word_1_60' title='bbox 1542 1255 1649 1321; x_wconf 86' lang='lat'><strong>43.</strong></span> <span class='ocrx_word' id='word_1_61' title='bbox 1694 1257 1849 1323; x_wconf 91' lang='lat' dir='ltr'><strong>cod.</strong></span> <span class='ocrx_word' id='word_1_62' title='bbox 1895 1261 2136 1343; x_wconf 86' lang='lat' dir='ltr'><strong>partim</strong></span> <span class='ocrx_word' id='word_1_63' title='bbox 2183 1260 2479 1327; x_wconf 85' lang='lat' dir='ltr'><strong>chartac.</strong></span> <span class='ocrx_word' id='word_1_64' title='bbox 2526 1261 2763 1343; x_wconf 86' lang='lat' dir='ltr'><strong>partim</strong></span> 
     </span>
     <span class='ocr_line' id='line_1_10' title="bbox 584 1358 2763 1442; baseline 0.001 -19"><span class='ocrx_word' id='word_1_65' title='bbox 584 1360 949 1424; x_wconf 80' lang='lat' dir='ltr'><strong>membran.</strong></span> <span class='ocrx_word' id='word_1_66' title='bbox 996 1375 1154 1424; x_wconf 76' lang='lat' dir='ltr'><strong>saec.</strong></span> <span class='ocrx_word' id='word_1_67' title='bbox 1210 1368 1341 1421; x_wconf 81' lang='lat' dir='ltr'><strong>xv.</strong></span> <span class='ocrx_word' id='word_1_68' title='bbox 1388 1358 1504 1442; x_wconf 88' lang='lat' dir='ltr'><strong>qui</strong></span> <span class='ocrx_word' id='word_1_69' title='bbox 1554 1359 1854 1426; x_wconf 89' lang='lat' dir='ltr'><strong>continet</strong></span> <span class='ocrx_word' id='word_1_70' title='bbox 1900 1361 2176 1428; x_wconf 64' lang='lat' dir='ltr'><strong>Boethii</strong></span> <span class='ocrx_word' id='word_1_71' title='bbox 2222 1361 2763 1429; x_wconf 84' lang='lat' dir='ltr'><strong>Consolationem</strong></span> 
     </span>
     <span class='ocr_line' id='line_1_11' title="bbox 586 1461 2765 1550; baseline 0.001 -25"><span class='ocrx_word' id='word_1_72' title='bbox 586 1461 1045 1546; x_wconf 76' lang='lat' dir='ltr'><strong>Philosophiae</strong></span> <span class='ocrx_word' id='word_1_73' title='bbox 1090 1461 1374 1544; x_wconf 86' lang='lat' dir='ltr'><strong>Anglice</strong></span> <span class='ocrx_word' id='word_1_74' title='bbox 1420 1478 1701 1526; x_wconf 90' lang='lat' dir='ltr'><strong>versam.</strong></span> <span class='ocrx_word' id='word_1_75' title='bbox 1790 1463 2084 1547; x_wconf 83' lang='lat' dir='ltr'><strong>Margini</strong></span> <span class='ocrx_word' id='word_1_76' title='bbox 2133 1464 2507 1550; x_wconf 86' lang='lat' dir='ltr'><strong>adjungitur</strong></span> <span class='ocrx_word' id='word_1_77' title='bbox 2543 1469 2765 1529; x_wconf 77' lang='lat' dir='ltr'><strong>textus</strong></span> 
     </span>
     <span class='ocr_line' id='line_1_12' title="bbox 589 1564 894 1630; baseline 0.003 -2"><span class='ocrx_word' id='word_1_78' title='bbox 589 1564 894 1630; x_wconf 87' lang='lat' dir='ltr'><strong>Latinus.</strong></span> 
     </span>
    </p>

    <p class='ocr_par' dir='ltr' id='par_1_6' title="bbox 584 1665 2772 2243">
     <span class='ocr_line' id='line_1_13' title="bbox 677 1665 2766 1733; baseline -0 -1"><span class='ocrx_word' id='word_1_79' title='bbox 677 1667 765 1732; x_wconf 92' lang='lat' dir='ltr'><strong>N.</strong></span> <span class='ocrx_word' id='word_1_80' title='bbox 795 1669 905 1731; x_wconf 84' lang='grc'><strong>44.</strong></span> <span class='ocrx_word' id='word_1_81' title='bbox 950 1666 1097 1731; x_wconf 93' lang='lat' dir='ltr'><strong>cod.</strong></span> <span class='ocrx_word' id='word_1_82' title='bbox 1135 1665 1500 1731; x_wconf 84' lang='lat' dir='ltr'><strong>membran.</strong></span> <span class='ocrx_word' id='word_1_83' title='bbox 1549 1667 1895 1731; x_wconf 89' lang='lat' dir='ltr'><strong>continens</strong></span> <span class='ocrx_word' id='word_1_84' title='bbox 1924 1665 2197 1733; x_wconf 65' lang='lat' dir='ltr'><strong>Boethii</strong></span> <span class='ocrx_word' id='word_1_85' title='bbox 2224 1666 2766 1733; x_wconf 89' lang='lat' dir='ltr'><strong>Consolationem</strong></span> 
     </span>
     <span class='ocr_line' id='line_1_14' title="bbox 585 1764 2766 1853; baseline -0 -19"><span class='ocrx_word' id='word_1_86' title='bbox 585 1764 1049 1853; x_wconf 79' lang='lat' dir='ltr'><strong>Philosophiae</strong></span> <span class='ocrx_word' id='word_1_87' title='bbox 1079 1769 1359 1851; x_wconf 86' lang='lat' dir='ltr'><strong>Anglice</strong></span> <span class='ocrx_word' id='word_1_88' title='bbox 1397 1787 1681 1834; x_wconf 84' lang='lat' dir='ltr'><strong>versam.</strong></span> <span class='ocrx_word' id='word_1_89' title='bbox 1772 1769 1952 1836; x_wconf 84' lang='lat' dir='ltr'><strong>Haec</strong></span> <span class='ocrx_word' id='word_1_90' title='bbox 1995 1771 2219 1836; x_wconf 87' lang='lat' dir='ltr'><strong>versio</strong></span> <span class='ocrx_word' id='word_1_91' title='bbox 2262 1770 2496 1835; x_wconf 90' lang='lat' dir='ltr'><strong>eadem</strong></span> <span class='ocrx_word' id='word_1_92' title='bbox 2545 1777 2651 1835; x_wconf 88' lang='lat' dir='ltr'><strong>est</strong></span> <span class='ocrx_word' id='word_1_93' title='bbox 2694 1790 2766 1834; x_wconf 87' lang='lat' dir='ltr'><strong>ac</strong></span> 
     </span>
     <span class='ocr_line' id='line_1_15' title="bbox 584 1866 2768 1955; baseline -0 -19"><span class='ocrx_word' id='word_1_94' title='bbox 584 1870 993 1955; x_wconf 81' lang='lat' dir='ltr'><strong>praecedenS,</strong></span> <span class='ocrx_word' id='word_1_95' title='bbox 1027 1866 1173 1948; x_wconf 87' lang='lat' dir='ltr'><strong>sed,</strong></span> <span class='ocrx_word' id='word_1_96' title='bbox 1204 1875 1283 1933; x_wconf 88' lang='lat' dir='ltr'><strong>nt</strong></span> <span class='ocrx_word' id='word_1_97' title='bbox 1312 1868 1603 1948; x_wconf 83' lang='lat' dir='ltr'><strong>videtur,</strong></span> <span class='ocrx_word' id='word_1_98' title='bbox 1634 1871 1848 1954; x_wconf 81' lang='lat' dir='ltr'><strong>magis</strong></span> <span class='ocrx_word' id='word_1_99' title='bbox 1876 1871 2196 1955; x_wconf 88' lang='lat' dir='ltr'><strong>quiddam</strong></span> <span class='ocrx_word' id='word_1_100' title='bbox 2226 1878 2566 1939; x_wconf 88' lang='lat' dir='ltr'><strong>accurata.</strong></span> <span class='ocrx_word' id='word_1_101' title='bbox 2633 1873 2768 1937; x_wconf 89' lang='lat' dir='ltr'><strong>Sub</strong></span> 
     </span>
     <span class='ocr_line' id='line_1_16' title="bbox 585 1970 2769 2058; baseline 0.002 -23"><span class='ocrx_word' id='word_1_102' title='bbox 585 1972 700 2035; x_wconf 89' lang='lat' dir='ltr'><strong>fin.</strong></span> <span class='ocrx_word' id='word_1_103' title='bbox 744 1976 764 2005; x_wconf 88' lang='lat'>‘</span> <span class='ocrx_word' id='word_1_104' title='bbox 798 1971 1106 2055; x_wconf 83' lang='lat' dir='ltr'><strong>Explicit</strong></span> <span class='ocrx_word' id='word_1_105' title='bbox 1144 1972 1310 2036; x_wconf 89' lang='lat' dir='ltr'><strong>liber</strong></span> <span class='ocrx_word' id='word_1_106' title='bbox 1346 1970 1585 2036; x_wconf 89' lang='lat' dir='ltr'><strong>Boecii</strong></span> <span class='ocrx_word' id='word_1_107' title='bbox 1633 1971 1717 2036; x_wconf 89' lang='lat' dir='ltr'><strong>de</strong></span> <span class='ocrx_word' id='word_1_108' title='bbox 1765 1971 2261 2039; x_wconf 75' lang='lat' dir='ltr'><strong>consolacione</strong></span> <span class='ocrx_word' id='word_1_109' title='bbox 2293 1973 2769 2058; x_wconf 61' lang='lat' dir='ltr'><strong>Philosophiae,</strong></span> 
     </span>
     <span class='ocr_line' id='line_1_17' title="bbox 586 2071 2772 2160; baseline 0.001 -23"><span class='ocrx_word' id='word_1_110' title='bbox 586 2074 667 2137; x_wconf 91' lang='lat' dir='ltr'><strong>de</strong></span> <span class='ocrx_word' id='word_1_111' title='bbox 697 2072 940 2138; x_wconf 87' lang='lat' dir='ltr'><strong>Latino</strong></span> <span class='ocrx_word' id='word_1_112' title='bbox 969 2074 1041 2137; x_wconf 93' lang='lat' dir='ltr'><strong>in</strong></span> <span class='ocrx_word' id='word_1_113' title='bbox 1070 2071 1429 2155; x_wconf 85' lang='lat' dir='ltr'><strong>Anglicum</strong></span> <span class='ocrx_word' id='word_1_114' title='bbox 1456 2075 1820 2139; x_wconf 80' lang='lat' dir='ltr'><strong>translatus</strong></span> <span class='ocrx_word' id='word_1_115' title='bbox 1848 2072 1938 2140; x_wconf 89' lang='lat' dir='ltr'><strong>A.</strong></span> <span class='ocrx_word' id='word_1_116' title='bbox 1957 2075 2047 2141; x_wconf 92' lang='lat' dir='ltr'><strong>D.</strong></span> <span class='ocrx_word' id='word_1_117' title='bbox 2076 2075 2268 2142; x_wconf 86' lang='lat'><strong>1410.</strong></span> <span class='ocrx_word' id='word_1_118' title='bbox 2311 2093 2433 2158; x_wconf 90' lang='lat' dir='ltr'><strong>per</strong></span> <span class='ocrx_word' id='word_1_119' title='bbox 2460 2073 2772 2160; x_wconf 86' lang='lat' dir='ltr'><strong>Capella-</strong></span> 
     </span>
     <span class='ocr_line' id='line_1_18' title="bbox 585 2174 1182 2243; baseline 0.002 -5"><span class='ocrx_word' id='word_1_120' title='bbox 585 2194 738 2240; x_wconf 90' lang='lat' dir='ltr'><strong>num</strong></span> <span class='ocrx_word' id='word_1_121' title='bbox 765 2174 810 2239; x_wconf 85' lang='lat' dir='ltr'><strong>J</strong></span> <span class='ocrx_word' id='word_1_122' title='bbox 812 2174 1182 2243; x_wconf 64' lang='lat' dir='ltr'><strong>ohannem?</strong></span> 
     </span>
    </p>

    <p class='ocr_par' dir='ltr' id='par_1_7' title="bbox 584 2275 2773 2649">
     <span class='ocr_line' id='line_1_19' title="bbox 672 2275 2773 2357; baseline 0.001 -17"><span class='ocrx_word' id='word_1_123' title='bbox 672 2275 768 2341; x_wconf 92' lang='lat' dir='ltr'><strong>N.</strong></span> <span class='ocrx_word' id='word_1_124' title='bbox 796 2277 989 2343; x_wconf 82' lang='grc'><strong>2364.</strong></span> <span class='ocrx_word' id='word_1_125' title='bbox 1033 2276 1179 2343; x_wconf 92' lang='lat' dir='ltr'><strong>cod.</strong></span> <span class='ocrx_word' id='word_1_126' title='bbox 1206 2276 1502 2343; x_wconf 84' lang='lat' dir='ltr'><strong>chartac.</strong></span> <span class='ocrx_word' id='word_1_127' title='bbox 1532 2278 1904 2357; x_wconf 82' lang='lat' dir='ltr'><strong>continens,</strong></span> <span class='ocrx_word' id='word_1_128' title='bbox 1945 2276 2115 2344; x_wconf 84' lang='lat' dir='ltr'><strong>inter</strong></span> <span class='ocrx_word' id='word_1_129' title='bbox 2142 2278 2360 2345; x_wconf 83' lang='lat' dir='ltr'><strong>multa</strong></span> <span class='ocrx_word' id='word_1_130' title='bbox 2388 2279 2548 2356; x_wconf 84' lang='lat' dir='ltr'><strong>alia,</strong></span> <span class='ocrx_word' id='word_1_131' title='bbox 2593 2277 2773 2344; x_wconf 72' lang='lat' dir='ltr'><strong>Bo’e-</strong></span> 
     </span>
     <span class='ocr_line' id='line_1_20' title="bbox 584 2368 2773 2464; baseline -0.001 -19"><span class='ocrx_word' id='word_1_132' title='bbox 584 2379 708 2445; x_wconf 90' lang='lat' dir='ltr'><strong>thii</strong></span> <span class='ocrx_word' id='word_1_133' title='bbox 736 2378 1280 2446; x_wconf 86' lang='lat' dir='ltr'><strong>Consolationem</strong></span> <span class='ocrx_word' id='word_1_134' title='bbox 1311 2368 1793 2463; x_wconf 74' lang='lat' dir='ltr'><strong>Philosophiae.</strong></span> <span class='ocrx_word' id='word_1_135' title='bbox 1884 2380 2122 2447; x_wconf 84' lang='lat' dir='ltr'><strong>Libros</strong></span> <span class='ocrx_word' id='word_1_136' title='bbox 2179 2385 2311 2455; x_wconf 56' lang='lat' dir='ltr'><strong>tres</strong></span> <span class='ocrx_word' id='word_1_137' title='bbox 2359 2380 2621 2464; x_wconf 78' lang='lat' dir='ltr'><strong>priores</strong></span> <span class='ocrx_word' id='word_1_138' title='bbox 2678 2381 2773 2445; x_wconf 78' lang='lat' dir='ltr'><strong>in-</strong></span> 
     </span>
     <span class='ocr_line' id='line_1_21' title="bbox 586 2480 2774 2567; baseline 0.001 -20"><span class='ocrx_word' id='word_1_139' title='bbox 586 2488 814 2565; x_wconf 87' lang='lat' dir='ltr'><strong>tegros</strong></span> <span class='ocrx_word' id='word_1_140' title='bbox 862 2483 1088 2560; x_wconf 88' lang='lat' dir='ltr'><strong>habet,</strong></span> <span class='ocrx_word' id='word_1_141' title='bbox 1134 2483 1378 2566; x_wconf 90' lang='lat' dir='ltr'><strong>quibus</strong></span> <span class='ocrx_word' id='word_1_142' title='bbox 1422 2480 1801 2565; x_wconf 87' lang='lat' dir='ltr'><strong>adjungitur</strong></span> <span class='ocrx_word' id='word_1_143' title='bbox 1838 2503 2000 2567; x_wconf 86' lang='lat' dir='ltr'><strong>pars</strong></span> <span class='ocrx_word' id='word_1_144' title='bbox 2057 2482 2214 2549; x_wconf 88' lang='lat' dir='ltr'><strong>libri</strong></span> <span class='ocrx_word' id='word_1_145' title='bbox 2260 2484 2501 2567; x_wconf 79' lang='lat' dir='ltr'><strong>quarti.</strong></span> <span class='ocrx_word' id='word_1_146' title='bbox 2599 2482 2774 2550; x_wconf 83' lang='lat' dir='ltr'><strong>·-For</strong></span> 
     </span>
     <span class='ocr_line' id='line_1_22' title="bbox 584 2584 944 2649; baseline -0.006 0"><span class='ocrx_word' id='word_1_147' title='bbox 584 2604 698 2649; x_wconf 89' lang='lat' dir='ltr'><strong>ma</strong></span> <span class='ocrx_word' id='word_1_148' title='bbox 728 2584 944 2648; x_wconf 77' lang='lat' dir='ltr'><strong>12ma.</strong></span> 
     </span>
    </p>

    <p class='ocr_par' dir='ltr' id='par_1_8' title="bbox 586 2679 2771 2853">
     <span class='ocr_line' id='line_1_23' title="bbox 674 2679 2771 2830; baseline 0.001 -79"><span class='ocrx_word' id='word_1_149' title='bbox 674 2686 767 2751; x_wconf 93' lang='lat' dir='ltr'><strong>N.</strong></span> <span class='ocrx_word' id='word_1_150' title='bbox 796 2685 989 2749; x_wconf 89' lang='grc'><strong>2421.</strong></span> <span class='ocrx_word' id='word_1_151' title='bbox 1034 2679 1309 2748; x_wconf 64' lang='lat' dir='ltr'><strong>Boethii</strong></span> <span class='ocrx_word' id='word_1_152' title='bbox 1334 2682 1735 2750; x_wconf 87' lang='lat' dir='ltr'><strong>Consolatio</strong></span> <span class='ocrx_word' id='word_1_153' title='bbox 1762 2686 2222 2771; x_wconf 84' lang='lat' dir='ltr'><strong>Philosophiae</strong></span> <span class='ocrx_word' id='word_1_154' title='bbox 2247 2686 2531 2830; x_wconf 87' lang='lat' dir='ltr'><strong>Anglice</strong></span> <span class='ocrx_word' id='word_1_155' title='bbox 2557 2707 2771 2754; x_wconf 83' lang='lat' dir='ltr'><strong>versa.</strong></span> 
     </span>
     <span class='ocr_line' id='line_1_24' title="bbox 586 2787 1504 2853; baseline -0.007 0"><span class='ocrx_word' id='word_1_156' title='bbox 586 2787 753 2853; x_wconf 90' lang='lat' dir='ltr'><strong>Cod.</strong></span> <span class='ocrx_word' id='word_1_157' title='bbox 780 2788 1142 2852; x_wconf 87' lang='lat' dir='ltr'><strong>membran.</strong></span> <span class='ocrx_word' id='word_1_158' title='bbox 1172 2805 1339 2850; x_wconf 84' lang='lat' dir='ltr'><strong>saec.</strong></span> <span class='ocrx_word' id='word_1_159' title='bbox 1372 2801 1504 2849; x_wconf 86' lang='lat' dir='ltr'><strong>xv.</strong></span> 
     </span>
    </p>

    <p class='ocr_par' dir='ltr' id='par_1_9' title="bbox 582 2885 2773 3076">
     <span class='ocr_line' id='line_1_25' title="bbox 674 2885 2773 2960; baseline 0.003 -7"><span class='ocrx_word' id='word_1_160' title='bbox 674 2885 852 2954; x_wconf 83' lang='lat' dir='ltr'><strong>Haec</strong></span> <span class='ocrx_word' id='word_1_161' title='bbox 906 2888 1253 2953; x_wconf 91' lang='lat' dir='ltr'><strong>collectio</strong></span> <span class='ocrx_word' id='word_1_162' title='bbox 1278 2886 1478 2951; x_wconf 88' lang='lat' dir='ltr'><strong>Harl.</strong></span> <span class='ocrx_word' id='word_1_163' title='bbox 1538 2889 1713 2952; x_wconf 92' lang='lat' dir='ltr'><strong>alios</strong></span> <span class='ocrx_word' id='word_1_164' title='bbox 1774 2887 2128 2953; x_wconf 88' lang='lat' dir='ltr'><strong>duodecim</strong></span> <span class='ocrx_word' id='word_1_165' title='bbox 2185 2891 2460 2959; x_wconf 89' lang='lat' dir='ltr'><strong>codices</strong></span> <span class='ocrx_word' id='word_1_166' title='bbox 2513 2891 2773 2960; x_wconf 68' lang='lat' dir='ltr'><strong>Boethii</strong></span> 
     </span>
     <span class='ocr_line' id='line_1_26' title="bbox 582 2989 1973 3076; baseline -0.002 -19"><span class='ocrx_word' id='word_1_167' title='bbox 582 2990 1070 3076; x_wconf 73' lang='lat' dir='ltr'><strong>complectitur,</strong></span> <span class='ocrx_word' id='word_1_168' title='bbox 1113 2989 1281 3055; x_wconf 85' lang='lat' dir='ltr'><strong>varii</strong></span> <span class='ocrx_word' id='word_1_169' title='bbox 1310 2990 1604 3053; x_wconf 91' lang='lat' dir='ltr'><strong>nominis</strong></span> <span class='ocrx_word' id='word_1_170' title='bbox 1635 2994 1699 3055; x_wconf 88' lang='lat' dir='ltr'><strong>et</strong></span> <span class='ocrx_word' id='word_1_171' title='bbox 1727 2991 1973 3058; x_wconf 85' lang='lat' dir='ltr'><strong>aetatis.</strong></span> 
     </span>
    </p>

    <p class='ocr_par' dir='ltr' id='par_1_10' title="bbox 585 3051 2773 3362">
     <span class='ocr_line' id='line_1_27' title="bbox 671 3051 2773 3160; baseline -0 -1"><span class='ocrx_word' id='word_1_172' title='bbox 671 3095 848 3159; x_wconf 89' lang='lat' dir='ltr'><strong>Inter</strong></span> <span class='ocrx_word' id='word_1_173' title='bbox 878 3093 1149 3158; x_wconf 92' lang='lat' dir='ltr'><strong>codices</strong></span> <span class='ocrx_word' id='word_1_174' title='bbox 1184 3088 1578 3155; x_wconf 75' lang='lat' dir='ltr'><strong>Burneianus</strong></span> <span class='ocrx_word' id='word_1_175' title='bbox 1621 3100 1757 3158; x_wconf 85' lang='lat' dir='ltr'><strong>tres</strong></span> <span class='ocrx_word' id='word_1_176' title='bbox 1789 3098 1941 3159; x_wconf 88' lang='lat' dir='ltr'><strong>sunt</strong></span> <span class='ocrx_word' id='word_1_177' title='bbox 1969 3091 2244 3160; x_wconf 78' lang='lat' dir='ltr'><strong>Bo‘ethii</strong></span> <span class='ocrx_word' id='word_1_178' title='bbox 2276 3051 2773 3159; x_wconf 85' lang='lat' dir='ltr'><strong>Consolationis</strong></span> 
     </span>
     <span class='ocr_line' id='line_1_28' title="bbox 586 3192 2771 3279; baseline -0.001 -19"><span class='ocrx_word' id='word_1_179' title='bbox 586 3196 1073 3279; x_wconf 87' lang='lat' dir='ltr'><strong>Philosophiae,</strong></span> <span class='ocrx_word' id='word_1_180' title='bbox 1122 3194 1357 3259; x_wconf 87' lang='lat' dir='ltr'><strong>collati</strong></span> <span class='ocrx_word' id='word_1_181' title='bbox 1416 3192 1503 3260; x_wconf 87' lang='lat' dir='ltr'><strong>ad</strong></span> <span class='ocrx_word' id='word_1_182' title='bbox 1562 3196 1847 3279; x_wconf 87' lang='lat' dir='ltr'><strong>paginas</strong></span> <span class='ocrx_word' id='word_1_183' title='bbox 1901 3195 2212 3262; x_wconf 87' lang='lat' dir='ltr'><strong>editionis</strong></span> <span class='ocrx_word' id='word_1_184' title='bbox 2255 3196 2672 3259; x_wconf 86' lang='lat' dir='ltr'><strong>Basileensis</strong></span> <span class='ocrx_word' id='word_1_185' title='bbox 2709 3195 2771 3257; x_wconf 92' lang='lat' dir='ltr'><strong>in</strong></span> 
     </span>
     <span class='ocr_line' id='line_1_29' title="bbox 585 3296 1263 3362; baseline -0.004 -1"><span class='ocrx_word' id='word_1_186' title='bbox 585 3298 851 3362; x_wconf 89' lang='lat' dir='ltr'><strong>duobus</strong></span> <span class='ocrx_word' id='word_1_187' title='bbox 882 3296 1040 3361; x_wconf 87' lang='lat' dir='ltr'><strong>voll.</strong></span> <span class='ocrx_word' id='word_1_188' title='bbox 1071 3297 1263 3361; x_wconf 81' lang='grc'><strong>1570.</strong></span> 
     </span>
    </p>

    <p class='ocr_par' dir='ltr' id='par_1_11' title="bbox 584 3393 2770 3686">
     <span class='ocr_line' id='line_1_30' title="bbox 673 3393 2770 3468; baseline -0 -7"><span class='ocrx_word' id='word_1_189' title='bbox 673 3398 856 3462; x_wconf 89' lang='lat' dir='ltr'><strong>Inter</strong></span> <span class='ocrx_word' id='word_1_190' title='bbox 883 3398 1148 3462; x_wconf 91' lang='lat' dir='ltr'><strong>codices</strong></span> <span class='ocrx_word' id='word_1_191' title='bbox 1192 3393 1722 3461; x_wconf 78' lang='lat' dir='ltr'><strong>Lansdounienses</strong></span> <span class='ocrx_word' id='word_1_192' title='bbox 1750 3402 1855 3463; x_wconf 88' lang='lat' dir='ltr'><strong>est</strong></span> <span class='ocrx_word' id='word_1_193' title='bbox 1889 3397 2159 3463; x_wconf 67' lang='lat' dir='ltr'><strong>Boethii</strong></span> <span class='ocrx_word' id='word_1_194' title='bbox 2192 3397 2587 3468; x_wconf 83' lang='lat' dir='ltr'><strong>Consolatio</strong></span> <span class='ocrx_word' id='word_1_195' title='bbox 2621 3398 2770 3462; x_wconf 90' lang='lat' dir='ltr'><strong>Phi-</strong></span> 
     </span>
     <span class='ocr_line' id='line_1_31' title="bbox 584 3500 2770 3584; baseline -0.001 -21"><span class='ocrx_word' id='word_1_196' title='bbox 584 3500 913 3583; x_wconf 83' lang='lat' dir='ltr'><strong>Iosophiae</strong></span> <span class='ocrx_word' id='word_1_197' title='bbox 934 3500 1264 3581; x_wconf 87' lang='lat' dir='ltr'><strong>eleganter</strong></span> <span class='ocrx_word' id='word_1_198' title='bbox 1293 3502 1544 3584; x_wconf 89' lang='lat' dir='ltr'><strong>scripta</strong></span> <span class='ocrx_word' id='word_1_199' title='bbox 1571 3501 1640 3564; x_wconf 91' lang='lat' dir='ltr'><strong>in</strong></span> <span class='ocrx_word' id='word_1_200' title='bbox 1671 3501 2078 3578; x_wconf 88' lang='lat' dir='ltr'><strong>membrana,</strong></span> <span class='ocrx_word' id='word_1_201' title='bbox 2110 3519 2272 3566; x_wconf 87' lang='lat' dir='ltr'><strong>saec.</strong></span> <span class='ocrx_word' id='word_1_202' title='bbox 2307 3517 2439 3563; x_wconf 85' lang='lat' dir='ltr'><strong>xv.</strong></span> <span class='ocrx_word' id='word_1_203' title='bbox 2530 3500 2770 3564; x_wconf 88' lang='lat' dir='ltr'><strong>Leonis</strong></span> 
     </span>
     <span class='ocr_line' id='line_1_32' title="bbox 590 3601 2770 3686; baseline -0 -21"><span class='ocrx_word' id='word_1_204' title='bbox 590 3619 667 3666; x_wconf 90' lang='lat' dir='ltr'><strong>x.</strong></span> <span class='ocrx_word' id='word_1_205' title='bbox 714 3601 926 3686; x_wconf 85' lang='lat' dir='ltr'><strong>Papae</strong></span> <span class='ocrx_word' id='word_1_206' title='bbox 956 3602 1242 3683; x_wconf 87' lang='lat' dir='ltr'><strong>insignia</strong></span> <span class='ocrx_word' id='word_1_207' title='bbox 1270 3603 1566 3686; x_wconf 80' lang='lat' dir='ltr'><strong>appicta.</strong></span> <span class='ocrx_word' id='word_1_208' title='bbox 1617 3601 1849 3668; x_wconf 88' lang='lat' dir='ltr'><strong>Pretio</strong></span> <span class='ocrx_word' id='word_1_209' title='bbox 1879 3602 2216 3667; x_wconf 88' lang='lat' dir='ltr'><strong>redemtus</strong></span> <span class='ocrx_word' id='word_1_210' title='bbox 2250 3622 2340 3666; x_wconf 83' lang='lat' dir='ltr'><strong>ex</strong></span> <span class='ocrx_word' id='word_1_211' title='bbox 2367 3602 2770 3667; x_wconf 81' lang='lat' dir='ltr'><strong>bibliotheca</strong></span> 
     </span>
    </p>
   </div>
   <div class='ocr_carea' id='block_1_3' title="bbox 588 3702 2149 3940">
    <p class='ocr_par' dir='ltr' id='par_1_12' title="bbox 588 3702 2149 3940">
     <span class='ocr_line' id='line_1_33' title="bbox 588 3702 1693 3783; baseline -0.002 -12"><span class='ocrx_word' id='word_1_212' title='bbox 588 3704 874 3771; x_wconf 88' lang='lat' dir='ltr'><strong>Antonii</strong></span> <span class='ocrx_word' id='word_1_213' title='bbox 904 3702 1221 3783; x_wconf 86' lang='lat' dir='ltr'><strong>Askeuii,</strong></span> <span class='ocrx_word' id='word_1_214' title='bbox 1254 3703 1351 3769; x_wconf 91' lang='lat' dir='ltr'><strong>M.</strong></span> <span class='ocrx_word' id='word_1_215' title='bbox 1381 3706 1468 3771; x_wconf 92' lang='lat' dir='ltr'><strong>D.</strong></span> <span class='ocrx_word' id='word_1_216' title='bbox 1499 3706 1693 3771; x_wconf 81' lang='lat'><strong>1785.</strong></span> 
     </span>
     <span class='ocr_line' id='line_1_34' title="bbox 1309 3853 2149 3940; baseline 0 -20"><span class='ocrx_word' id='word_1_217' title='bbox 1309 3853 1556 3920; x_wconf 74' lang='lat' dir='ltr'><strong>Codices</strong></span> <span class='ocrx_word' id='word_1_218' title='bbox 1591 3853 2149 3940; x_wconf 66' lang='lat' dir='ltr'><strong>cantabrigienses.</strong></span> 
     </span>
    </p>
   </div>
   <div class='ocr_carea' id='block_1_4' title="bbox 592 4003 2767 4288">
    <p class='ocr_par' dir='ltr' id='par_1_13' title="bbox 592 4003 2767 4288">
     <span class='ocr_line' id='line_1_35' title="bbox 677 4003 2767 4072; baseline -0.003 0"><span class='ocrx_word' id='word_1_219' title='bbox 677 4006 761 4072; x_wconf 90' lang='lat' dir='ltr'><strong>In</strong></span> <span class='ocrx_word' id='word_1_220' title='bbox 817 4006 1128 4071; x_wconf 73' lang='lat' dir='ltr'><strong>Biblioth.</strong></span> <span class='ocrx_word' id='word_1_221' title='bbox 1161 4003 1356 4069; x_wconf 77' lang='lat' dir='ltr'><strong>Publ.</strong></span> <span class='ocrx_word' id='word_1_222' title='bbox 1402 4004 1517 4069; x_wconf 91' lang='lat' dir='ltr'><strong>Dd</strong></span> <span class='ocrx_word' id='word_1_223' title='bbox 1574 4023 1677 4070; x_wconf 75' lang='lat' dir='ltr'><strong>vi.</strong></span> <span class='ocrx_word' id='word_1_224' title='bbox 1724 4004 1789 4069; x_wconf 89' lang='grc'><strong>6.</strong></span> <span class='ocrx_word' id='word_1_225' title='bbox 1834 4003 1986 4069; x_wconf 93' lang='lat' dir='ltr'><strong>cod.</strong></span> <span class='ocrx_word' id='word_1_226' title='bbox 2028 4003 2391 4069; x_wconf 89' lang='lat' dir='ltr'><strong>membran.</strong></span> <span class='ocrx_word' id='word_1_227' title='bbox 2433 4003 2576 4067; x_wconf 85' lang='lat' dir='ltr'><strong>4to.</strong></span> <span class='ocrx_word' id='word_1_228' title='bbox 2622 4009 2767 4068; x_wconf 86' lang='lat' dir='ltr'><strong>ante</strong></span> 
     </span>
     <span class='ocr_line' id='line_1_36' title="bbox 592 4104 2762 4206; baseline -0.004 -32"><span class='ocrx_word' id='word_1_229' title='bbox 592 4130 800 4174; x_wconf 88' lang='lat' dir='ltr'><strong>annos</strong></span> <span class='ocrx_word' id='word_1_230' title='bbox 846 4129 1220 4192; x_wconf 84' lang='lat' dir='ltr'><strong>sexagenos</strong></span> <span class='ocrx_word' id='word_1_231' title='bbox 1252 4109 1564 4190; x_wconf 77' lang='lat' dir='ltr'><strong>scrithS‚</strong></span> <span class='ocrx_word' id='word_1_232' title='bbox 1591 4106 1819 4173; x_wconf 87' lang='lat' dir='ltr'><strong>Anicii</strong></span> <span class='ocrx_word' id='word_1_233' title='bbox 1848 4104 2088 4171; x_wconf 88' lang='lat' dir='ltr'><strong>Manlii</strong></span> <span class='ocrx_word' id='word_1_234' title='bbox 2109 4105 2335 4170; x_wconf 90' lang='lat' dir='ltr'><strong>Boetii</strong></span> <span class='ocrx_word' id='word_1_235' title='bbox 2363 4104 2762 4206; x_wconf 69' lang='lat' dir='ltr'><strong>Exconsulis</strong></span> 
     </span>
     <span class='ocr_line' id='line_1_37' title="bbox 597 4206 2302 4288; baseline -0.004 -13"><span class='ocrx_word' id='word_1_236' title='bbox 597 4207 929 4277; x_wconf 88' lang='lat' dir='ltr'><strong>Ordinarii</strong></span> <span class='ocrx_word' id='word_1_237' title='bbox 975 4211 1249 4277; x_wconf 84' lang='lat' dir='ltr'><strong>Patricii</strong></span> <span class='ocrx_word' id='word_1_238' title='bbox 1282 4208 1364 4274; x_wconf 91' lang='lat' dir='ltr'><strong>de</strong></span> <span class='ocrx_word' id='word_1_239' title='bbox 1395 4209 1882 4275; x_wconf 89' lang='lat' dir='ltr'><strong>Consolatione</strong></span> <span class='ocrx_word' id='word_1_240' title='bbox 1914 4206 2302 4288; x_wconf 89' lang='lat' dir='ltr'><strong>Philosoph.</strong></span> 
     </span>
    </p>
   </div>
  </div>
 </body>
</html>
