3049 4928
987 395 1508 449 Pnlhosornlae
1560 400 1709 451 Lm.
1755 401 1871 451 111.

2405 390 2538 458 287

671 538 810 604 Hic
845 539 968 607 erit
996 539 1195 606 vobis
1215 550 1237 578 ¹
1278 543 1543 627 requies
1569 545 1898 625 laborum,
2347 619 2369 641 l

668 641 742 705 H
747 644 811 707 ic
840 650 1074 727 portus
1100 646 1367 728 placida
1396 668 1675 715 manens
1708 652 1959 733 quiete,
2488 656 2533 719 5

670 744 830 813 Hoc
861 756 1103 832 pateus
1133 771 1339 817 unum
1367 751 1629 818 miseris
1661 754 1945 840 asylum.

670 846 828 913 Non
856 852 1175 937 quicquid
1201 854 1431 938 Tagus
1460 857 1679 922 aureis
1709 860 1926 927 arenis
1948 867 1968 896 ¹

663 950 917 1033 Donat,
947 963 1063 1023 aut
1094 958 1393 1028 Hermus
1413 960 1432 997 ‘
1476 962 1788 1029 rutilante
1818 965 1989 1050 ripa,

668 1051 814 1119 Aut
843 1057 1096 1125 Indus¹¹
1141 1063 1367 1129 calido
1406 1067 1826 1151 propinquus
1857 1068 2027 1147 orbi,

667 1157 988 1229 Candidis
1017 1166 1316 1234 miscens
1343 1167 1595 1237 virides
1625 1170 1925 1255 lapillos,

2443 1175 2534 1242 10

316 1395 600 1472 οοηεὲήμεῇἑ
636 1396 838 1449 vinculis
874 1402 1152 1454 crudelibus.
1219 1404 1323 1454 Hic
1357 1403 1488 1468 quies
1523 1404 1736 1455 laborum
1766 1404 1859 1455 erit
1895 1404 2054 1455 vobis.-
2085 1404 2162 1454 hic
2183 1405 2330 1456 statio
2356 1404 2534 1465 fratem

314 1463 661 1539 tranquzllztafe
678 1471 939 1530 perpetuu.-
972 1468 1059 1518 hoc
1103 1484 1249 1518 unum
1285 1469 1531 1531 refugium
1572 1476 1790 1534 apertum
1829 1471 2033 1531 miseris.
2100 1472 2203 1520 Nec
2242 1471 2404 1532 Tagus
2433 1471 2534 1519 suis

314 1530 662 1603 arenis-aurens,
694 1545 778 1580 nec
796 1531 1005 1581 Hermus
1022 1548 1106 1584 suo
1129 1535 1291 1583 littore
1309 1536 1469 1596 rutilo,
1492 1550 1578 1586 nec
1600 1537 1765 1596 Indus,
1787 1534 1972 1585 vicinus
1989 1535 2174 1598 regioni
2213 1537 2399 1596 calida,
2432 1537 2534 1584 suis

313 1604 509 1653 gemmas
526 1595 747 1646 candidis
780 1597 1098 1664 viridibusque
1129 1598 1401 1651 illuminant
1434 1606 1635 1667 mentes,
1672 1602 1788 1666 quin
1810 1617 1890 1652 eas
1910 1600 2066 1666 magis
2096 1607 2350 1652 occaecatas
2380 1601 2531 1650 invol-

1314 1762 1531 1814 NOTAE

316 1905 517 1970 corpori
540 1921 636 1956 suo
659 1920 854 1958 morem
890 1924 1079 1973 gerens
1102 1909 1206 1960 suis
1231 1910 1377 1962 duci-

315 1988 399 2032 tur
419 1983 925 2046 perturbationibus.
950 1985 1097 2051 Virg.
1120 2001 1202 2039 tv.
1227 1988 1381 2039 AEne·

316 2057 470 2111 id.vs.
492 2064 609 2110 194.
680 2063 697 2090 ‘
722 2061 1021 2126 Regnorum
1056 2064 1380 2116 immemores

315 2138 557 2203 turpique
579 2138 829 2203 cupidine
845 2139 1068 2204 captos!
1134 2143 1275 2192 Hinc
1290 2145 1306 2172 ⁴
1322 2143 1381 2193 li-

315 2215 469 2280 bido,'
515 2233 636 2282 quae
683 2218 871 2268 merito
905 2219 1101 2269 dicitur
1145 2220 1161 2248 ‘
1181 2219 1381 2285 fallax‚’

246 2286 251 2291 ’
315 2293 622 2356 perhibetur
667 2295 684 2323 ‘
703 2293 865 2356 ligare
909 2302 1111 2345 mentes
1150 2302 1384 2348 terrenas

314 2373 558 2440 improbis
576 2376 830 2429 catenis.’
871 2379 887 2407 ‘
912 2378 1136 2442 Libido:
1153 2370 1382 2449 inquam,

317 2466 427 2517 quae
448 2453 577 2504 nibil
624 2459 709 2504 est
747 2455 907 2520 aliud,
934 2472 1089 2522 quam
1123 2457 1379 2522 cogitatio

315 2530 500 2581 mentis
523 2530 755 2582 motibus
792 2534 1054 2597 corporeis
1097 2534 1382 2601 obsequen·

319 2606 395 2670 tis,
417 2608 613 2659 merito
630 2608 826 2659 dicitur
843 2611 860 2638 ‘
878 2609 1073 2674 fallax}
1095 2612 1218 2677 quia
1238 2628 1382 2663 men-

319 2692 420 2734 tem
461 2701 493 2735 a
539 2687 683 2748 Deo,
727 2688 815 2752 qui
861 2694 944 2739 est
978 2689 1147 2753 prima
1182 2691 1379 2740 veritas

314 2764 584 2829 primaque
601 2764 829 2828 bouitas,
850 2766 1141 2829 abducens,
1157 2766 1212 2816 in
1236 2781 1379 2818 erro·

318 2858 421 2894 rem
445 2845 740 2911 vitiumque
763 2846 927 2898 ducit.
993 2846 1193 2897 Eadem
1214 2845 1380 2897 libido

310 2921 463 2986 ‘ligat
475 2931 683 2974 mentes
704 2922 958 2987 improbis
974 2924 1176 2974 catenis
1193 2922 1227 2985 ;’
1260 2923 1381 2990 quia

316 3004 545 3049 mentem
574 2998 825 3064 impedit,
860 3000 1136 3064 quominus
1171 3000 1285 3051 haec
1310 3000 1379 3052 ad

315 3075 495 3125 summi
509 3075 657 3136 boni,
680 3075 817 3140 quod
834 3077 1147 3127 naturaliter
1163 3092 1381 3142 cognos-

314 3151 384 3200 eit
400 3152 1073 3218 appetitque‚adeptionem
1093 3156 1381 3218 perveniat.

320 3226 393 3279 At
414 3229 431 3257 ‘
451 3228 703 3293 mentes,'
737 3244 867 3295 quas
910 3230 1106 3281 ‘libido
1143 3230 1381 3296 habitat,’

315 3305 711 3371 sive,utsaepius
728 3306 927 3359 Auctor
942 3314 1121 3362 noster
1133 3310 1384 3375 loquitur,

315 3382 516 3448 hebetat,
534 3391 659 3434 suut
676 3385 691 3411 ‘
711 3391 937 3437 terrenae
960 3383 998 3447 ς’
1018 3386 1154 3451 quod
1174 3394 1385 3439 terreno

317 3459 517 3524 eoi-pori
536 3460 913 3525 obsequantur.
931 3466 977 3513 1.
997 3462 1118 3514 Cor.
1132 3467 1210 3514 15.
1233 3464 1250 3491 ‘
1266 3462 1385 3513 Pri·

317 3547 424 3585 raus
446 3536 601 3587 bomo
626 3536 692 3587 de
715 3543 874 3600 terra,
893 3543 1129 3588 terrenus
1153 3554 1169 3589 z
1204 3554 1384 3591 secuu-

319 3610 411 3662 dus
441 3611 600 3664 homo
622 3613 688 3664 de
712 3615 863 3678 ooelo,
882 3616 1127 3668 coelestis.
1197 3616 1381 3669 Qualis

320 3692 577 3753 terrenus,
615 3690 749 3740 tales
784 3698 842 3740 et
870 3691 1098 3742 terreuiz
1135 3698 1192 3742 et
1214 3692 1382 3757 qualis

319 3766 566 3830 coelestis,
591 3768 721 3818 tales
744 3774 800 3817 et
821 3767 1102 3819 coelestesl

382 3849 404 3875 ¹
435 3844 539 3895 Hic
568 3846 662 3895 erit
683 3844 834 3909 vobis,
852 3846 963 3909 ξω]
988 3845 1218 3895 Evideus
1241 3844 1382 3895 enim

322 3919 499 3970 summi
526 3919 647 3969 boni
671 3921 834 3984 notio,
856 3929 1045 3985 utpote
1069 3922 1381 3987 principium

322 4009 433 4046 eum
472 3995 713 4047 veritatis
748 4004 858 4047 tum
901 3998 1127 4061 virtutis,
1149 4006 1381 4050 mentem

320 4070 570 4123 liberabit
607 4089 638 4124 a
672 4075 916 4138 procellis
964 4090 1195 4125 errorum
1232 4075 1381 4125 vitio-

325 4163 570 4215 rumque:
605 4151 746 4201 unde
779 4152 884 4202 erit
914 4153 929 4180 ‘
951 4151 1189 4218 requies,’
1222 4155 1237 4182 ‘
1265 4166 1381 4217 por-

325 4223 443 4286 tus‚’
465 4231 522 4275 et
546 4226 563 4255 ‘
582 4226 817 4291 asylum:

386 4306 405 4331 ⁸
438 4301 600 4363 Tagus
642 4303 802 4353 aureis
848 4304 1031 4368 arenis]
1085 4306 1257 4369 Tagus
1302 4313 1384 4358 est

1461 1910 1648 1962 fluvius
1680 1912 1983 1978 Lusitaniae,
2007 1912 2116 1977 qui,
2152 1912 2207 1962 iu
2246 1909 2531 1962 Celtiberis

1461 1999 1623 2052 ortus,
1651 1992 1970 2043 Lusitaniam
1992 1991 2202 2053 dividit,
2227 1996 2283 2041 et
2300 1992 2436 2040 ultra
2457 1989 2534 2040 U·

1461 2068 1794 2134 lyssiponem,
1814 2060 2034 2133 Lisboue,
2056 2068 2110 2118 in
2123 2068 2394 2119 Oceanum
2416 2080 2535 2130 pro-

1464 2148 1682 2210 rumpit.
1749 2136 1877 2211 Hic,
1897 2161 2000 2196 non
2025 2161 2176 2197 secus
2198 2160 2259 2195 ac
2282 2144 2531 2196 Pactolus

1466 2231 1522 2275 et
1541 2225 1786 2288 Hermus,
1807 2240 1992 2277 aureas
2024 2239 2207 2275 arenas
2228 2222 2398 2273 fertur
2422 2223 2534 2273 vol·

1464 2317 1621 2353 vere:
1656 2302 1795 2353 unde
1809 2302 1896 2354 hie
1914 2316 2094 2352 versus
2115 2318 2130 2352 ε
2165 2301 2181 2328 ‘
2206 2298 2425 2351 Aurifer
2444 2306 2535 2353 est

1467 2378 1630 2430 amnis
1664 2380 1857 2445 Tagus,
1890 2384 1948 2430 et
1985 2377 2257 2440 Pactolus,
2297 2384 2353 2428 et
2398 2377 2537 2428 Her·

1464 2455 1618 2509 mus!
1667 2457 1914 2510 Juvenal.
1955 2455 2141 2510 ‘Quod
2174 2456 2348 2522 Tagus
2371 2460 2427 2508 et
2448 2470 2532 2506 ru·

1467 2534 1561 2584 tila
1583 2533 1831 2584 Pactolus
1858 2533 2019 2583 volvit
2039 2533 2238 2584 arena!

1531 2610 1548 2642 ⁸
1580 2612 1679 2659 Aut
1708 2610 1938 2675 Hamus]
1963 2610 2193 2661 Hermus
2226 2617 2310 2660 est
2342 2608 2532 2662 fluvius

1462 2686 1679 2738 minoris
1713 2684 1879 2750 Asiae,
1923 2685 2012 2751 qui
2045 2685 2205 2749 juxta
2242 2686 2534 2749 Dorylaum

1461 2762 1712 2828 Phrygiae
1730 2753 1996 2813 ciuitatem
2014 2769 2178 2827 ortus,
2198 2763 2530 2828 Pactoloque

1451 2839 1694 2904 junctus,
1716 2840 1951 2904 Smyrnae
1969 2854 2183 2904 campos
2201 2840 2401 2904 irrigat,
2420 2846 2533 2891 tan·

1460 2915 1682 2981 demque
1696 2916 1748 2967 iu
1765 2915 2082 2966 Phocaicum
2099 2914 2264 2965 sinum
2281 2915 2535 2967 illabitur.

1463 2991 1571 3043 Hic
1596 2992 1750 3044 etiam
1775 3007 1961 3044 aureas
1985 3007 2168 3044 arenas
2194 2993 2400 3043 trahere
2425 2992 2531 3043 fer-

1464 3075 1552 3120 tur
1579 3085 1594 3120 z
1633 3073 1770 3120 unde
1801 3069 1988 3134 Virgil.
2011 3082 2074 3119 11.
2098 3069 2294 3132 Georg.
2321 3083 2395 3119 vs.
2419 3073 2533 3121 137.

1464 3147 1481 3176 ‘
1498 3146 1617 3198 Nec
1661 3147 1878 3213 pulcher
1930 3147 2167 3212 Ganges,
2203 3153 2362 3211 atque
2407 3161 2534 3198 auro

1464 3222 1702 3273 turbidus
1727 3220 1994 3273 Hermus!

1531 3307 1553 3333 '¹
1585 3301 1687 3350 Aue
1712 3300 1886 3364 Indus]
1917 3298 2082 3350 Indus
2116 3299 2304 3354 fluvius
2345 3300 2534 3351 Orien·

1464 3377 1556 3442 tis,
1578 3377 1688 3443 qui,
1705 3376 1909 3427 Indiam
1931 3377 1997 3427 ab
2026 3376 2240 3430 Occasu
2263 3376 2537 3444 definiens,

1465 3456 1516 3506 ei
1549 3469 1736 3508 nomen
1780 3453 1962 3505 dedit:
1999 3455 2085 3505 liic
2121 3462 2298 3508 autem
2329 3453 2535 3517 fluvius,

1469 3540 1562 3584 aut
1595 3534 1779 3583 saltem
1802 3534 1974 3598 tellus,
2012 3534 2097 3584 cui
2133 3549 2323 3585 nomen
2363 3532 2533 3597 dedit,

1467 3611 1684 3678 gemmis
1718 3610 1983 3661 abundat:
2017 3611 2355 3677 quamobrem
2378 3611 2533 3661 Clau·

1461 3689 1649 3740 dianus
1674 3687 2058 3754 significaturus
2092 3696 2292 3740 vestem
2319 3686 2533 3752 gemmis

1462 3772 1762 3817 contextam
1781 3765 2110 3829 Carm.{v111.
2126 3780 2201 3815 vs.
2217 3769 2335 3815 584.
2353 3764 2496 3816 canit
2515 3781 2530 3814 ε

1462 3842 1478 3869 ‘
1502 3842 1736 3906 Asperat
1774 3841 1938 3892 Indus
1983 3843 2296 3893 Velamenta
2351 3840 2528 3906 lapis?

1464 3919 1702 3970 Gemmae
1747 3934 1907 3982 porro
1946 3920 2061 3970 aliae
2105 3926 2227 3970 sunt
2277 3918 2531 3983 candidae,

1462 3995 1580 4046 aliae
1602 3994 1814 4056 virides,
1836 3996 1954 4047 aliae
1971 3997 2214 4047 coeruleae
2228 4032 2243 4056 ‚
2271 3996 2388 4046 alioe
2402 3997 2531 4046 alte·

1462 4073 1570 4122 rius
1595 4073 1806 4136 eoloris,
1825 4088 1921 4137 pro
1944 4074 2089 4123 varia
2105 4072 2310 4124 luminis
2331 4070 2534 4122 modifi-

1464 4152 1574 4204 cati
1600 4154 1805 4203 ratione
1828 4170 1842 4202 ε
1879 4153 2017 4203 unde
2045 4154 2062 4182 ‘
2082 4150 2264 4201 Indus'
2294 4151 2378 4199 hic
2402 4146 2533 4199 dici·

1468 4238 1558 4281 tur
1593 4232 1608 4259 ‘
1630 4229 1850 4280 miscere
1899 4229 2087 4279 virides
2129 4228 2334 4291 lapillos
2357 4224 2536 4276 candi·

1462 4306 1549 4356 dis
1565 4305 1600 4357 :’
1624 4314 1681 4357 et
1703 4307 1912 4357 Lucrst.
1932 4306 1965 4356 l.
1989 4319 2052 4355 n.
2072 4308 2088 4334 ⁴
2109 4303 2382 4354 Interdum
2406 4315 2531 4368 quo·
