3049 4928
516 402 646 502 18⁶„

1218 423 1522 471 Boss'rml
1581 423 1673 470 DE
1723 424 2032 473 coNSoh.

1041 568 1337 650 Fugiens
1368 568 1822 652 periculosam

1120 673 1378 736 Sortem
1415 671 1600 737 sedis
1633 683 1972 751 amoenae,v

1037 774 1305 840 Humili
1334 775 1603 840 domum
1636 784 1967 841 memento

2646 784 2726 847 15

1124 877 1369 943 Certus
1400 878 1601 962 figere
1633 887 1866 966 saxo.w

1045 980 1385 1061 Quamvis
1414 989 1606 1059 tonet
1633 985 1843 1070 ruinis

1122 1085 1426 1152 Miscens
1457 1108 1736 1172 aequora
1765 1083 2037 1171 ventus3
2062 1098 2089 1125 ¹

1027 1187 1138 1253 Tu
1170 1189 1519 1256 conditusy
1563 1192 1774 1275 quieti

1116 1291 1312 1359 Felix
1343 1296 1586 1360 robore
1608 1304 1632 1330 ²
1675 1296 1855 1374 valli,

2640 1298 2723 1361 20

1027 1394 1259 1461 Duces
1292 1416 1561 1462 serenus
1592 1419 1833 1479 aevum,

1111 1498 1370 1594 Ridens
1403 1502 1671 1569 aetheris
1700 1504 1885 1569 irase

502 1725 697 1782 portare
719 1736 835 1771 onus
855 1736 1143 1786 suspensum.
1211 1724 1296 1774 Sic
1327 1730 1381 1775 tu
1418 1729 1577 1777 vitans
1613 1736 1828 1780 eventum
1866 1730 2096 1783 incertum
2131 1734 2425 1797 conditionis,
2445 1740 2500 1784 ut
2521 1736 2717 1796 ridetur,

502 1791 680 1848 grotoe,
696 1787 906 1849 recogita
923 1787 1330 1848 stabilissundare
1345 1794 1493 1841 cedem
1505 1799 1647 1856 petra
1665 1798 1895 1858 depressa.
1966 1799 2084 1848 Tum
2104 1801 2213 1849 licet
2235 1806 2404 1850 ventus
2423 1801 2600 1862 reboet,
2617 1806 2714 1850 tur-

506 1849 623 1924 buns
642 1853 794 1900 maria
816 1853 1099 1916 naufragiis,
1121 1858 1174 1902 tu
1195 1854 1385 1905 abditus
1414 1859 1674 1909 munimine
1696 1861 1955 1912 constantis
1976 1866 2187 1928 aggeris,
2206 1866 2301 1916 eris
2321 1866 2502 1930 beatus,
2520 1872 2715 1917 contem·

505 1918 656 1977 tzsque
677 1918 781 1965 coeli
789 1916 1059 1983 furoribus,
1077 1933 1191 1981 ages
1207 1920 1356 1970 vitam
1374 1924 1698 1987 tranquillam.
1911 1946 1920 1950 >
1991 1961 1996 1968 ,
2143 1957 2148 1964 ·
2445 1961 2448 1964 -

1498 2023 1713 2108 'No'rAE

503 2145 744 2206 exemplo
779 2162 901 2195 usus
935 2155 1018 2199 est
1053 2150 1285 2202 Christus
1308 2154 1567 2205 Dominus

486 2218 700 2288 matth.
721 2225 771 2271 7.
829 2224 844 2250 ‘
866 2222 1081 2289 Omnis,’
1113 2226 1302 2291 inquit,
1335 2230 1457 2294 ‘qui
1479 2246 1567 2279 au·

504 2294 582 2344 dit
623 2296 781 2346 verba
816 2313 933 2349 mea
969 2302 1079 2351 haec
1115 2310 1168 2353 et
1203 2319 1307 2354 non
1338 2305 1467 2355 facit
1488 2322 1567 2370 ea,

501 2370 682 2421 similis
707 2374 806 2423 erit
839 2376 948 2426 viro
973 2380 1155 2442 stulto,
1177 2382 1263 2445 qui
1289 2381 1567 2433 aedifieavit

502 2447 708 2500 domum
745 2467 885 2503 snam
922 2471 1080 2520 super
1117 2473 1352 2509 arenam:
1390 2469 1445 2511 et
1475 2460 1566 2511 de-

497 2526 703 2577 scendit
720 2530 911 2594 pluvia,
932 2541 983 2581 et
1000 2542 1252 2584 venerunt
1267 2534 1496 2601 fiumina,
1512 2547 1567 2588 et

497 2599 757 2655 flaverunt
795 2609 954 2672 venti,
988 2618 1042 2659 et
1079 2611 1344 2663 irruerunt
1383 2614 1435 2663 in
1475 2615 1567 2664 do-

497 2694 636 2730 mum
660 2682 820 2746 iilam,
853 2693 907 2735 et
939 2687 1156 2752 cecidit,
1186 2696 1241 2739 et
1276 2689 1379 2741 fuit
1417 2691 1568 2740 ruina

493 2754 630 2806 illius
663 2759 888 2824 magna.'

562 2840 586 2864 v
620 2835 836 2898 Fugiens
879 2840 1187 2901 periculosam
1217 2843 1406 2894 Sortem
1442 2845 1568 2895 sedis

495 2912 712 2975 amoenae]
745 2914 903 2964 Haud
928 2917 1082 2966 aliter
1118 2919 1206 2984 qui
1231 2920 1396 2969 vitare
1418 2923 1564 2986 cupit

495 2993 739 3037 eventum
781 2991 1035 3041 incertum
1075 2994 1412 3060 conditionis,
1446 3013 1561 3062 quae

494 3062 981 3129 videturjucunda:
1019 3071 1204 3119 ‘Sors’
1238 3073 1457 3137 quippe,
1485 3074 1561 3123 in-

495 3140 609 3204 quit
651 3143 846 3194 Tullius
892 3147 927 3195 1.
964 3161 1028 3197 n.
1063 3149 1129 3199 de
1169 3149 1344 3200 Divin.
1381 3151 1558 3201 ‘idem

492 3220 865 3282 propemodum
891 3224 1029 3288 quod
1062 3226 1274 3289 micare,
1308 3227 1445 3292 quod
1479 3235 1558 3278 ta-

490 3293 569 3343 los
599 3295 799 3361 jacere,
831 3300 968 3364 quod
993 3309 1246 3353 tesseras:
1282 3304 1333 3353 in
1366 3305 1555 3371 quibus

492 3372 763 3422 temeritas
789 3382 844 3425 et
869 3392 1038 3437 casm,
1071 3394 1173 3429 non
1199 3382 1330 3432 ratio
1352 3388 1408 3433 et
1430 3384 1563 3433 con-'

489 3447 659 3496 silium
693 3451 871 3502 vaiet.'
953 3455 1092 3505 Hinc
1134 3459 1370 3524 sortilegi
1414 3462 1553 3510 dice·

488 3523 699 3583 bantur,
745 3528 832 3592 qui
876 3529 1065 3594 ductis,
1109 3535 1554 3600 puerimanibus,

487 3601 714 3650 sortibus
760 3605 1108 3666 praedicerent
1153 3607 1347 3662 futura.
1413 3612 1556 3663 Hinc

488 3678 647 3729 etiam
671 3679 808 3744 qnod
848 3682 899 3730 in
944 3697 1095 3732 unam
1138 3689 1218 3736 vel
1259 3692 1553 3752 oppositam

487 3763 689 3818 partem
715 3755 857 3807 flecti
899 3768 1074 3823 potest
1116 3762 1391 3832 incertum,
1427 3769 1553 3819 illud

485 3846 598 3880 sors
621 3833 723 3885 dici
748 3838 1044 3886 consuevit:
1071 3839 1358 3904 hujusmodi
1376 3852 1553 3897 antem

489 3915 571 3957 est
609 3909 758 3961 sedes
786 3927 1004 3976 amoena,
1029 3931 1179 3980 qnam
1205 3918 1400 3971 idcirco
1425 3923 1551 3971 Phi-

489 3987 729 4052 losophia
753 3989 1014 4042 bic‘vocat
1052 3997 1066 4021 ‘
1084 3995 1462 4058 periculosam.'

557 4071 590 4096 w
629 4065 822 4117 Humili
865 4071 1049 4121 domum
1092 4079 1322 4122 memento
1375 4077 1550 4125 Certus

471 4140 632 4205 figere
671 4144 812 4207 saxo]
866 4146 1003 4200 Loca
1043 4147 1246 4199 domiin
1292 4151 1346 4198 in
1388 4152 1551 4201 ‘saxo

485 4219 714 4268 humili:'
744 4222 795 4268 in
838 4221 853 4248 ‘
873 4222 1012 4272 saxo’
1057 4223 1284 4287 quidem,
1307 4233 1365 4276 ut
1398 4216 1552 4279 firmo

484 4293 667 4347 domus
684 4298 883 4348 nitatur
905 4296 1270 4352 fundamento:
1307 4305 1321 4330 ⁶
1340 4303 1519 4355 humili
1537 4305 1549 4326 ’

1650 2172 1795 2221 vero,
1828 2164 1890 2209 ut
1914 2160 2311 2224 tempestatibus
2334 2162 2502 2211 minus
2517 2159 2588 2221 sit
2625 2160 2714 2210 ob-

1648 2234 1823 2284 noxia.

1713 2319 1740 2345 ¹
1777 2313 2007 2369 Quamvis
2044 2320 2173 2364 tonet
2211 2315 2366 2364 ruinis
2402 2315 2614 2365 Miscens
2649 2330 2713 2364 ιε-

1648 2404 1792 2453 quoru
1809 2393 1999 2456 ventus]
2031 2392 2234 2441 Ventus
2258 2399 2423 2455 tonat,
2442 2406 2558 2441 cum
2581 2390 2714 2440 toni-

1649 2473 1766 2516 truo
1790 2468 1970 2517 similis
1992 2483 2232 2533 magnum
2257 2469 2454 2518 excitat
2471 2467 2714 2518 sonitum.

1650 2545 1845 2594 Miscet
1892 2553 2065 2596 autem
2113 2560 2323 2610 aequora
2367 2546 2544 2606 ruinis,
2596 2559 2714 2594 cum

1648 2619 1928 2684 naufragus
1969 2636 2129 2671 naves
2174 2628 2455 2686 ceteraque
2494 2635 2716 2686 corpora

1650 2698 1777 2747 mari
1802 2698 2044 2762 imposita
2070 2699 2369 2761 prosternit.

1714 2782 1737 2817 5
1764 2774 2016 2838 Conditus]
2043 2774 2395 2825 Absconditus
2420 2792 2433 2826 ε
2458 2775 2715 2840 quemad·

1648 2852 1856 2901 modum
1901 2852 2085 2916 virgil.
2128 2866 2169 2901 1.
2227 2852 2421 2916 Georg.
2474 2865 2551 2901 vs·
2594 2855 2718 2901 441.

1646 2928 1662 2954 ‘
1689 2927 1787 2977 Ille
1828 2927 1917 2977 ubi
1961 2935 2262 2978 nascentem
2303 2928 2519 2989 maculis
2543 2927 2718 2978 varia:

1646 3003 1780 3053 verit
1815 3012 2008 3069 ortum,
2041 3005 2297 3055 Conditus
2316 3004 2368 3054 in
2392 3003 2622 3054 nubem!

1707 3088 1727 3113 z
1770 3081 1915 3131 Felix
1953 3081 2140 3145 robore]
2187 3081 2367 3132 Robur
2410 3095 2710 3145 quamcum-

1642 3172 1743 3222 que
1767 3159 2003 3222 corporis
2028 3157 2387 3208 fortitudinem
2415 3154 2708 3221 significat:

1640 3236 1779 3286 unde
1818 3236 1955 3300 qnod
2000 3250 2219 3301 quercus
2258 3233 2526 3298 sylvestris
2568 3233 2708 3282 inter

1640 3319 1845 3362 ceteras
1878 3312 2089 3362 arbores
2133 3311 2414 3361 fortissima
2453 3309 2710 3373 videatur,

1636 3389 1834 3439 idcirco
1856 3390 1969 3439 haec
1993 3391 2009 3417 ‘
2032 3387 2220 3438 robnr’
2253 3386 2566 3451 appellatur.

1707 3466 1833 3516 Valli
1873 3463 2047 3528 quieti]
2090 3465 2293 3514 Vallum
2326 3477 2501 3512 murus
2544 3469 2630 3512 est
2674 3477 2706 3512 e

1638 3546 1780 3590 terra
1802 3541 1866 3590 ad
1891 3540 2042 3590 fossae
2060 3555 2204 3590 oram
2226 3546 2487 3604 aggestus,
2502 3538 2705 3589 crebris

1636 3618 1850 3668 sudibus
1865 3620 1973 3668 sive
1998 3621 2127 3683 palis
2159 3619 2388 3669 munitus
2412 3635 2425 3668 :
2460 3620 2705 3683 quamob-

1622 3709 1745 3743 sem
1790 3695 1906 3744 duae
1944 3704 2063 3745 sunt
2104 3696 2223 3744 valli
2270 3705 2465 3759 partes»,
2512 3710 2703 3758 nempe

1635 3784 1798 3832 agger
1836 3770 1945 3820 sive
1983 3777 2143 3831 terra,
2168 3778 2222 3820 et
2250 3771 2353 3834 pali
2376 3771 2485 3821 sive
2507 3771 2701 3832 sudes;

1634 3861 1795 3910 quare
1821 3849 2011 3896 vallum
2035 3849 2264 3912 quietum
2291 3854 2432 3909 est„
2703 3850 2710 3854 ’

1698 3930 1722 3956 ³
1753 3925 1913 3973 Duces
1933 3939 2123 3974 serenus
2140 3940 2290 3973 aevum
2310 3925 2490 3973 Ridens
2508 3923 2706 3974 ‹ether-is

1629 4000 1753 4063 iras]
1804 4002 1979 4051 Vitam
1999 4001 2157 4050 duces
2191 4003 2538 4066 tranquillam,
2576 4016 2700 4051 con-

1632 4083 1799 4126 temto
1834 4077 1952 4127 coeli
1988 4078 2206 4142 impetu.
2270 4078 2520 4126 ‘AAEvum’
2561 4079 2706 4145 enim'

1629 4142 1890 4217 siguificat
1935 4155 2112 4216 vitam,
2155 4163 2214 4204 ut
2251 4154 2391 4218 apud
2434 4153 2581 4218 Virg.
2620 4168 2697 4205 lv.

1630 4231 1794 4282 Geor.
1820 4245 1895 4280 vs.
1917 4234 2032 4280 206.
2066 4233 2082 4259 ‘
2111 4230 2253 4294 Ergo
2286 4231 2423 4294 ipsas
2458 4232 2701 4296 quamvis

1630 4316 1878 4374 angustus
1912 4308 2163 4361 terminus
2188 4309 2287 4361 aevi
2312 4310 2592 4375 Excipiet?
2625 4312 2696 4361 Et
