3049 4928
462 392 547 458 10
1368 407 1432 454 ι’.
1478 406 1742 457 nem-11

457 553 670 638 gulosi
698 553 1068 625 omnuim>
1091 553 1481 637 prostravit,
1532 570 1951 636 corporeque
1971 552 2135 637 ejus
2184 554 2272 618 ab
2306 552 2488 618 omni
2530 556 2664 622 alia

458 657 810 723 vexatione
839 656 1123 733 intacto,
1154 674 1362 720 unum
1391 660 1695 739 torquem
1727 655 2033 736 abstulit,
2065 676 2289 740 eoque
2319 677 2394 723 se
2422 657 2662 735 induit,

458 764 534 822 ut
578 764 681 824 est
708 758 897 842 apud
927 758 1221 825 Livium.
1307 757 1422 822 Sic
1473 758 1670 840 igitur
1698 757 2033 823 Boethius
2079 765 2303 825 noster
2343 760 2429 824 ab
2460 766 2664 824 atavo

461 878 708 925 nomen
738 861 941 925 habet
971 858 1222 938 Anicii,
1255 861 1342 924 ab
1375 878 1507 925 avo
1537 859 1778 924 Manlii
1808 860 2156 945 Torquati.

545 964 850 1028 Severini
879 983 1127 1028 nomen
1156 963 1331 1029 unde
1361 967 1654 1028 tractum
1691 964 1803 1043 sit,
1849 963 2054 1030 video
2086 964 2400 1030 dubitari.
2489 963 2667 1030 Sunt

458 1066 574 1149 qui
606 1086 697 1131 ex
725 1068 945 1150 gentis
995 1067 1276 1133 Manliae
1323 1068 1683 1132 severitate
1722 1067 1895 1133 illud
1943 1068 2225 1152 petitum
2257 1066 2664 1133 existiment.

463 1167 904 1253 Constatque,
983 1189 1287 1235 severam
1344 1170 1659 1254 inprimis
1717 1174 1918 1254 atque
1993 1171 2425 1256 imperiosam
2488 1170 2667 1237 hanc

454 1271 786 1338 familiam
816 1273 1048 1341 fuisse.
1118 1275 1197 1339 L.
1219 1275 1524 1339 Manlius
1543 1273 1777 1339 Titum
1797 1274 2008 1340 filium
2030 1295 2251 1353 suum,
2283 1275 2401 1360 qui
2418 1281 2670 1359 postea

456 1373 842 1460 Torquatus
892 1378 1112 1443 dictus
1138 1377 1286 1457 fuit,
1317 1398 1430 1442 rus
1461 1379 1550 1442 ab
1577 1377 1923 1444 hominum
1955 1378 2466 1444 conversatione
2492 1377 2667 1442 rele-

456 1479 682 1558 gavit:
729 1479 909 1544 idem
940 1481 1258 1547 Dictator
1283 1486 1476 1546 tanta
1502 1481 1861 1548 severitate
1911 1481 2241 1547 delectum
2288 1479 2545 1558 habuit,
2596 1483 2671 1544 ut

458 1581 816 1665 Imperiosi
867 1603 1112 1648 nomen
1162 1584 1486 1649 retulerit.
1591 1583 1758 1668 Ipse
1805 1584 1885 1649 T.
1915 1584 2220 1650 Manlius
2254 1584 2667 1668 TorquatuS,

456 1681 664 1749 filium
696 1704 917 1764 suum,
946 1686 1128 1770 quod
1157 1690 1572 1770 provocatus
1605 1707 1650 1752 a
1677 1685 1988 1751 Geminio
2015 1686 2255 1765 Meti0,
2286 1685 2458 1765 duce
2486 1685 2669 1750 Tus-

459 1785 874 1866 culanorum,
905 1788 993 1853 ad
1022 1788 1475 1855 dimicandum
1508 1809 1583 1853 se
1615 1790 1849 1871 ignaro
1880 1787 2347 1867 descenderat,
2379 1786 2600 1870 abripi
2626 1806 2669 1852 a

454 1888 718 1970 lictore,
747 1893 907 1956 etin
935 1892 1208 1957 modum
1247 1892 1490 1958 hostiae
1518 1894 1800 1958 mactari
1818 1892 2054 1977 jussit,
2087 1892 2303 1957 satius
2323 1891 2666 1975 judicanS,

454 1997 717 2076 patrem
742 1994 884 2059 filio
913 1995 1094 2073 forti,
1141 2015 1347 2080 quam
1380 1997 1663 2078 patriam
1692 1994 1997 2059 militaris
2038 1993 2414 2078 disciplinae
2443 2013 2669 2059 exem-

457 2094 575 2177 plo
610 2115 836 2160 carere
863 2116 880 2161 ε
927 2117 1065 2183 quo
1096 2097 1369 2182 quidem
1399 2097 1579 2162 facto
1611 2097 1917 2162 Manlius
1946 2116 2162 2183 usque
2185 2096 2355 2162 adeo
2374 2096 2668 2161 invisum

400 2279 404 2283 j
459 2215 536 2260 se
568 2204 767 2282 atque
798 2218 1079 2265 exosum
1121 2199 1460 2285 juventuti
1490 2198 1825 2264 Romanae
1855 2199 2094 2276 effecit,
2139 2204 2213 2264 ut
2253 2199 2394 2282 ipsi
2421 2198 2506 2262 de
2537 2197 2666 2262 La-

453 2300 641 2378 tinis,
703 2301 1097 2386 CampaniS,
1177 2302 1523 2382 Sidicinis,
1580 2302 1918 2369 Auruncis
1985 2302 2392 2386 triumphum
2444 2299 2668 2384 agenti

456 2423 654 2468 nemo
707 2402 1110 2472 adolescens
1159 2406 1402 2472 nobilis
1459 2407 1733 2473 obviam
1790 2406 2213 2492 processerit.
2331 2404 2443 2472 Ad
2496 2406 2668 2471 hanc

458 2508 896 2574 severitatem
924 2512 1223 2606 respexit
1252 2511 1599 2596 Virgilius,
1631 2532 1784 2577 cum
1809 2511 2117 2595 scripsit:
2643 2539 2646 2544 ·

1427 2683 1817 2747 saevumque
1846 2660 2061 2727 securi

723 2765 992 2852 Aspice
1023 2766 1460 2851 Torquatum.

458 2915 538 2980 L.
572 2934 844 3000 quoque
877 2907 1176 2982 Manlius
1211 2917 1618 3001 TorquatuS‚
1665 2916 1728 2981 is
1778 2914 1898 2999 qui
1944 2913 2201 2979 Consul
2247 2932 2403 2977 cum
2454 2910 2666 2978 Cnaeo
2777 2951 2785 2960 ,

458 3015 754 3083 Octavio
785 3019 933 3097 fuit,
965 3018 1174 3084 filium
1205 3041 1424 3100 suum,
1452 3025 1838 3085 accusatum
1870 3037 1911 3081 a
1939 3015 2394 3080 Macedonum
2422 3013 2666 3096 legatis

459 3118 648 3201 quod
670 3120 749 3194 ‚in
770 3127 1080 3212 ⁴praetura
1105 3140 1233 3186 sua
1259 3122 1680 3208 provinciam
1701 3118 1993 3202 pecunia
2022 3116 2418 3199 spoliasset,
2447 3118 2669 3182 vetuit

459 3220 532 3283 in
566 3230 1005 3304 conspectum
1038 3243 1233 3289 suum
1266 3223 1563 3307 prodire,
1579 3238 1829 3303 negans
1860 3237 2009 3283 eum
2031 3218 2246 3283 videri
2263 3218 2386 3284 tali
2406 3219 2669 3301 ingenio

455 3321 672 3386 fuisse
706 3323 941 3406 quales
970 3326 1117 3408 eJus
1147 3327 1439 3410 maj0res
1467 3324 1797 3388 fuissent:
1872 3340 2076 3405 quam
2126 3322 2396 3406 quidem
2442 3326 2668 3386 notam

454 3423 638 3489 filius
668 3432 806 3490 tam
829 3428 1076 3492 acerbe
1100 3427 1270 3505 tulit,
1300 3433 1375 3490 ut
1402 3424 1640 3490 eadem
1658 3429 1858 3488 nocte
1878 3443 1951 3488 se
1980 3423 2227 3507 laqueo
2250 3422 2667 3489 interemerit.

454 3526 571 3592 Ab
623 3528 752 3594 hac
774 3565 779 3568 v
802 3531 1006 3613 igitur
1054 3529 1329 3593 Manliae
1386 3527 1606 3609 gentis
1661 3526 2013 3591 severitate
2061 3526 2336 3590 credunt
2393 3525 2669 3608 quidam

461 3629 824 3695 Boethium
848 3638 1140 3697 nostrum
1174 3631 1423 3696 dictum
1452 3630 1665 3693 fuisse
1688 3628 2117 3694 Severinum:
2162 3629 2410 3713 quibus
2440 3636 2667 3691 tamen

454 3752 580 3813 ego
632 3735 990 3818 astipulari
1041 3754 1171 3798 non
1229 3751 1545 3817 possum:
1622 3753 1707 3798 eo
1760 3732 1944 3816 quod
1991 3750 2322 3814 nusquam
2394 3730 2667 3795 videam

456 3852 826 3916 cognomen
871 3836 1050 3911 istud
1082 3838 1260 3919 genti
1314 3835 1594 3899 Manliae
1625 3835 1976 3899 tributum:
2043 3851 2200 3896 nam
2252 3831 2666 3915 Imperiosos

458 3937 731 4018 quidem
764 3939 1067 4003 Manlios
1099 3941 1275 4022 leg0,
1308 3940 1592 4004 Severos
1623 3944 1740 4002 aut
1769 3935 2129 4000 Severinos
2158 3954 2290 3998 non
2318 3935 2488 4017 lego.
2580 3935 2669 3999 Et

454 4040 618 4121 quia
670 4040 1134 4108 Severinorum
1180 4042 1508 4108 familiam
1553 4040 1857 4106 nobilem
1904 4046 2060 4124 tunc
2088 4038 2417 4120 temporis
2453 4036 2667 4104 fuisse

456 4147 750 4217 constat,
784 4162 939 4225 quae
970 4150 1189 4209 tamen
1219 4166 1350 4211 non
1377 4146 1579 4213 fuerit
1606 4144 1827 4229 gentis
1862 4141 2163 4221 Manliae,
2194 4140 2377 4206 malo
2405 4159 2530 4222 ego
2569 4141 2665 4205 ad

457 4242 819 4307 Severinos
865 4243 1022 4311 illos
1075 4266 1321 4314 nomen
1362 4239 1547 4315 istud
1600 4247 1863 4324 referre.
1954 4245 2253 4311 Fuerunt
2284 4247 2509 4309 autem
2537 4242 2668 4309 hoc
