3049 4928
492 411 583 476 90
1189 426 1499 475 sos'rnu
1552 429 1649 477 nn
1696 429 1833 476 con
1848 428 1932 477 so
1947 429 2009 477 t..

491 578 662 642 scire
691 574 997 658 potuisti.
1101 570 1298 653 Quos
1327 572 1490 638 nihil
1520 574 1703 638 aliud
1735 574 1809 639 in
1855 575 2118 640 cladem
2150 575 2525 657 detraxit,¹⁴
2567 580 2696 646 nisi

491 677 695 763 quod,
724 678 977 742 nostris
1008 678 1305 743 moribus
1335 677 1678 756 instituti)
1726 678 1972 744 studiis
2010 679 2469 764 improborum
2501 682 2696 748 dissi-

490 782 754 846 millimi
774 779 800 817 ¹*
847 780 1262 847 videbantur.
1353 780 1597 866 Itaque
1647 781 1815 847 nihil
1867 789 1969 848 est
2015 784 2196 867 quod
2236 785 2588 866 admirere,
2639 788 2697 851 si

490 886 561 948 in
611 885 740 951 hoc
792 885 950 950 vitae
1001 885 1147 950 salo
1170 881 1223 923 ⁶¹
1280 884 1849 951 circumflantibus
1875 893 1923 933 ¹⁵
1986 888 2310 970 agitemur
2360 890 2697 972 proceIIiS,

493 988 739 1071 quibus
767 988 898 1053 hoc
928 988 1223 1052 maxime
1272 988 1696 1073 propositum
1744 996 1870 1068 est,
1925 992 2237 1074 pessimis
2282 992 2698 1077 displicerem

496 1087 805 1170 Quorum
836 1091 1107 1175 quidem
1139 1093 1413 1158 tametsi
1441 1101 1549 1158 est
1578 1113 1982 1159 numerosus
2010 1094 2472 1173 exercituS,¹⁶¹²
2516 1117 2698 1182 sper·

557 1263 582 1297 1·
615 1265 980 1329 Philosophiae.
1167 1275 1188 1301 e
1225 1269 1375 1320 Mari.

1418 1381 1776 1405 eeeeeeeeeeee

494 1445 692 1495 t'emere
711 1445 864 1497 etiam
890 1445 943 1496 in
974 1448 1249 1511 sequentia
1270 1449 1433 1500 verba
1456 1450 1684 1514 irrepsit.
1750 1452 1837 1502 Ita
1858 1451 1993 1501 euim
2028 1466 2095 1501 ex
2119 1453 2168 1502 d.
2201 1453 2306 1503 Ms.
2341 1457 2402 1502 ut
2422 1458 2479 1502 et
2502 1450 2721 1505 Erfurts

496 1508 922 1576 Norimbergensi
946 1512 1128 1563 itidem
1152 1515 1405 1577 editione,
1439 1516 1669 1565 omnium
1691 1532 1816 1581 quas
1853 1517 2090 1581 equidem
2115 1517 2216 1567 vidi
2248 1516 2615 1581 vetustissima,
2633 1519 2706 1567 le-

495 1576 747 1637 gendum:
787 1577 996 1633 Quorum
1030 1578 1234 1643 quidem,
1267 1584 1460 1630 tametsi
1494 1597 1767 1631 numerosus
1797 1582 2052 1641 exercitus,
2084 1583 2366 1646 spernendus
2402 1587 2561 1632 tamen
2595 1581 2704 1633 est!

490 1640 796 1692 θῆται-14
830 1643 931 1693 Ms.
973 1644 1231 1694 Rittersh.
1264 1645 1578 1707 defecit—16
1615 1650 1629 1675 ‘
1652 1647 1891 1697 Crescins
1929 1654 1984 1697 et
2007 1648 2322 1697 Pulmannus
2346 1661 2410 1695 ex
2434 1648 2701 1698 vetustiss.

490 1704 634 1755 libris
657 1707 788 1757 hanc
811 1722 993 1758 vocem
1016 1716 1282 1772 eruerunt,
1301 1725 1418 1761 cum
1443 1711 1496 1760 in
1521 1712 1635 1761 aliis
1656 1711 1969 1761 editionibus
1990 1713 2255 1776 legeretur
2274 1713 2705 1765 cimmstmibus.

494 1769 725 1820 Eandem
761 1774 1135 1823 correctionem
1159 1775 1257 1825 sibi
1275 1776 1491 1826 ascribit
1510 1777 1597 1826 Fr.
1621 1777 1839 1829 Juretus
1874 1778 1926 1826 in
1946 1778 2169 1830 Miscell.
2204 1777 2269 1827 ad
2293 1778 2588 1843 symmach.
2612 1779 2703 1829 lib.

500 1846 602 1888 vn.
626 1837 803 1902 Epist.
825 1837 955 1888 114!
989 1838 1288 1891 Sinum—16
1314 1842 1527 1893 Tametsi
1555 1857 1827 1893 numerosus
1846 1842 2085 1894 exercitas
2104 1843 2226 1894 edd.
2242 1844 2437 1908 Delph.
2459 1851 2515 1893 et
2533 1843 2703 1894 Hack.

1490 1961 1715 2014 NOTAE

496 2055 845 2120 losophorum‚
878 2059 1309 2123 quemadmodum
1345 2060 1564 2112 arbitra-
1647 2062 1849 2124 Poetis,
1882 2063 2022 2128 quod
2055 2064 2217 2114 salum
2242 2064 2369 2127 ciet,
2391 2071 2448 2114 et
2469 2063 2486 2093 ‘
2506 2061 2706 2127 insula,'

496 2140 583 2183 tur
600 2132 827 2185 Thomas
863 2135 1145 2201 Anglicus:
1178 2138 1277 2203 ipsi
1296 2145 1418 2189 sunt
1452 2139 1563 2203 phi-
1647 2140 1793 2204 qnasi
1817 2143 1833 2170 ‘
1857 2140 1910 2190 in
1933 2141 2080 2205 salo‚’
2103 2141 2309 2193 dicitur.
2364 2140 2541 2192 Caesar
2563 2142 2599 2192 1.
2621 2155 2709 2191 m.

503 2211 726 2277 losophi‚
744 2215 832 2279 qui
858 2222 1075 2280 propter
1089 2214 1339 2281 majorem
1360 2214 1565 2280 ἔμφασιν
1644 2216 1780 2267 Bell.
1805 2217 1919 2269 Civ.
1953 2219 1969 2247 ‘
1995 2214 2375 2281 Multitudine,'
2390 2216 2603 2283 inquit,‘
2620 2233 2707 2267 na·

495 2301 711 2340 numero
733 2290 921 2354 plurali
944 2291 1320 2357 exprimuntur.
1370 2293 1458 2344 Sic
1483 2295 1563 2345 di·

496 2363 660 2416 cimus
690 2368 708 2397 ⁸
744 2366 1109 2433 Alexandros,’
1147 2370 1163 2399 ⁴
1202 2368 1562 2434 Augustinus,’

498 2442 600 2493 διο.

560 2517 586 2554 ¹⁸
606 2518 793 2572 Studiis
852 2522 1166 2588 improborum
1228 2523 1565 2590 dissimillimi]

497 2594 705 2648 Idcirco
750 2598 886 2649 enim
928 2599 1155 2665 improbi
1205 2601 1324 2651 odio
1372 2600 1568 2654 habent

498 2676 711 2741 proboS,
747 2677 928 2743 eisque
969 2683 1181 2742 nocent,
1226 2678 1350 2745 quia
1384 2680 1567 2731 horum

495 2750 803 2819 illorumque
860 2754 1220 2819 cogitationes,
1257 2755 1569 2825 locutiones,

498 2836 557 2880 et
599 2843 761 2894 opera
805 2829 945 2880 inter
987 2845 1043 2881 se
1092 2839 1215 2883 sunt
1267 2833 1563 2883 contraria:

500 2905 931 2969 quemadmodum
971 2905 1223 2958 docemur
1277 2909 1566 2975 Sapientiae

499 2998 564 3034 11.
611 2984 628 3012 ‘
663 2985 1139 3037 circumveniamus
1180 3003 1306 3053 ergo
1345 2989 1569 3053 justum,

499 3061 740 3127 qnoniam
761 3062 959 3112 inutilis
983 3071 1065 3114 est
1088 3065 1253 3129 nobis,
1279 3075 1333 3117 et
1358 3074 1566 3116 contra-

499 3137 607 3188 rius
638 3146 721 3189 est
756 3141 1003 3203 operibus
1042 3141 1342 3204 nostris,‚et
1376 3143 1567 3206 impro-

500 3220 650 3278 perat
672 3213 819 3265 nobis
843 3223 1068 3280 peccata
1087 3218 1237 3281 legis,
1257 3225 1312 3268 et
1330 3217 1571 3270 diffamat

499 3291 554 3340 iu
602 3306 696 3341 nos
743 3299 962 3356 peccata
1013 3293 1301 3358 disciplinae
1356 3303 1568 3347 nostrae.

501 3369 776 3421 Promittit
811 3387 867 3421 se
907 3373 1178 3423 scientiam
1216 3375 1321 3424 Dei
1357 3375 1569 3442 habere,

501 3454 557 3497 et
573 3446 733 3498 filium
757 3449 857 3498 Dei
874 3463 929 3498 se
951 3449 1201 3501 nominat.
1270 3453 1463 3503 Factus
1487 3462 1569 3504 est

500 3523 647 3573 nobis
680 3525 732 3575 in
773 3526 1154 3576 traductionem
1192 3529 1568 3593 cogitationum

503 3607 813 3651 nostrarum.
884 3602 1072 3651 Gravis
1107 3609 1191 3654 est
1229 3605 1376 3654 nobis
1409 3606 1569 3656 etiam

502 3674 570 3726 ad
590 3677 894 3740 videndum,
925 3679 1169 3744 quoniam
1203 3680 1465 3731 dissimilis
1488 3691 1570 3732 est

503 3753 615 3802 aliis
640 3754 746 3804 vita
767 3754 920 3811 illius,
944 3763 999 3804 et
1022 3754 1307 3807 immutatae
1333 3767 1453 3807 sunt
1467 3759 1568 3818 viae

504 3827 633 3893 ejus.
714 3830 989 3894 Tanquam
1043 3847 1267 3895 nugaces
1324 3833 1572 3885 aestimati

504 3919 679 3955 sumus
713 3906 779 3957 ab
813 3906 930 3956 illo:
968 3915 1024 3958 et
1059 3909 1285 3959 abstinet
1318 3925 1374 3959 se
1407 3925 1438 3959 a
1474 3911 1570 3961 viis

503 3984 715 4047 nostris,
754 3992 998 4051 tanquam
1033 3986 1100 4037 ab
1125 3988 1483 4053 immunditiis,
1514 3999 1571 4039 et

505 4058 723 4122 praefert
755 4062 1027 4113 novissima
1055 4064 1332 4127 justorum,
1367 4072 1422 4114 et
1461 4065 1570 4130 glo-

506 4134 672 4185 riatur
696 4145 898 4200 patrem
924 4154 980 4187 se
1004 4139 1199 4189 habere
1220 4140 1431 4190 Deum!

561 4207 588 4246 ⁴⁸
617 4214 743 4265 Vitae
784 4214 907 4278 salo]
958 4217 1134 4266 Salum
1179 4223 1262 4266 est
1303 4232 1465 4280 mare,
1498 4217 1575 4267 sic

509 4289 706 4342 dictum
730 4307 761 4343 a
783 4292 900 4343 salis
925 4308 1140 4359 sapore:
1175 4293 1327 4346 hinc‘
1350 4293 1574 4348 Salacia'

1645 2291 1783 2341 vium
1827 2293 2120 2356 perterriti,
2159 2301 2216 2344 et
2263 2292 2372 2343 salo
2413 2307 2708 2358 nauseaqne

1645 2365 1912 2420 confecti.’
1968 2370 2097 2426 Vita
2114 2376 2288 2420 autem
2310 2368 2525 2419 hominis
2546 2369 2710 2435 quod·

1646 2444 1765 2496 dam
1787 2460 1928 2497 mare
1959 2453 2059 2512 est,
2095 2446 2256 2514 quod,
2279 2453 2339 2497 ut
2368 2445 2485 2510 hoc,
2517 2445 2593 2496 sic
2619 2445 2719 2496 illa'

1647 2524 1664 2552 ‘
1685 2521 2128 2575 circumflantibus
2158 2523 2390 2588 agitetur
2426 2522 2708 2587 procellis.’

1648 2601 1943 2664 Propterea
1967 2602 2154 2652 Cicero
2178 2600 2334 2651 Orat.
2358 2600 2412 2649 in
2426 2600 2674 2650 Pisonem
2692 2616 2708 2649 z

1648 2677 1665 2707 ‘
1680 2676 1870 2743 Alios,’
1888 2678 2073 2745 inquit,
2093 2677 2110 2707 ‘
2134 2692 2231 2742 ego
2251 2677 2355 2728 vidi
2373 2683 2572 2740 ventos,
2587 2677 2711 2726 alias

1648 2755 1893 2819 prospexi
1933 2754 2102 2813 animo
2141 2755 2425 2820 procellas:
2472 2754 2586 2804 aliis
2618 2754 2713 2804 im·

1648 2831 1994 2896 pendentibus
2006 2828 2410 2895 tempestatibus
2421 2844 2524 2881 non
2535 2828 2712 2881 cessi!

1711 2915 1747 2942 ¹¹²
1768 2908 2272 2974 Pessimisdisplicere]
2286 2908 2711 2972 Philosophorum

1648 2984 1786 3034 enim
1809 2986 2154 3050 propositum,
2185 2985 2296 3035 sive
2318 2993 2516 3047 votnm,
2539 2985 2593 3034 in
2613 2985 2712 3036 hoc

1648 3067 1904 3123 versatur,
1927 3061 2063 3125 quod
2093 3062 2274 3112 virtuti
2294 3062 2572 3121 studeant:
2611 3061 2711 3110 vir-

1648 3142 1734 3187 tus
1769 3143 1961 3201 mitem,
1998 3145 2186 3204 utpote
2223 3155 2327 3204 qua
2362 3138 2714 3203 improborum

1648 3212 1758 3263 vita
1793 3210 2028 3265 damnari
2066 3213 2293 3277 videtur,
2329 3214 2566 3279 pessimis
2612 3213 2713 3263 dis·

1650 3288 1831 3354 plicet.

1713 3374 1737 3400 ¹²
1764 3369 2049 3419 Numer-osus
2100 3367 2359 3432 exercitus]
2428 3368 2712 3417 Stultorum

1650 3446 1818 3510 maj0r
1845 3453 1946 3507 est,
1972 3460 2123 3512 quam
2152 3447 2590 3511 philosophorum,
2623 3458 2715 3493 nu·

1648 3538 1843 3586 merus,
1889 3523 2047 3588 juxta
2091 3523 2221 3573 illud
2261 3523 2407 3573 Eccl.
2455 3536 2494 3572 1.
2542 3523 2558 3550 ‘
2597 3535 2715 3585 per·

1649 3601 1783 3649 versi
1812 3598 2025 3650 difficile
2062 3599 2411 3663 corriguntur,
2444 3605 2500 3648 et
2535 3597 2713 3653 stulto·

1653 3691 1763 3725 rum
1786 3674 2015 3726 infinitus
2039 3684 2120 3726 est
2140 3673 2415 3725 numerus!
2460 3674 2715 3724 Nimirum

1653 3752 2066 3816 philosophorum
2104 3760 2184 3801 est
2217 3753 2387 3802 vitare
2418 3751 2715 3815 praecipita·

1651 3829 1843 3878 tionem
1873 3836 1928 3877 et
1962 3829 2316 3893 praejudicium
2350 3828 2416 3878 ad
2451 3829 2716 3878 invenien-

1651 3906 1769 3955 dam
1794 3905 2088 3970 veritatem,
2112 3905 2345 3969 quod,ut
2377 3903 2608 3967 difficile,
2641 3907 2718 3957 sic

1654 3997 1936 4046 paucorum
1961 3990 2060 4033 est.
2123 3982 2411 4033 Stultorum
2436 3997 2561 4032 vero
2582 3992 2717 4047 prm·-

1654 4060 1963 4124 cipitatione
1987 4066 2042 4109 et
2081 4059 2386 4124 praejndicio
2411 4060 2463 4109 in
2485 4074 2716 4110 errorem

1654 4138 1896 4201 primum,
1930 4136 2120 4203 deinde
2142 4137 2196 4186 in
2221 4136 2371 4197 vitia,
2403 4136 2527 4198 labi,
2560 4136 2720 4200 quod,

1655 4220 1717 4264 ut
1750 4212 1963 4263 infinitis
2002 4212 2115 4261 fere
2154 4212 2319 4261 modis
2364 4211 2477 4260 fieri
2524 4218 2720 4274 potest,

1656 4291 1732 4341 sic
1766 4297 1823 4341 et
1856 4288 2153 4340 facillimum
2174 4295 2233 4340 et
2254 4288 2719 4360 plurimorumest.
