3049 4928
1217 426 1626 477 ruffin-no.
2436 414 2526 482 25

316 593 466 642 nem
496 572 579 638 in
598 571 915 640 adversis
942 591 1078 639 non
1101 571 1397 658 petiisse
1422 590 1509 638 ex
1551 567 1920 659 disciplina
1953 569 2224 656 Christi,
2267 580 2335 643 et
2362 572 2519 642 doe·

319 679 487 759 trina
505 694 733 743 rerum
771 675 1256 744 credendarum
1283 696 1371 743 ac
1394 676 1878 762 sperandarum
1918 677 2112 745 libris
2150 679 2363 745 sacris
2401 698 2523 745 ex-

319 782 601 865 plicata:
653 779 918 860 deinde,
955 780 1104 865 ipse
1122 779 1603 865 philosophica
1630 781 1761 848 ista
1787 801 2190 867 proponens,
2246 782 2528 867 pollice-

321 892 424 951 tur
446 884 766 969 quaedam
817 883 1087 951 altiora.
1173 883 1443 964 ‘JHaec
1499 884 1741 969 inquit,
1789 885 2122 951 ‘nondum
2170 886 2382 952 morbi
2420 885 2528 951 tui

318 987 636 1070 remedia,
668 988 791 1056 sed
809 987 1031 1055 adhuc
1052 987 1472 1054 contumacis
1493 987 1815 1054 adversus
1832 990 2247 1055 curationem
2268 988 2534 1055 doloris

318 1089 619 1159 fomenta
646 1092 963 1178 quaedam
990 1099 1168 1157 sunt.
1234 1090 1327 1156 -N
1331 1110 1441 1157 am
1470 1110 1626 1175 quae
1667 1090 1737 1154 in
1787 1090 2194 1175 profundum
2223 1086 2380 1158 se'se
2408 1110 2530 1178 pe-

322 1201 612 1275 netrent,
691 1215 848 1262 cum
906 1195 1378 1280 tempestivum
1432 1194 1656 1271 fixerit,
1718 1192 2096 1278 exponam.'
2197 1193 2527 1277 Videsne,

325 1293 784 1363 Nobilissime
814 1292 1124 1376 Juvenis,
1167 1296 1595 1382 Sapientiam
1641 1295 1782 1380 ipsi
1832 1299 2224 1380 promittere
2267 1296 2534 1381 majora

321 1400 666 1482 quaedam,
722 1407 790 1466 et
841 1400 1219 1468 efficaciora
1232 1401 1263 1465 ‘l
1349 1399 1637 1480 Adhaec,
1689 1400 1862 1466 libro
1909 1408 2152 1484 quarto
2179 1399 2532 1477 Boethius,

323 1501 848 1590 Philosophiam
873 1505 1318 1593 compellam,
1347 1524 1501 1572 eam
1526 1512 1734 1571 vocat
1779 1508 1801 1539 ‘
1820 1505 1958 1571 veri
1987 1505 2310 1590 praeviam
2337 1504 2534 1570 lumi-

322 1610 428 1676 nis
452 1609 493 1675 :’
537 1630 686 1676 non
702 1611 906 1695 igitur
924 1610 997 1675 in
1017 1619 1203 1696 parte
1231 1611 1346 1677 illa
1376 1611 1624 1677 statuit
1646 1609 2038 1690 subsistere,
2069 1608 2188 1675 sed
2218 1606 2533 1694 progredi

325 1714 613 1781 ulterius
648 1710 752 1781 *ad
778 1715 1003 1800 majus
1029 1714 1279 1782 lumen.
1387 1712 1572 1795 Jam,
1605 1713 1786 1801 quod
1815 1714 2028 1800 paulo
2050 1720 2213 1799 post
2242 1712 2538 1779 dicitur:

325 1819 345 1848 ‘
365 1817 702 1884 Decursis
731 1819 1044 1885 omnibus
1063 1838 1220 1904 quse
1249 1821 1655 1904 praemittere
1670 1818 2125 1885 necessarium
2147 1821 2333 1901 pute,
2353 1816 2538 1882 viam

328 1919 450 1985 tibi
479 1940 644 2006 quae
675 1927 748 1986 te
777 1921 1049 1988 domum
1076 1920 1356 1990 revehat
1391 1922 1764 1989 ostendam.
1851 1919 2127 1988 Pennas
2158 1920 2370 1986 etiam
2397 1923 2532 1985 tuae

326 2024 556 2102 menti,
587 2022 943 2107 quibusse
972 2026 1040 2090 in
1064 2026 1279 2093 altum
1295 2026 1531 2092 tollere
1563 2026 1812 2112 possit,
1833 2024 2120 2109 affigam,
2144 2031 2244 2103 ut,
2276 2026 2538 2109 pertur-

329 2126 610 2193 batione
634 2127 941 2212 depulsa,
969 2148 1211 2215 sospes
1240 2130 1309 2195 in
1329 2130 1647 2216 patriam,
1675 2148 1826 2195 meo
1843 2127 2074 2208 ductu,
2097 2147 2255 2192 mea
2273 2125 2537 2203 semita,

329 2230 500 2295 meis
534 2232 738 2297 etiam
766 2231 1092 2298 vehiculis
1133 2232 1526 2300 revertaris!
1612 2232 1840 2298 Nemo
1885 2249 2023 2297 non
2059 2228 2275 2308 videt,
2320 2245 2542 2294 rerum

332 2333 828 2401 hactandamm
843 2335 1384 2420 propositionem
1399 2336 1589 2402 hisce
1604 2336 1827 2401 verbis
1851 2333 2201 2401 contineri.
2251 2330 2544 2397 Promit-

332 2435 414 2500 tit
442 2442 692 2518 autem,
709 2458 786 2505 se
803 2440 1088 2525 primum
1101 2440 1605 2527 praemissurum
1621 2439 1963 2525 quaedam,
1985 2442 2226 2526 postca
2252 2455 2327 2503 se
2351 2452 2545 2520 quae-

336 2536 495 2604 dam
516 2539 1043 2624 subjuncturum.
1093 2542 1271 2622 Quae
1293 2543 1796 2628 praemissurum
1813 2563 1890 2608 se
1912 2543 2035 2622 ait,
2053 2542 2411 2608 habemus:
2441 2537 2545 2603 al-

336 2646 552 2709 teram
570 2650 831 2728 partem
854 2643 1317 2712 desideramus
1346 2647 1416 2712 in
1435 2666 1580 2732 qua
1595 2654 1744 2713 erat
1770 2652 2167 2712 ostensurus
2183 2644 2362 2710 viam
2385 2659 2548 2727 quoe

335 2744 676 2812 hominem
706 2746 999 2828 demum,
1026 2746 1101 2813 id
1127 2753 1235 2814 est
1261 2749 1334 2813 in
1363 2749 1639 2829 coelum,
1672 2749 1920 2829 dueat3
1963 2765 2257 2833 quaeque
2287 2760 2550 2830 pennas

338 2849 556 2933 ipsius
584 2851 793 2916 menti
824 2850 1112 2918 affixura
1141 2857 1308 2929 erat,
1336 2847 1586 2937 quibus
1613 2850 1782 2916 sein
1801 2849 2012 2916 altum
2036 2852 2269 2935 posset
2285 2846 2544 2924 tollere,

340 2959 553 3038 atque
582 2954 686 3020 ita
713 2974 961 3039 sospes
991 2955 1060 3020 in
1089 2955 1400 3040 pah-iam,
1446 2953 1579 3020 hoc
1607 2960 1716 3020 est
1759 2952 2028 3031 coelum,
2076 2949 2344 3017 reverti.
2433 2948 2545 3014 Ex

339 3053 444 3121 his
476 3064 780 3143 apparet,
810 3059 1021 3125 libros
1049 3059 1224 3126 istos
1250 3058 1548 3131 nondum
1589 3078 1738 3125 esse
1767 3056 2131 3150 perfectos.
2220 3052 2356 3118 Sed
2384 3049 2552 3138 quid
2694 3062 2698 3066 ’

341 3177 537 3225 cesso
580 3160 815 3227 valido
861 3168 932 3228 et
963 3163 1406 3231 'inconcussae
1466 3161 1882 3229 auctoritatis
1929 3164 2324 3244 argumento
2362 3154 2545 3222 idem

343 3262 626 3344 probare
648 3265 681 3329 ’ἱ
721 3265 937 3339 Initio,
963 3267 1119 3333 libri
1147 3268 1365 3351 quinti
1394 3267 1499 3334 sic
1524 3267 1829 3352 loquitur
1847 3263 2180 3332 Boethius
2209 3261 2296 3326 de
2316 3258 2549 3326 Philo-

340 3364 622 3448 sophia:
681 3369 703 3400 ‘
726 3366 1038 3449 Dixerat,
1084 3370 1555 3455 orationisque
1602 3388 1876 3436 cursum
1920 3367 2009 3434 ad
2059 3368 2198 3434 alia
2227 3362 2545 3451 quaedam

340 3468 692 3535 tractanda
716 3476 785 3535 et
812 3472 1238 3557 expedienda
1263 3471 1611 3540 vertebat?
1700 3472 2035 3554 Quaenam
2051 3473 2084 3536 ‘t
2127 3469 2249 3537 illa
2278 3468 2547 3535 scilicet

346 3590 499 3655 quae
524 3591 617 3637 ex
644 3570 1048 3642 Christianae
1076 3577 1417 3661 religionis
1450 3578 1794 3665 mysteriis
1841 3577 1984 3663 peti
2008 3578 2327 3661 possunt?
2393 3588 2548 3636 Μ

315 3671 678 3740 ·Bo'e'thius
708 3693 1084 3746 sermonem
1123 3679 1346 3767 injicit
1369 3680 1457 3747 de
1486 3679 1698 3760 Casu,
1752 3679 1839 3746 de
1866 3680 2116 3746 Libero
2141 3676 2436 3753 arbitrio,
2481 3677 2554 3736 et

351 3773 732 3846 Concordia
759 3783 1208 3865 praescientia
1236 3783 1483 3851 divinae
1512 3805 1667 3851 cum
1712 3784 2016 3854 libertate
2067 3779 2347 3857 arbitrii,
2393 3793 2550 3862 quae

350 3880 663 3946 tractatio
710 3902 929 3969 usque
982 3886 1071 3951 ad
1134 3885 1335 3953 finem
1389 3888 1546 3954 libri
1599 3903 1756 3954 sese
1805 3883 2126 3952 extendit.
2232 3876 2558 3965 Sequitur

219 4013 223 4018 v
350 3979 567 4063 igitur,
595 3985 895 4052 nondum
924 3988 1001 4053 id
1026 3989 1209 4073 quod
1245 3987 1488 4055 docere
1518 3988 1926 4068 instituerat,
1954 3986 2150 4073 plene
2175 4001 2328 4048 esse
2356 3983 2558 4046 abso-

353 4081 591 4164 lutum,
625 4088 752 4166 sed
777 4089 1141 4158 desiderari
1195 4098 1454 4178 partem
1498 4094 1688 4161 illam
1732 4113 1889 4180 quae
1939 4091 2123 4157 viam
2169 4087 2260 4154 ad
2305 4085 2558 4151 eoelum

355 4194 717 4270 monstrat,
745 4212 902 4291 quja
930 4215 1020 4261 ex
1048 4196 1201 4262 sola
1225 4194 1472 4264 Christi
1501 4198 1808 4266 doctrina
1836 4195 1976 4283 peti
2005 4193 2227 4258 debet.
2289 4184 2559 4253 Iudicat

356 4283 533 4353 hoc
511 4310 745 4374 ipsum
773 4283 1027 4364 clarius
1053 4303 1300 4384 postea
1339 4299 1809 4387 Philosophia,
1857 4317 2012 4364 cum
2044 4296 2184 4362 ait:
2223 4285 2565 4357 ‘Festino
