3049 4928
528 381 661 447 464

526 528 814 590 Stoicorum
866 538 1178 599 constantia,
1241 539 1335 588 illa
1366 535 1583 600 uriom,

528 617 815 679 ἆναλγησία,
834 616 1192 679 ἀκλεημοσύνη.
1232 618 1409 668 Vallis.

610 695 918 759 Symmachus
960 694 1113 758 socer]
1167 694 1585 758 Symmachomm

527 777 744 819 stemma
769 773 845 821 vir
870 773 1082 822 doctiss.
1124 773 1240 823 Jac.
1279 769 1588 820 Sirmondus

527 847 734 896 erudita
789 847 1057 910 diligentia
1116 848 1387 897 contexuit
1433 846 1588 896 Notis

526 924 628 971 suis
649 924 714 972 ad
740 938 836 973 νιι.
859 925 945 974 lib.
972 925 1140 986 Epist.
1161 923 1419 984 Ennudii3
1456 936 1586 989 quas

525 1001 754 1050 consule.
807 999 915 1049 Nos
935 1001 1101 1048 donec
1126 1000 1191 1049 ad
1214 1008 1445 1049 nostrum
1470 1014 1587 1063 per·

526 1076 835 1136 venerimus,
871 1091 1036 1140 pauca
1077 1083 1272 1126 tantum
1311 1091 1376 1126 ex
1400 1077 1474 1127 eis
1497 1092 1586 1127 ex·

527 1167 817 1217 cerpemus.
885 1154 1012 1203 Erat
1036 1162 1212 1204 antem

594 1243 634 1277 1.
668 1230 684 1257 ‘
714 1231 769 1278 L.
806 1228 1041 1279 Aurelius
1064 1229 1313 1280 Avianius
1348 1231 1584 1296 Symma-

526 1306 650 1355 chus
684 1306 971 1356 Praefectus
1007 1308 1122 1358 urbi
1158 1323 1292 1358 anno
1321 1322 1583 1362 ccccxxv.

525 1385 684 1448 Cujus
717 1393 836 1435 sunt
865 1387 1088 1450 insignes
1112 1389 1216 1436 illae
1242 1387 1455 1437 duarum
1480 1395 1583 1437 sta·

525 1469 728 1511 tuarum
761 1463 937 1513 Romae
961 1473 1014 1514 et
1036 1464 1482 1529 Constantinopoli
1504 1465 1583 1522 in·

522 1537 869 1600 scriptiones!

589 1628 652 1663 ιι.
682 1615 698 1642 ‘
723 1616 788 1666 Q.
817 1613 1059 1664 Aurelius
1078 1614 1414 1679 Symmachus
1437 1617 1496 1666 L.
1520 1618 1583 1667 F.

521 1690 734 1740 Orator.
802 1692 962 1756 Cujus
1002 1698 1123 1742 sunt
1162 1692 1445 1755 Epistolar.
1491 1693 1582 1744 lib.

520 1779 600 1815 rx.
652 1768 980 1817 Relationum
1020 1783 1184 1818 unuss
1222 1768 1275 1816 in
1297 1769 1481 1834 quibus
1503 1769 1583 1818 fa-

520 1856 664 1891 mosa
694 1843 787 1892 illa
819 1843 885 1892 de
917 1843 1024 1893 Ara
1047 1845 1322 1895 Victuriae.
1391 1845 1583 1896 Consul

518 1917 620 1968 fuit
642 1920 868 1969 ordinar.
894 1936 1026 1970 anno
1048 1921 1278 1972 cccxcrss
1541 1931 1548 1932 ’

584 2010 669 2046 ιιι.
704 1998 721 2024 ‘
743 1998 811 2048 Q.
845 1997 1105 2047 Fabianus
1139 1998 1415 2048 Memmius
1438 2000 1586 2063 Sym·

519 2072 729 2122 machus
754 2074 935 2123 Patris
957 2074 1199 2125 oraturis
1219 2075 1479 2138 Epistulas
1502 2076 1583 2124 di-

520 2149 682 2212 gessit
721 2156 778 2198 et
813 2149 995 2201 edidit.
1061 2149 1259 2200 Africae
1292 2151 1584 2201 Proconsul

518 2223 620 2274 fuit
643 2239 778 2274 anno
802 2239 970 2278 cnxv.
1037 2224 1334 2276 Praei'ectns
1358 2227 1471 2276 urbi
1496 2241 1584 2276 an·

521 2315 586 2350 no
610 2303 797 2352 cnxx.'

584 2391 665 2428 ιν.
701 2381 715 2405 ‘
740 2379 807 2430 Q.
831 2377 1073 2429 Aurelius
1093 2380 1424 2445 Symmachus
1444 2380 1582 2430 Con-

520 2455 599 2503 snl
665 2455 952 2507 ordinarius
1020 2473 1135 2509 cnm
1213 2456 1368 2509 Aetio
1445 2473 1582 2508 anno

517 2533 767 2583 cnxnviss

583 2624 640 2660 v,
674 2613 691 2639 ‘
728 2613 794 2664 Q.
833 2612 1078 2663 Aurelius
1115 2614 1392 2664 Memmius
1432 2613 1580 2677 Sym·

516 2688 727 2737 machus
765 2691 992 2740 Excons.
1030 2691 1164 2741 Ord.
1202 2698 1258 2741 et
1296 2691 1578 2741 Patricius.

515 2764 591 2813 Ut
615 2764 790 2827 legere
811 2767 1023 2816 memini
1064 2767 1116 2815 iu
1146 2767 1371 2830 antiquis
1406 2780 1579 2815 exem-

518 2841 745 2904 plaribus
768 2842 942 2892 Boetii
967 2843 1166 2906 generi,
1197 2844 1286 2908 qni
1311 2843 1507 2906 aliquot
1530 2842 1578 2891 ei

515 2918 765 2980 opuscula
802 2934 894 2968 sua
930 2919 1201 2976 inscribit:
1240 2920 1305 2969 de
1338 2934 1439 2983 quo
1477 2921 1578 2968 hoc

515 2993 631 3042 loco
658 2993 893 3045 Boetius.
959 2997 1150 3045 Consul
1190 2994 1289 3045 fnit
1327 2996 1438 3044 sine
1473 2995 1579 3044 col·

516 3069 634 3133 lega
676 3071 769 3120 sub
807 3072 1050 3122 Odoacre
1091 3087 1225 3122 auno
1268 3085 1514 3123 cnxch.
1548 3087 1579 3121 a

518 3147 842 3199 Theodorico
878 3165 999 3213 rege
1026 3150 1061 3201 J
1067 3151 1201 3200 udex
1223 3150 1277 3198 in
1300 3162 1454 3199 cansa
1476 3150 1578 3197 Ba-

517 3224 617 3272 silii
663 3234 717 3272 et
763 3225 1097 3289 Praetextati,
1132 3227 1218 3290 qui
1265 3227 1577 3290 magicarum

518 3301 703 3348 artium
740 3303 1138 3365 accusabantur,
1171 3304 1307 3353 inter
1339 3304 1466 3353 alius
1487 3303 1577 3352 de·

516 3377 704 3436 lectus,
729 3379 1012 3441 Epistolar.
1041 3393 1189 3429 xxn.
1214 3380 1303 3431 lib.
1326 3395 1404 3433 w.
1439 3381 1578 3444 apud

519 3454 915 3504 Cassiodorum:
966 3456 1100 3519 apud
1155 3471 1309 3520 quem
1362 3464 1416 3505 et
1459 3457 1576 3506 aliae

517 3534 640 3577 sunt
659 3529 969 3578 Theudorici
996 3531 1228 3594 ejusdem
1260 3532 1325 3581 ad
1349 3533 1578 3596 Symma-

518 3604 669 3652 chum
694 3605 963 3666 Epistolae.
1032 3608 1117 3656 De
1140 3606 1325 3655 eodem
1349 3607 1578 3656 Hormis-

518 3678 587 3727 da
611 3678 858 3728 Pontifex
884 3680 1052 3744 Epist.
1072 3693 1302 3730 xxxva.
1327 3688 1383 3730 et
1404 3682 1578 3732 var.'

517 3763 573 3804 et
596 3754 783 3806 Avitus
807 3757 1086 3820 episcopus
1104 3758 1413 3806 Viennensis
1430 3760 1579 3822 Epis·

517 3832 627 3880 tola
650 3845 712 3881 ιι.
745 3831 761 3858 ‘
786 3832 1047 3881 Caeterum
1085 3832 1153 3881 ab
1193 3834 1373 3883 eodem
1412 3836 1578 3883 Theu-

518 3904 693 3956 dorico
753 3907 924 3969 impiis
984 3907 1272 3958 delatorum
1342 3911 1579 3961 crimina·

517 3983 743 4033 tionibus
768 3984 986 4034 incitato
1010 3987 1294 4037 crudeliter
1328 4003 1430 4037 nna
1461 4004 1579 4037 cum

519 4060 708 4110 Boetio
749 4076 938 4125 genero
978 4079 1141 4113 caesns
1179 4072 1281 4126 est,
1316 4074 1373 4115 ut
1397 4075 1579 4116 narrat

519 4137 811 4202 Procopius
859 4139 948 4190 lib.
981 4154 1020 4191 1.
1059 4141 1125 4191 de
1167 4142 1300 4191 bello
1340 4143 1577 4192 Gothico.

518 4213 690 4276 Hujus
710 4213 830 4264 filias
853 4215 968 4266 duae
991 4224 1364 4278 memorantur,
1401 4219 1579 4268 Rusti-

518 4290 667 4341 ciana
695 4305 824 4342 uxor
847 4293 1038 4359 Bo'etii,
1069 4300 1127 4343 et
1166 4293 1336 4358 Galla,
1373 4295 1437 4344 de
1475 4310 1577 4360 qua

1229 396 1449 444 NoTAE
1497 393 1901 443 VARIORUM
1926 443 1930 448 ,
1955 396 2035 443 ΙΝ

1671 544 1869 600 prater
1905 538 2237 602 Fulgentinm
2262 539 2553 604 Gregorius
2578 540 2717 604 Mag-

1668 629 1762 664 nus
1806 630 1886 666 ιν.
1938 617 2078 667 Dial.
2104 631 2233 668 xm.
2301 618 2487 667 Filium
2530 617 2713 667 nullum

1668 693 1895 758 reliquit.
1959 696 2094 744 Nam
2121 695 2209 760 qui
2231 695 2509 759 seqnitur,'

1731 784 1809 820 vr.
1839 771 1855 799 ⁸
1882 771 2211 835 Symmachus
2235 772 2449 834 Collega
2471 770 2646 820 Boiitii
2668 771 2717 818 in

1665 844 1947 896 Consulatu
1986 846 2105 896 anni
2144 861 2328 898 nxxu.
2362 862 2464 897 non
2496 848 2723 912 Symma-

1663 922 1747 971 chi
1771 922 1992 973 Patricii
2022 922 2174 985 filius,
2207 924 2299 973 sed
2334 939 2495 988 nepos
2535 922 2638 973 fnit
2659 938 2721 972 ex

1660 996 1767 1047 filia
1787 998 2092 1049 Rusticiana
2111 1005 2166 1048 et
2190 999 2377 1048 Boetio
2401 998 2724 1064 prognatus!

1661 1074 1764 1123 His
1785 1089 1991 1140 quoqne
2013 1090 2045 1124 a
2066 1076 2214 1126 nobis
2236 1076 2447 1125 additur

1723 1166 1825 1204 vn.
1861 1155 2195 1218 Symmachus
2232 1170 2281 1204 v.
2325 1170 2375 1204 c.
2425 1154 2579 1218 hujus
2624 1152 2726 1203 for·

1664 1232 1806 1278 tasse
1834 1228 1988 1280 filius.
2057 1231 2218 1295 Cujus
2253 1230 2487 1280 meminit
2522 1230 2725 1294 Grego-

1660 1304 1764 1352 rius
1796 1305 2022 1369 Magnus
2049 1307 2217 1370 Epist.
2243 1319 2503 1355 xxxvrrr.
2529 1306 2619 1355 lib.
2644 1319 2724 1355 rx.

1662 1379 1730 1428 ad
1754 1381 2110 1431 Rustic-ianam
2127 1382 2255 1446 ejus,
2286 1388 2346 1432 ut
2368 1390 2617 1447 apparet,
2649 1396 2724 1431 so-

1659 1472 1828 1509 rorem
1865 1475 1960 1525 per
1996 1462 2344 1512 Indictionem
2377 1473 2455 1511 rv.
2482 1462 2586 1511 hoc
2625 1468 2720 1522 est,

1660 1551 1794 1587 annu
1815 1551 1904 1588 nc.
1937 1539 2185 1589 scribens.
2252 1540 2375 1589 Fuit
2396 1545 2454 1589 et

1724 1627 1849 1663 vm.
1897 1615 2232 1679 Symmachus
2270 1630 2320 1666 ν.
2362 1630 2412 1666 c.
2450 1621 2508 1665 et
2551 1615 2640 1665 inl.
2671 1615 2721 1663 in

1660 1687 1899 1749 Oriente,
1940 1691 2026 1754 qui
2071 1706 2206 1741 auno
2238 1705 2421 1741 nxvn.
2457 1690 2721 1741 Anastasii

1658 1763 1780 1827 imp.
1805 1766 2007 1828 legatus
2031 1767 2312 1816 Eutharico
2336 1767 2543 1817 Cillicae
2559 1768 2722 1816 Tbeu-

1658 1843 1821 1893 dorici
1846 1859 2040 1907 genero
2060 1846 2373 1895 Consulatus
2395 1846 2619 1907 iusignia
2639 1846 2723 1895 de-

1661 1920 1814 1969 tulit:
1842 1920 2059 1985 ejusque
2078 1922 2253 1970 Romae
2273 1920 2562 1984 magnificis
2580 1935 2721 1984 spec-

1660 1997 1842 2046 taculis
1864 1996 2121 2058 interfuit,
2134 2004 2193 2046 ut
2215 2004 2401 2048 auctor
2424 2005 2507 2047 est
2525 1998 2723 2048 Cassio·

1659 2073 1813 2122 dorus
1832 2073 1884 2122 in
1902 2074 2182 2124 Chronico.
2235 2075 2404 2126 Quem
2417 2074 2720 2124 Priscianus

1658 2149 1832 2198 dicatu
1877 2151 1943 2199 de
1990 2149 2317 2199 Ponderibus
2367 2156 2425 2199 et
2466 2150 2720 2199 mensuris

1659 2227 1787 2277 libro
1833 2228 2035 2278 laudat:
2088 2227 2541 2291 Constantinopoli
2586 2227 2718 2276 enim

1658 2304 1988 2353 Priscianum
2011 2304 2247 2353 docuisse
2271 2304 2436 2354 coaevi
2460 2304 2578 2367 ejus
2600 2304 2720 2354 Cas·

1659 2380 1895 2429 siodorns
1940 2380 2033 2430 lib.
2077 2381 2143 2430 de
2200 2380 2612 2445 orthographia,
2666 2386 2720 2429 et

1657 2457 1849 2507 Paulus
1869 2456 2131 2508 Diaconus
2153 2457 2240 2507 lib.
2263 2473 2304 2508 1.
2333 2457 2535 2507 Histor.
2587 2458 2718 2508 Lau-

1656 2534 2000 2599 gobardorum
2054 2540 2341 2585 testantur:
2397 2542 2454 2584 et
2496 2536 2718 2585 Veteres

1656 2611 1770 2672 ejus
1803 2611 1921 2661 libri
1955 2619 1970 2640 ⁴
1996 2611 2562 2674 constantinopolitani
2596 2611 2715 2661 doc·

1655 2687 1809 2737 toris'
1845 2689 1999 2738 titulo
2040 2694 2416 2753 praenotantnr.
2495 2689 2579 2737 De
2616 2702 2717 2753 quo

1654 2764 1791 2813 haud
1838 2764 1994 2814 dubie
2039 2763 2323 2814 Hormisda
2364 2764 2577 2828 scripsit
2620 2767 2718 2829 Ep.

1655 2853 1877 2892 xxxvn.
1915 2847 1971 2890 et
2001 2854 2156 2891 nvn.
2222 2843 2391 2893 Quem
2431 2849 2488 2891 et
2523 2843 2716 2892 Procu-

1654 2918 1769 2982 pius
1792 2918 1883 2968 lib.
1902 2931 1963 2968 ιι.
1981 2918 2047 2966 de
2060 2918 2198 2967 bello
2209 2917 2499 2968 Vandalico
2516 2919 2613 2981 ait,
2633 2919 2718 2967 Se·

1655 2999 1888 3043 natorem
1907 2993 2358 3056 Constantinopoli
2389 2992 2552 3044 fnisse
2579 2995 2715 3043 Ρη-

1654 3069 1956 3135 fectnmque
2007 3068 2264 3134 equitatui
2309 3076 2366 3118 et
2424 3069 2716 3134 sumptibus

1654 3147 1763 3210 ejus
1796 3146 1922 3196 belli
1958 3146 2095 3210 qnod
2118 3144 2412 3195 Germanus
2431 3146 2715 3197 Justiniani

1654 3223 1781 3287 imp.
1807 3237 1874 3271 ex
1895 3221 2058 3271 fratre
2081 3235 2263 3285 nepos,
2295 3221 2349 3270 in
2387 3221 2597 3271 Stozam
2641 3236 2713 3269 re·

1656 3300 1806 3349 bellis
1819 3299 2084 3349 exercitus
2100 3298 2285 3347 ducem
2306 3299 2472 3347 movit
2484 3307 2541 3347 et
2556 3298 2715 3348 felici-

1657 3383 1736 3427 ter
1752 3374 2001 3426 confecit.
2043 3376 2328 3424 Romanum
2346 3373 2510 3423 fuisse
2523 3374 2718 3424 ibidem

1654 3454 1955 3504 Priscianus
1994 3453 2180 3503 scribit
2221 3460 2278 3501 et
2319 3467 2385 3502 ex
2433 3452 2715 3502 Hormisda

1653 3530 1950 3594 conjicitur.
2034 3530 2198 3593 Cujus
2240 3528 2384 3578 aedes
2428 3530 2714 3594 magnificas

1655 3605 2104 3668 Constantinopoli
2137 3606 2189 3655 in
2213 3605 2403 3668 insigni
2425 3607 2514 3655 illa
2537 3605 2713 3670 populi

1654 3681 1909 3731 seditione
1933 3695 2067 3729 anno
2087 3681 2368 3733 Justiuiaui
2393 3695 2447 3730 v.
2479 3682 2714 3732 incendio

1655 3764 1943 3807 consumtoe
1991 3766 2143 3808 sunt:
2199 3763 2259 3806 ut
2299 3765 2384 3807 est
2428 3758 2484 3807 in
2530 3760 2713 3829 chron..

1653 3834 1936 3885 Alexandr.
1974 3835 2124 3885 Idem.
2711 3858 2714 3859 ⁷

1727 3910 1861 3960 Vivit
1880 3910 2025 3973 uxor]
2055 3910 2269 3961 Scilicet
2291 3911 2596 3961 Rusticiana
2616 3926 2709 3960 uon

1656 3987 1818 4052 Elpis.
1888 3988 2033 4051 Elpis
2064 3989 2200 4038 enim
2240 3989 2397 4038 nullis
2432 4004 2501 4037 ex
2526 3989 2707 4038 Boetio

1655 4065 1940 4126 procreatis
1981 4064 2160 4114 liberis
2204 4065 2462 4114 decessit}
2509 4066 2705 4115 ductam

1623 4174 1628 4179 -
1652 4139 1813 4190 fuisse
1837 4143 1937 4191 Lil:
1960 4141 2221 4191 Giraldus·
2242 4142 2508 4190 memoriae
2546 4142 2707 4204 prodi·

1653 4217 1752 4280 dit,
1766 4225 1827 4267 nt
1849 4233 1966 4282 quae
1979 4231 2066 4267 eus
2086 4216 2441 4281 Hymnus,qni
2457 4218 2514 4266 in
2530 4218 2702 4267 Eccle-

1653 4296 1727 4344 sia
1741 4294 1827 4346 die
1843 4295 1885 4345 Α
1892 4295 2101 4359 postolis
2114 4296 2279 4345 Petro
2300 4300 2359 4343 et
2375 4294 2542 4344 Panlo
2562 4307 2699 4343 sacra
