3049 4928
1234 405 1326 452 PR
1338 405 1644 455 AEFA'rlo.
2449 394 2537 460 15

327 574 405 622 ac
426 553 616 639 plebi
649 551 984 619 Romanae
1013 549 1415 615 frumentum
1451 549 1754 615 donavit.
1843 548 2120 628 Quanta
2150 572 2305 618 vero
2335 553 2537 620 fuerit

328 658 507 723 illius
537 664 737 723 aetus
776 654 1157 731 celebritas,
1190 673 1279 718 ex
1321 673 1402 718 eo
1448 654 1772 737 cognosci
1804 661 2046 738 potest,
2075 657 2262 739 quod
2293 658 2531 724 beatus

329 761 751 844 FulgentiuS‚
773 760 887 845 qui
920 763 1075 823 tunc
1107 760 1425 842 temporis
1455 778 1633 823 nova
1663 759 2096 823 Trasimundi
2125 760 2388 825 saevitia
2409 781 2533 825 ex-

329 864 686 941 animatus,
716 861 979 926 deserta
1028 858 1266 925 Africa
1307 858 1606 925 Romam
1637 867 1935 938 venerat,
1982 882 2301 946 pompam
2349 864 2535 930 illam

329 966 781 1050 conspicienS,
811 963 1337 1032 acclamationes
1370 959 1675 1043 audienS,
1706 964 2141 1050 ordinemque
2170 986 2387 1031 rerum
2416 967 2536 1032 ad·-

328 1069 706 1134 mirabilem
755 1087 982 1132 secum
1031 1066 1455 1149 expendenS,
1496 1065 1948 1131 exclamavit:
1998 1071 2018 1101 ‘
2049 1066 2273 1146 Quam
2316 1071 2536 1152 speci-

329 1189 455 1238 osa
482 1170 686 1237 debet
712 1190 867 1236 esse
895 1168 1276 1235 Jerusalem
1305 1169 1424 1235 illa
1451 1169 1782 1249 coelestiS‚
1826 1170 1887 1234 si
1938 1171 2040 1236 sic
2068 1172 2278 1255 fulget
2309 1174 2535 1240 Roma

329 1274 697 1344 terrestris!
744 1278 814 1339 et
841 1273 901 1339 si
930 1274 1002 1338 in
1030 1274 1163 1338 hoc
1194 1273 1448 1338 saeculo
1478 1273 1677 1339 datur
1717 1273 1882 1337 tanti
1927 1273 2199 1338 honoris
2246 1276 2535 1359 dignitas

329 1378 760 1462 diligentibus
796 1376 1207 1453 -vanitatem,
1270 1374 1496 1459 qualis
1551 1375 1762 1439 honor
1818 1380 1887 1441 et
1936 1376 2150 1458 gloria
2210 1380 2540 1445 tribuetur

330 1482 582 1549 sanctis
611 1479 1214 1563 contemplantibus
1241 1479 1592 1544 veritatem
1613 1476 1651 1541 !’
1739 1478 1873 1543 Sed
1900 1478 2328 1562 splendorem
2355 1481 2540 1548 illius

329 1590 523 1651 actus
549 1584 884 1667 eleganter
912 1582 1272 1665 descripsit
1293 1582 1443 1666 ipse
1473 1580 1809 1647 Boethius
1850 1580 2049 1666 hujus
2087 1584 2316 1667 operis
2362 1583 2538 1650 libro

331 1685 652 1764 secundo,
680 1686 800 1750 ubi
830 1684 1343 1769 Philosophiam
1389 1685 1490 1749 sic
1537 1685 1917 1770 loquentem
1967 1684 2366 1752 introducitz
2416 1692 2436 1721 ‘
2460 1686 2539 1751 Si

333 1791 485 1876 quis
524 1808 745 1867 rerum
780 1787 1161 1852 mortalium
1212 1786 1472 1852 fructus
1527 1786 1738 1852 ullum
1786 1787 2224 1854 beatitudinis
2276 1788 2542 1873 pondus

208 1884 211 1887 ’
333 1891 563 1970 habet,
594 1891 925 1976 poteritne
984 1891 1169 1956 illius
1208 1893 1534 1956 memoria
1576 1891 1752 1956 lucis
1789 1891 2206 1976 quantalibet
2234 1892 2543 1974 ingruen-

333 1996 498 2059 tium
526 1996 850 2060 malorum
878 1994 1053 2058 mole
1082 1993 1317 2071 deleri,
1335 2011 1491 2057 cum
1522 1992 1699 2059 duos
1728 1992 1976 2078 pariter
2006 1991 2338 2058 Consules
2366 1992 2536 2058 libe-

334 2116 441 2162 ros
469 2104 629 2163 tuos
658 2096 861 2163 domo
884 2097 1165 2180 provehi
1210 2097 1337 2162 sub
1380 2096 1757 2182 frequentia
1806 2102 2089 2181 patrum,
2149 2096 2279 2160 sub
2325 2096 2546 2180 plebis

336 2200 687 2267 alacritate
719 2199 952 2266 vidisti
971 2200 1002 2263 ‘l
1049 2219 1226 2277 cum,
1268 2197 1520 2263 eisdem
1553 2201 1621 2264 in
1653 2198 1862 2264 Curia
1890 2199 2163 2265 curules
2202 2198 2544 2264 insidenti-

333 2301 485 2381 bm,
515 2307 592 2367 tu
632 2303 834 2385 regiae
878 2300 1106 2365 laudis
1157 2306 1405 2380 orator,
1451 2300 1698 2384 ingenii
1747 2301 2018 2385 gloriam
2057 2300 2541 2384 facundiaeque

334 2404 670 2471 meruisti?
716 2404 965 2478 cumin
996 2401 1193 2470 Circo
1231 2402 1510 2470 duorum
1536 2404 1803 2470 medius
1847 2402 2212 2470 Consulum
2259 2403 2543 2469 circum-

332 2509 504 2575 fusae
528 2507 981 2573 multitudinis
1010 2508 1549 2591 expectationem
1590 2508 1960 2573 consularis
1988 2507 2380 2592 triumphali
2413 2506 2544 2572 lar·-

335 2611 587 2695 gitione
635 2610 899 2675 satiasti
918 2609 949 2672 ‘l
1036 2609 1390 2674 Secundus
1423 2608 1697 2673 Boethii
1721 2612 1930 2675 nostri
1959 2609 2397 2675 consulatus
2376 2610 2546 2675 mci-

337 2712 439 2778 dit
480 2714 550 2778 in
604 2732 852 2779 aunum
898 2710 1150 2777 Christi
1185 2728 1320 2776 nx.
1365 2691 1767 2777 Theodorici
1810 2711 2023 2796 Regis
2059 2729 2293 2776 xvul.
2383 2712 2549 2777 Hoc

336 2835 510 2881 anno
540 2814 870 2881 Boethius
923 2814 1179 2886 Consul
1222 2815 1745 2900 praedicamenta
1785 2812 2170 2881 Aristotelis
2215 2833 2552 2879 commen·

335 2920 531 2984 tariis
561 2920 899 2985 illustrare
931 2939 1285 3002 aggressus
1332 2923 1451 2982 est.
1540 2916 1857 2983 Testatur
1899 2916 1969 2980 id
2008 2917 2156 3000 ipse
2206 2915 2401 2982 initio
2443 2917 2552 2981 sui

337 3019 840 3087 Commentarii.
927 3026 949 3057 ‘
979 3020 1174 3100 Etsi:
1216 3019 1459 3104 inquit,
1509 3022 1531 3053 ⁶
1550 3038 1671 3084 nos
1704 3039 1882 3084 curae
1930 3018 2131 3084 officii
2172 3019 2551 3084 consularis

336 3122 718 3205 imPediunt
740 3144 874 3208 quo
905 3125 1123 3188 minus
1154 3124 1220 3188 in
1249 3124 1359 3188 his
1390 3123 1635 3188 studiis
1665 3141 1861 3188 omne
1886 3122 2118 3200 otium,
2150 3122 2553 3207 plenamque

282 3311 285 3314 Ι
344 3243 623 3307 operam
666 3244 1168 3303 consumamuS,
1212 3227 1531 3310 pertinere
1563 3234 1789 3290 tamen
1817 3225 2092 3290 videtur
2130 3226 2217 3291 ad
2261 3226 2554 3309 aliquam

342 3325 773 3411 Reipublicae
800 3347 1053 3406 curam,
1084 3329 1494 3394 elucubratae
1522 3330 1616 3393 rei
1648 3328 1958 3394 doctrina
1976 3331 2166 3395 cives
2186 3329 2556 3409 instruere;

342 3447 461 3493 nec
489 3430 668 3493 male
698 3428 780 3494 de
811 3431 1076 3495 civibus
1106 3432 1275 3496 meis
1303 3453 1561 3497 merear
1610 3433 1695 3512 si,
1737 3453 1907 3497 cum<
1945 3433 2173 3516 prisca
2216 3433 2559 3498 hominum

346 3531 555 3595 virtus
584 3531 846 3594 urbium
879 3537 1248 3597 ceterarum
1295 3535 1367 3598 in
1410 3534 1586 3599 hanc
1636 3554 1839 3599 unam
1884 3534 2402 3619 Rempublicam
2433 3534 2558 3599 im-

345 3633 607 3714 perium
657 3634 1099 3713 transtulerit,
1151 3656 1300 3718 eg0,
1367 3637 1439 3702 id
1492 3640 1736 3703 saltem
1795 3637 1976 3721 quod
2037 3638 2367 3720 reliquum
2435 3642 2562 3713 est,

349 3733 610 3801 Graecae
643 3738 994 3819 sapientiae
1033 3739 1290 3804 artibus
1314 3759 1532 3805 mores
1559 3745 1809 3805 nostrae
1840 3740 2131 3806 civitatis
2161 3741 2559 3804 instruxero.

352 3834 577 3913 Quare
604 3857 686 3902 ne
720 3838 852 3904 hoc
894 3839 1165 3924 quidem
1212 3841 1438 3924 ipsum
1487 3839 1804 3907 Consulis
1849 3849 2049 3907 vacat
2096 3840 2361 3923 officio;
2407 3860 2561 3906 cum

356 3937 649 4005 Romani
700 3943 904 4007 moris
952 3962 1218 4027 semper
1267 3944 1491 4024 fuerit,
1554 3945 1735 4029 quod
1794 3945 2204 4027 ubicumque
2262 3945 2562 4027 gentium

355 4041 862 4123 pulcherrimum
911 4052 1100 4109 esset
1154 4050 1352 4128 atque
1400 4046 1770 4124 laudabile,
1814 4045 1885 4110 id
1938 4045 2157 4129 magis
2204 4065 2285 4110 ac
2334 4045 2564 4127 magis

354 4141 715 4210 imitatione
767 4144 1637 4213 honestare.’Jud1cabat
1699 4147 1876 4212 enim
1935 4147 2377 4230 gravissimus
2441 4148 2563 4223 vir,

358 4261 487 4309 non
514 4266 723 4332 posse
753 4268 794 4315 a
819 4267 892 4314 se
922 4255 1223 4332 tempus,
1249 4250 1434 4334 quod
1465 4271 1506 4315 a
1531 4250 1918 4334 Republica
1936 4268 2221 4314 vacuum
2250 4248 2562 4325 habehat,
