3049 4928
510 390 643 470 244

474 593 477 598 -
507 556 680 620 unde
714 551 1062 619 Catullus¹¹
1089 551 1248 617 licet
1277 553 1347 618 in
1398 553 1607 617 curuli
1654 553 1950 619 Noni-um
1978 552 2363 632 sedentem}
2393 559 2713 619 strumam

510 656 888 741 appellat.¹⁸
912 665 940 691 V
1010 655 1312 720 Videsne
1343 662 1666 741 quantum
1696 655 1989 721 dedecus
2017 657 2218 721 malis
2239 665 2291 708 ¹⁹
2320 656 2715 740 adjiciant²⁰

507 760 914 844 dignitates?
980 757 1198 843 Atqui
1226 759 1452 824 minus
1480 779 1713 824 eorum
1741 761 2001 842 patebit
2030 760 2385 843 indignitas
2411 758 2477 822 'si
2506 757 2710 822 nullis

506 865 875 930 honoribus
904 864 1395 928 inclarescant.¹
1483 863 1589 927 Tu
1622 883 1885 947 quoque
1927 882 2086 926 num
2113 861 2377 927 tandem
2409 867 2507 926 tot
2536 861 2712 946 peri-

1202 402 1508 460 1301?an
1562 401 1608 453 D
1621 402 1660 454 Β
1708 404 2017 457 consol„

571 1070 594 1095 f
627 1063 988 1125 Magius-atam.

1734 1140 1794 1159 ‘O

571 1229 634 1274 18
667 1224 803 1274 Edd.
825 1224 1020 1285 Delph.
1044 1229 1099 1273 et
1123 1222 1294 1272 Hack.
1323 1226 1552 1270 stmmam
1594 1227 1749 1272 tamen
1783 1224 2137 1286 appellat.—19
2172 1222 2320 1271 Malis
2354 1222 2553 1270 dedecus
2590 1219 2708 1269 edd.

506 1291 854 1341 eaedem—20
902 1290 1100 1340 Thuan.
1140 1288 1336 1352 primus
1373 1279 1717 1347 adjiciunt—1
1755 1288 2006 1338 Veteres:
2051 1289 2423 1337 clarescant.-2
2455 1286 2600 1336 vict.
2636 1299 2711 1335 se·

1496 1417 1708 1467 No'rAE

503 1546 640 1590 tates
679 1537 789 1588 sive
810 1537 1143 1601 magistratus
1165 1548 1265 1583 non
1287 1534 1362 1584 ita
1385 1547 1441 1582 se
1473 1533 1565 1582 ha-

502 1617 660 1667 bent:
699 1612 1117 1682 quandoquidem
1142 1612 1434 1662 ‘illustrare
1473 1626 1564 1675 po-

501 1694 604 1760 tius
633 1691 922 1758 nequitiam
961 1691 1150 1754 solent,
1170 1704 1321 1754 quam
1343 1688 1524 1751 fugare
1548 1704 1564 1748 ;

499 1784 605 1834 quo
627 1767 690 1817 fit
732 1776 792 1818 ut
818 1767 1148 1830 indignemur
1170 1780 1259 1814 eas
1300 1776 1442 1834 sfaepe
1474 1778 1563 1812 ne-

502 1844 756 1909 quissimis
794 1843 1072 1905 contigisse
1092 1840 1126 1891 ε’
1158 1841 1293 1890 sicut
1335 1839 1564 1889 Catullus

504 1921 519 1949 ‘
545 1918 810 1983 Nonium,’
834 1925 891 1968 et
924 1918 1034 1981 ipse
1067 1916 1317 1966 Boethius
1351 1913 1366 1941 ‘
1388 1915 1561 1964 Deco-

500 1996 700 2047 ratum'
739 2008 879 2059 aegre
919 1993 1040 2043 tulit
1076 1992 1436 2056 magistratum
1473 2006 1561 2056 ge·

500 2088 634 2123 rere.

563 2156 589 2181 ¹¹
627 2149 762 2197 Unde
788 2146 1027 2209 Catullus]
1061 2145 1229 2196 Poeta
1250 2146 1562 2210 notissimus,

500 2226 609 2292 qui,
635 2225 772 2290 quod
797 2226 850 2272 in
875 2224 1102 2273 versibus
1125 2224 1202 2272 ita
1233 2221 1394 2272 fuerit
1426 2237 1561 2272 mor-

498 2300 621 2365 dax,
637 2308 696 2351 ut
718 2314 784 2350 ne
802 2300 995 2351 Caesari
1013 2299 1221 2365 quidem
1241 2299 1557 2363 pepercerit,

496 2392 601 2428 non
623 2376 884 2428 dubitavit
910 2377 1139 2427 Nonium
1168 2376 1557 2441 Magistratum,

496 2454 626 2519 sive,
641 2462 700 2506 ut
716 2470 852 2504 nunc
868 2453 1078 2519 dicitur,
1095 2458 1110 2484 6
1128 2454 1179 2503 in
1195 2453 1361 2504 curuli
1377 2452 1559 2504 seden-

496 2531 642 2595 tem,'
686 2529 920 2595 ejusdem
967 2529 1260 2594 cognomini
1305 2529 1557 2594 alludens,

497 2607 729 2658 convitio
744 2607 1056 2656 consectari.
1075 2606 1248 2655 Carm.
1263 2609 1346 2654 53.
1387 2605 1404 2632 ‘
1418 2606 1558 2658 Quid

494 2691 600 2748 est,
617 2685 838 2748 Catulle,
856 2682 980 2749 quid
993 2684 1209 2733 moraris
1223 2682 1380 2732 emori
1398 2684 1417 2732 ἓ
1445 2684 1558 2734 Sel-

493 2762 546 2812 la
582 2763 636 2811 in
676 2761 844 2810 curuli
887 2768 1084 2810 struma
1123 2760 1324 2810 Nonius
1371 2760 1554 2810 sedetz

491 2838 602 2889 Per
657 2837 979 2887 consulatum
1038 2838 1244 2901 pejerat
1295 2835 1556 2887 Vatinius.

493 2915 638 2967 Quid
661 2923 759 2979 est,
778 2915 1003 2978 Catulle,
1029 2914 1152 2980 quid
1172 2914 1392 2963 moraris
1416 2928 1555 2964 emo-

493 2993 538 3042 ri
555 2991 593 3042 ?'
852 2989 858 2997 ’

557 3077 580 3102 ⁷
603 3068 739 3120 Licet
774 3070 827 3120 in
860 3070 1014 3118 curuli
1052 3069 1265 3118 Nonium
1300 3069 1556 3131 sedentem,

488 3142 719 3213 ammam
739 3147 968 3211 appellat]
1000 3148 1189 3197 Plures
1225 3146 1310 3197 hic
1348 3153 1556 3210 putant,

491 3224 770 3274 Boethium
816 3225 1084 3289 ignorasse
1146 3232 1393 3274 strumam
1439 3238 1556 3273 esse

489 3305 885 3366 cognomentum
902 3302 1091 3352 Nonii:
1126 3303 1143 3330 6
1163 3300 1414 3351 Boethius
1430 3300 1557 3349 allu-

491 3375 738 3439 cinatur,'
759 3377 926 3441 inquit
948 3378 1208 3442 Josephus
1233 3377 1466 3441 Scaliger
1486 3368 1554 3425 ad

489 3451 774 3516 praedictos
807 3467 985 3502 versus
1022 3454 1237 3516 Catulli,
1268 3454 1284 3481 ‘
1310 3454 1395 3517 qui
1419 3460 1553 3503 stru-

482 3542 627 3576 'mam
643 3541 749 3576 non
770 3541 1055 3592 cognomen
1074 3529 1235 3578 Nonii
1269 3535 1440 3592 putat,
1461 3529 1554 3578 sed

487 3603 814 3654 convitium.’
881 3604 1036 3655 Unde
1079 3605 1404 3654 Sitzmannus
1447 3606 1552 3669 hic,

483 3681 505 3713 ³
529 3680 798 3743 notanda,'
823 3681 915 3746 ait,
956 3685 973 3713 ‘
997 3684 1094 3732 hoc
1118 3683 1234 3731 loco
1253 3681 1553 3746 ἆνιστορησία

490 3757 657 3806 nostri
685 3756 912 3822 Boethii,
945 3758 998 3806 in
1033 3772 1097 3808 eo
1129 3758 1269 3822 quod
1305 3765 1552 3810 strumam

488 3847 594 3882 non
617 3848 903 3896 cognomen
936 3834 1095 3884 Nonii
1118 3840 1268 3898 putat
1287 3835 1318 3883 :²
1348 3841 1404 3885 et
1424 3837 1553 3886 Ber-

487 3909 686 3959 nartius
720 3910 805 3960 hic
838 3924 1060 3975 quoque,
1095 3910 1111 3938 ‘
1140 3909 1437 3973 videamus‚'
1476 3913 1554 3961 in·

488 3985 620 4049 quit,
645 3986 660 4013 ‘
683 4000 749 4035 ne
771 3988 1031 4050 guttulam
1047 3987 1274 4037 hauserit
1290 4002 1321 4037 e
1341 3987 1553 4039 flumine

485 4062 674 4118 Lethes
686 4064 764 4113 vir
774 4064 1060 4116 maximus.'
1079 4063 1224 4113 Idem
1241 4071 1393 4128 putat
1404 4065 1553 4114 Mur·

487 4139 691 4190 melius.
742 4140 819 4190 At
842 4141 1115 4206 Boethius,
1139 4156 1268 4206 pace
1286 4148 1550 4198 tantorum

488 4215 734 4284 virorum,
770 4218 1090 4269 accusandus
1125 4232 1229 4267 non
1253 4225 1336 4266 est
1354 4217 1439 4268 hic
1461 4226 1554 4270 aut

487 4291 793 4356 ignorantiae
807 4304 897 4348 aut
913 4295 1134 4348 erroris:
1161 4294 1396 4360 quamvis
1413 4295 1556 4354 enim

1650 1535 1666 1561 ‘
1688 1534 1907 1584 struma’
1930 1549 2216 1600 cognomen
2232 1533 2393 1583 fuerit
2409 1529 2586 1593 Nonii,
2602 1530 2707 1584 No-

1647 1609 1759 1659 nius
1779 1616 1950 1661 tamen
1986 1627 2017 1662 a
2051 1612 2259 1662 Catullo
2294 1610 2458 1658 instar
2492 1606 2709 1658 convitii

1646 1683 1662 1712 ‘
1675 1694 1869 1736 struma
1883 1686 1898 1711 '
1919 1688 2095 1738 vocari
2113 1687 2300 1752 potuit.
2332 1685 2553 1735 Scilicet
2573 1681 2709 1748 quod

1646 1777 1935 1825 cognomen
1974 1766 2039 1815 ab
2078 1766 2273 1830 aliquo,
2308 1763 2415 1811 sive
2456 1760 2708 1823 corporis,

1646 1836 1754 1886 sive
1799 1842 2006 1904 mentis,
2050 1841 2177 1890 vitio
2228 1838 2538 1899 desumitur,
2580 1835 2707 1885 illud

1646 1921 1823 1977 potest
1858 1917 2018 1966 veluti
2059 1917 2340 1967 convitium
2371 1908 2616 1979 proponi,
2648 1912 2709 1960 iis

1645 1993 1934 2053 praesertim
1956 1993 2139 2058 quibus
2174 1992 2342 2057 primo
2377 1989 2706 2054 impositum:

1644 2074 1704 2117 ut
1726 2068 1773 2119 ei
1797 2070 1883 2133 qui
1909 2070 2130 2133 primum
2152 2070 2326 2119 dictus
2348 2074 2430 2117 est
2450 2067 2657 2117 Servius
2675 2081 2706 2114 a

1643 2159 1809 2204 servo,
1826 2161 1890 2195 un
1909 2148 2119 2205 esclave,·
2140 2147 2361 2212 Spurius
2375 2160 2405 2193 a
2425 2144 2623 2208 spurio,
2644 2158 2707 2193 un

1643 2219 1833 2270 bastard
1848 2238 1868 2281 ‚·
1906 2224 2098 2273 Brutus
2137 2238 2169 2272 a
2206 2223 2379 2285 bruto,
2400 2238 2465 2271 un
2502 2220 2710 2283 stupide,

1643 2311 1929 2362 cognomen
1954 2307 2202 2364 tanquam
2234 2300 2518 2349 convitium
2549 2297 2706 2361 objici

1643 2379 1836 2437 potest.
1863 2375 2029 2426 Immo
2042 2376 2095 2426 id
2110 2376 2426 2442 cognominis
2443 2388 2705 2439 nunquam

1643 2452 1874 2514 reperias
1897 2453 2038 2517 apud
2060 2460 2265 2504 veteres
2298 2453 2562 2503 Romanos
2587 2466 2707 2501 cum

1639 2529 1847 2578 nomine
1880 2543 2075 2594 eorum,
2110 2531 2162 2579 in
2204 2545 2330 2594 quos
2367 2529 2708 2591 invehuntur,

1639 2608 1995 2673 conjunctum,
2018 2610 2115 2660 nisi
2138 2608 2352 2660 convitii
2378 2622 2551 2657 causa.
2617 2607 2705 2657 Sic

1637 2683 1653 2709 6
1677 2683 2038 2749 Marrucinus,’
2069 2700 2170 2750 quo
2204 2684 2509 2748 cognomine
2545 2682 2707 2733 dona·

1638 2767 1725 2810 tur
1770 2762 1976 2813 Asinius
2016 2763 2179 2813 Asinii
2224 2762 2480 2813 Pollionis
2517 2761 2706 2825 frater,

1627 2835 1812 2900 judice
1842 2838 2093 2903 praedicto
2129 2840 2414 2904 Scaligero,
2449 2844 2507 2888 ut
2529 2840 2706 2889 convi-

1636 2916 1765 2965 tium
1783 2918 1953 2969 eidem
1973 2918 2151 2969 Asinio
2172 2917 2422 2982 objicitur
2441 2933 2471 2965 a
2496 2917 2706 2967 Catullo

1637 2992 1809 3044 Carni.
1844 2998 1923 3044 12.
1989 3001 2003 3023 ‘
2027 2994 2328 3044 Marrucine
2366 2993 2514 3042 Asini
2548 3008 2704 3042 manu

1637 3069 1846 3119 sinistra
1905 3070 2025 3121 Non
2076 3071 2214 3121 belle
2273 3071 2438 3121 uteris
2482 3070 2534 3118 in
2575 3068 2704 3133 joco

1637 3152 1798 3209 atque
1819 3147 1972 3220 vino?
2035 3148 2122 3198 Sic
2147 3149 2162 3176 ‘
2188 3147 2489 3212 Superbus,'
2509 3147 2704 3209 cogno-

1636 3236 1752 3271 men
1771 3224 2052 3289 Tarquinii,
2067 3230 2125 3273 ut
2143 3212 2426 3273 convitium
2451 3222 2554 3285 ipsi
2574 3223 2704 3272 Tar-

1636 3298 1813 3365 quinio
1834 3301 2140 3365 proponitur
2172 3315 2203 3349 a
2236 3299 2517 3363 Propertio
2541 3300 2577 3348 l.
2611 3313 2705 3351 ιιι.

1635 3376 1784 3441 Eleg.
1827 3380 1906 3426 10.
1988 3376 2005 3404 6
2047 3375 2187 3427 Quid
2239 3390 2378 3424 nunc
2429 3374 2706 3438 Tarquinii

1635 3450 1829 3502 fractas
1856 3452 2013 3516 juvat
2049 3466 2163 3502 esse
2194 3466 2424 3512 secures,
2476 3450 2699 3501 Nomine

1636 3543 1789 3593 quem
1808 3529 1962 3578 simili
1981 3529 2088 3579 vita
2106 3528 2335 3593 superba
2357 3534 2505 3578 notat
2519 3527 2564 3577 ?’
2599 3528 2698 3579 At-

1636 3605 1725 3669 qui
1750 3605 1765 3632 ‘
1783 3603 2004 3654 struma’
2028 3619 2317 3669 cognomen
2333 3612 2417 3654 est
2438 3605 2620 3669 Nonii,
2643 3613 2700 3656 et

1636 3681 1842 3745 quidem
1859 3682 1960 3745 ipsi
1983 3682 2150 3745 primo
2182 3682 2378 3744 datum,
2415 3682 2554 3747 quod
2576 3693 2697 3747 cog·

1636 3771 1819 3807 nomen
1852 3774 1918 3809 ex
1953 3758 2083 3808 vitio
2106 3759 2357 3821 corporis,
2376 3759 2588 3808 strumis
2624 3760 2698 3807 vi-

1633 3832 1841 3899 delicet,
1877 3834 2090 3885 Gallice
2120 3837 2201 3884 des
2234 3836 2524 3898 escrouelles,
2546 3836 2698 3885 desu-

1630 3914 1807 3963 mitur.
1872 3911 2028 3962 Adde
2046 3911 2182 3976 quod
2200 3912 2265 3961 ad
2289 3918 2531 3975 strumas,
2545 3912 2697 3976 hujus

1632 3990 1951 4055 cognominis
1973 3990 2244 4053 originem,
2276 4004 2340 4038 eo
2374 3990 2546 4054 potius
2576 3991 2699 4039 auu-

1632 4069 1759 4118 dere
1782 4068 1919 4117 visus
1941 4072 2025 4116 est
2058 4066 2315 4128 Catullus,
2349 4065 2487 4131 quod
2525 4066 2695 4116 Nonio

1634 4143 1858 4194 Praetori
1891 4143 1944 4190 in
1974 4141 2232 4206 praedicto
2257 4142 2501 4191 Carmine
2525 4142 2700 4192 Catul-

1630 4224 1713 4271 lus
1755 4221 2045 4284 conjungat
2090 4219 2355 4269 Vatinium
2399 4219 2696 4278 Consulem,

1630 4297 1738 4362 qui,
1758 4296 1899 4362 quod
1930 4295 2137 4347 strumis
2166 4295 2448 4359 laboraret,
2480 4296 2546 4346 ab
2578 4295 2692 4359 ejus
