3049 4928
1005 447 1522 499 panosopmla
1574 449 1719 497 ma.
1767 450 1845 497 11.
2380 432 2512 498 217

568 591 737 658 Late
764 596 1074 675 patentes
1102 591 1364 659 aetheris
1391 600 1622 658 cernat
1649 592 1948 677 plagas,¹¹

661 693 1069 778 Aratumque
1099 707 1416 762 terrarum
1448 697 1649 765 situm
1672 705 1737 761 :v

576 795 858 862 Brevem
886 797 1140 881 replere
1169 809 1301 862 non
1330 798 1617 866 valentis
1646 798 1963 864 ambitum
2469 798 2514 861 5

654 894 946 964 Pudebit
973 900 1153 965 aucti
1175 900 1480 964 nominis.

566 997 747 1079 Quid
778 1020 821 1065 o
853 1001 1128 1085 superbi
1158 1001 1336 1066 colla
1367 1003 1632 1068 mortali
1653 1002 1821 1087 jugo

654 1102 934 1169 Frustra
961 1104 1186 1169 levare
1204 1112 1241 1139 W
1286 1106 1584 1188 gestiunt
1599 1106 1630 1168 ‘l

564 1204 761 1271 Licet
789 1213 1084 1272 remotos
1113 1204 1298 1273 fama
1327 1228 1450 1293 per
1482 1208 1772 1294 populos
1803 1226 2036 1275 means

652 1309 922 1375 Diffusa
947 1310 1213 1393 linguas
1242 1311 1594 1396 explicet,¹

564 1409 654 1476 Et
680 1431 929 1495 magua
957 1412 1175 1478 titulis
1205 1412 1508 1496 fulgeaty
1555 1414 1756 1479 claris
1785 1413 2044 1492 domuS,

649 1512 842 1580 Mors
868 1516 1125 1600 spernit
1156 1517 1358 1583 altam
1391 1517 1697 1600 gloriam.
1717 1526 1740 1553 ⁸

2424 1309 2510 1380 1ss

309 1721 426 1758 nm
443 1708 642 1768 bonitum·
672 1710 719 1760 is
737 1711 998 1764 concideret
1018 1713 1128 1764 hinc
1145 1714 1331 1778 quidem
1359 1717 1518 1779 spatia
1546 1715 1652 1765 coeli
1678 1714 1896 1777 ingentia
1908 1730 1929 1773 ,·
1959 1715 2069 1764 inde
2099 1728 2208 1764 vero
2228 1711 2506 1777 positionem

310 1776 444 1822 teme
460 1782 729 1836 angustum,
751 1781 880 1827 certe
893 1781 1089 1828 eundem
1104 1781 1296 1843 pudebit
1320 1781 1523 1830 rumoris
1543 1781 1764 1845 dispersi,
1779 1781 1858 1843 qui
1875 1795 1964 1830 uon
1982 1783 2137 1842 potest
2153 1792 2373 1842 occupare
2392 1792 2507 1839 par·

306 1851 405 1911 oum
446 1841 927 1904 circumscriptionem
963 1847 1216 1894 terrarum.
1297 1837 1469 1896 Prota!
1518 1861 1665 1908 quare
1706 1845 1915 1894 homines
1966 1850 2245 1906 arrogantes
2285 1841 2501 1891 ambiunt

302 1915 529 1952 incassum
550 1904 750 1955 liberare
766 1921 934 1970 corpus
947 1922 1081 1956 suum
1101 1924 1130 1957 a
1149 1908 1382 1959 servitute
1396 1909 1600 1960 mortis?
1671 1911 1898 1967 Quamvis
1904 1909 2045 1969 sumu
2071 1909 2274 1972 undique
2290 1909 2502 1971 dispersa

298 1980 381 2027 per
412 1974 584 2029 gentes
619 1971 812 2020 dissitus
844 1973 1049 2035 explicet
1070 1973 1260 2035 linguas
1280 1976 1486 2024 omnium
1506 1976 1710 2025 istarum
1727 1975 1961 2037 gentium,
1991 1973 2281 2036 grandisque
2305 1971 2503 2032 familia

300 2033 536 2092 cpkndeat
562 2035 827 2085 illustribus
845 2037 1115 2102 honoribus,
1134 2053 1262 2088 mors
1291 2043 1448 2091 tomen
1474 2041 1643 2090 temnit
1662 2041 1782 2090 hunc
1795 2054 2023 2089 summam
2038 2039 2245 2100 gloriam
2258 2054 2277 2089 .-
2299 2035 2511 2087 includit

1288 2154 1338 2204 N
1347 2152 1510 2207 OTAE

362 2254 384 2280 ¹³
402 2247 527 2297 Late
542 2253 762 2311 potentes
781 2250 974 2300 etheris
988 2256 1152 2302 cernat
1172 2253 1362 2317 plagas]

299 2323 459 2373 Tanta
484 2330 570 2373 est
601 2325 811 2375 etheris
846 2327 957 2377 sive
984 2327 1103 2378 coeli
1133 2329 1362 2395 undique

299 2399 468 2450 diffusi
493 2401 814 2467 magnitudo,
846 2403 982 2454 hanc
1022 2411 1081 2454 ut
1117 2405 1362 2471 imagina-

299 2479 440 2527 tione
475 2479 680 2544 assequi
718 2495 818 2529 non
859 2481 1134 2545 possimus,
1168 2498 1268 2548 quo
1299 2482 1363 2533 fit

297 2560 355 2603 ut
392 2554 583 2604 coelum
621 2569 652 2604 a
690 2555 1000 2620 quibusdam
1029 2558 1359 2623 Philosophia

294 2645 393 2680 non
432 2631 692 2681 infinitum
731 2631 960 2698 quidem,
992 2635 1081 2684 sed
1120 2634 1358 2685 indefini-

200 2765 204 2769 ⁴
295 2715 401 2761 tum
450 2717 702 2761 vocetur:
736 2710 836 2762 hoc
876 2720 976 2776 est,
1010 2713 1166 2764 latius
1205 2713 1357 2764 diffu-

293 2801 418 2850 sum,
451 2802 605 2852 quam
631 2794 691 2838 ut
713 2803 857 2838 mens
879 2797 1057 2840 nostra
1083 2790 1360 2855 imaginan-

290 2863 359 2914 do
380 2865 514 2916 illud
554 2867 716 2931 possit
753 2867 989 2918 definire.
1060 2867 1202 2919 Hinc
1224 2870 1358 2919 coslo

289 2945 544 2994 attentius
587 2945 935 3008 considerato,
965 2947 1117 2996 homo
1158 2946 1357 3011 poterit

290 3034 395 3070 suae
432 3020 752 3071 infirmitatis
775 3022 1030 3086 convinci,
1062 3025 1284 3074 maxime
1311 3024 1356 3073 si

288 3109 406 3147 cum
449 3098 584 3148 coelo
630 3098 792 3149 veluti
828 3099 1078 3149 immenso
1116 3099 1357 3153 conferat

224 3180 227 3187 s
287 3174 548 3239 exiguam,
581 3175 729 3240 cujus
763 3175 850 3225 ille
891 3175 959 3226 sit
994 3177 1205 3226 minima
1236 3192 1356 3242 por·

289 3251 380 3315 tio,
414 3258 631 3314 terram,
662 3253 771 3302 sive

347 3334 370 3358 v
424 3326 725 3392 Arc-tumque
769 3332 1007 3379 terrorum
1044 3329 1212 3393 situm]
1275 3331 1354 3381 Ut

286 3402 423 3452 enim
454 3404 666 3468 integer
698 3410 858 3455 terrae
888 3413 944 3454 et
982 3419 1128 3470 aquai
1166 3405 1352 3468 globus

285 3493 404 3529 cum
442 3479 577 3530 coelo
613 3480 836 3531 collatus
878 3482 1129 3531 rationem
1169 3483 1355 3546 puncti

283 3554 465 3618 habet,
499 3556 934 3620 quemadmodum
979 3557 1229 3621 diximus3
1278 3557 1354 3608 sic

284 3637 444 3682 terrae
480 3631 778 3684 habitabilis
815 3633 1008 3696 portio,
1040 3634 1092 3682 in
1125 3648 1228 3698 qua
1250 3633 1354 3698 pri·

283 3708 393 3757 vati
434 3707 657 3771 alicujus
691 3709 909 3760 hominis
931 3709 1121 3760 merita
1140 3724 1355 3773 cognos-

283 3791 476 3835 cantur
516 3784 903 3855 laudenturque
941 3786 1006 3835 ab
1042 3785 1352 3848 homiuibus,

284 3868 592 3927 comparata
647 3877 767 3913 cnm
826 3862 1033 3927 reliquo
1097 3870 1351 3912 terrarum

282 3939 432 4002 orbe,
451 3939 508 3988 in
533 3954 636 4004 quo
659 3940 799 3990 idem
818 3940 968 3990 homo
990 3955 1088 3990 nec
1111 3943 1357 4004 cognosci

281 4031 383 4067 nec
445 4017 644 4067 laudari
713 4025 906 4082 potest,
954 4019 1198 4082 exiguum
1272 4025 1351 4068 est

281 4094 469 4158 puncti
507 4094 642 4143 illius
683 4103 964 4158 puuctum:
1012 4110 1176 4160 quare
1212 4095 1351 4145 hunc

279 4170 543 4220 bominem
569 4177 678 4220 tum
710 4172 726 4198 ‘
748 4170 971 4235 pudebit
1007 4171 1151 4223 aucti
1187 4171 1352 4219 nomi·

281 4246 384 4310 uis,
418 4251 435 4274 ‘
456 4247 594 4311 quod
631 4245 831 4296 tamen'
858 4260 959 4295 non
984 4246 1122 4295 valet
1148 4246 1352 4309 replere

282 4323 493 4374 brevem
530 4323 817 4385 ambitum.’
877 4323 964 4373 Sic
997 4320 1349 4377 Alexandrum

1440 2252 1692 2318 Magnum
1715 2251 1901 2316 puduit
1922 2267 1988 2304 ex
2008 2250 2231 2312 mundis,
2252 2262 2380 2314 quos
2408 2262 2513 2313 pu-.

1442 2332 1578 2382 tavit
1599 2332 2021 2394 innumerabiles,
2054 2345 2122 2383 ne
2157 2328 2367 2382 unicum
2388 2326 2506 2392 qui-2

1441 2407 1561 2460 dem
1580 2408 1864 2473 subegisse.

1505 2493 1540 2519 w
1573 2486 1776 2551 Superbi
1792 2487 1915 2536 colla
1934 2485 2125 2536 mortali
2146 2481 2504 2546 Jugo...1eoure]

1442 2562 1903 2613 Immortalitatem
1937 2562 2016 2612 sui
2053 2561 2272 2611 nominis
2311 2558 2411 2609 sibi
2446 2558 2502 2606 in

1440 2638 1593 2687 terris
1612 2651 1942 2701 comparare:
1964 2638 2061 2686 hoc
2074 2636 2208 2685 enim
2226 2633 2507 2695 desiderio,

1441 2720 1501 2763 ut
1523 2712 1719 2762 dictum
1739 2719 1841 2774 est,
1863 2718 2105 2763 tenentur
2123 2712 2217 2774 illi,
2236 2711 2325 2776 qui
2345 2707 2500 2757 famae

1438 2788 1577 2852 apud
1600 2794 1832 2852 posteros
1852 2786 2182 2852 acquirendae
2205 2785 2436 2834 student.

1504 2872 1531 2898 ⁸
1565 2866 1718 2916 Fumo
1750 2879 1838 2930 per
1868 2866 2062 2930 populos
2094 2864 2501 2924 means...liuguos

1437 2943 1663 3008 explicet]
1691 2945 1849 2994 Fama
1869 2941 2051 2993 Poetis
2072 2941 2288 3005 fingitur
2307 2938 2504 2989 habere

1436 3023 1692 3072 rationem
1740 3035 1994 3085 personae,
2040 3034 2158 3084 quae
2197 3017 2383 3083 pennis
2422 3017 2501 3066 in-

1434 3106 1635 3149 structa
1681 3113 1776 3162 per
1810 3099 1926 3148 loca
1967 3096 2123 3146 etiam
2158 3093 2500 3144 remotissima

1435 3176 1687 3226 citissime
1710 3174 1931 3235 feratur,
1966 3178 2022 3222 et
2054 3171 2238 3221 solutis
2272 3185 2362 3219 ore
2401 3170 2500 3219 lin·

1435 3267 1635 3318 guaque
1677 3252 1876 3317 populi,
1904 3251 2039 3300 hunc
2081 3248 2148 3299 ad
2187 3246 2498 3312 loquendum

1435 3330 1653 3380 excitet.
1712 3329 1863 3392 Virg.
1885 3327 2000 3377 AEn.
2027 3341 2067 3376 1.
2092 3341 2169 3377 vs.
2190 3329 2305 3376 461.
2341 3326 2357 3353 ‘
2375 3325 2498 3373 Bel-

1434 3409 1709 3475 laquejam
1733 3407 1870 3458 fama
1891 3412 2055 3457 totum
2072 3406 2281 3470 vulgata
2303 3418 2399 3468 per
2420 3418 2502 3453 or-

1433 3483 1593 3534 bem!

1497 3569 1521 3604 5
1560 3560 1960 3624 Nulisfulgeat]
1977 3561 2182 3611 Titulus
2204 3559 2340 3610 idem
2358 3557 2498 3623 quod

1435 3636 1624 3686 honor:
1674 3637 1839 3686 oritur
1873 3637 2009 3685 enim
2055 3650 2086 3684 a
2124 3635 2314 3685 Graeco
2350 3632 2496 3692 τιτὸς,

1434 3712 1535 3762 hoc
1551 3711 1646 3762 ἀπὸ
1663 3711 1752 3765 τοῦ
1766 3710 1900 3773 τίειν,
1914 3711 2191 3760 honoraret
2217 3708 2353 3758 unde
2364 3707 2496 3770 τιμὴ,

1433 3789 1613 3839 honor.
1701 3789 1842 3839 Hinc
1885 3794 2182 3849 stemmata,
2229 3786 2497 3849 imagines,

1435 3872 1528 3916 aut
1548 3879 1887 3930 quaecumque
1921 3864 2020 3913 alia
2054 3864 2307 3913 honorum
2328 3862 2496 3926 signa,

1436 3943 1578 3993 tituli
1637 3943 1808 3992 solent
1866 3940 2137 4006 appellari.
2225 3939 2496 3989 Claudiau.

1435 4019 1609 4069 Carm.
1635 4032 1805 4077 xxvr.
1843 4032 1920 4069 vs.
1946 4020 2057 4067 144.
2103 4016 2122 4045 ‘
2154 4017 2224 4066 Et
2260 4015 2494 4079 duplices

1432 4097 1608 4161 signat
1630 4096 1812 4147 titulos
1830 4107 2103 4146 commuue
2122 4089 2413 4154 tropaeum(

1494 4181 1515 4213 ἓ
1551 4173 1687 4231 Mors
1719 4172 1900 4236 spernit
1938 4171 2084 4219 ultam
2124 4168 2348 4231 gloriam,
2382 4165 2491 4229 mu]

1432 4248 1570 4297 Nam
1604 4251 1620 4278 ‘
1648 4255 1901 4298 statutum
1924 4254 2006 4296 est
2027 4244 2311 4296 hominibus
2332 4244 2493 4297 semel

1431 4323 1597 4390 mori‚’
1654 4323 1718 4381 ad
1768 4321 1935 4379 Hebr.
1981 4326 2030 4378 9,
2103 4317 2354 4374 Horatius
2393 4318 2428 4381 ,¹-
2451 4331 2493 4373 1.
