3049 4928
969 380 1489 431 pntnosoPmAE
1541 381 1688 430 ms.
1738 378 1848 428 111.
2385 365 2514 430 301

319 533 592 619 pulchra
646 530 962 617 quaedam
1022 529 1327 596 veritatis
1384 529 1680 594 scintilla
1738 527 2085 593 dissiliet!

322 657 540 721 quam,
572 636 938 701 arbitratu!
1027 635 1272 712 Deum,
1315 635 1553 719 inquit,
1606 653 1755 698 esse
1806 632 2102 698 omnium
2134 637 2521 715 potentem!

317 760 509 805 nemo
541 738 965 805 dubitaverit.
1056 737 1200 817 Qui
1227 737 1524 821 quidem,
1571 737 1874 820 inquam,
1928 740 2144 800 mente
2174 736 2522 812 consistat,

318 845 540 913 nullus
572 861 848 927 prorsus
880 841 1214 925 ambigat.³¹¹
1236 849 1286 879 ¹²
1382 841 1519 920 Qui
1567 860 1722 906 vero
1761 844 1886 917 est,
1939 839 2185 924 inquit,
2228 838 2523 903 omnium

319 953 585 1030 potenS,
634 946 803 1011 nihil
859 951 965 1012 est
1023 945 1208 1030 quod
1262 945 1376 1009 ille
1430 963 1564 1008 non
1620 944 1869 1028 possit.
1960 941 2178 1020 Nihil,
2230 943 2522 1025 inquam.

323 1051 509 1116 Num
536 1052 738 1134 igitur
768 1050 961 1115 Deus
986 1049 1206 1116 facere
1235 1049 1481 1114 malum
1521 1049 1793 1131 potest?
1886 1046 2193 1124 Minime,
2225 1045 2522 1128 inquam.

324 1154 588 1221 Malum
616 1154 837 1237 igitur,
869 1153 1102 1238 inquit,
1134 1153 1292 1217 nihil
1326 1151 1487 1230 est,¹’
1533 1172 1689 1216 cum
1720 1150 1788 1215 id
1819 1149 2044 1214 facere
2072 1149 2184 1213 ille
2207 1168 2339 1213 non
2367 1148 2529 1232 pos-

322 1258 415 1322 sit
444 1257 567 1341 qui
596 1257 761 1321 nihil
789 1275 927 1320 non
953 1259 1195 1340 potest.
1289 1255 1620 1332 Ludisne,
1665 1254 1961 1336 inquam,
1990 1272 2122 1329 me,
2169 1252 2530 1317 inextrica-

321 1361 529 1425 bilem
559 1360 725 1424 mihi
750 1359 1199 1445 labyrinthum
1222 1368 1245 1396 ⁰
1288 1357 1670 1424 rationibus
1700 1355 1985 1422 texens'l
2014 1373 2146 1437 quo
2173 1373 2349 1418 nunc
2382 1353 2532 1436 qui-

2186 528 2363 606 Tu0,
2414 528 2517 594 in·-

391 1559 426 1585 ··
462 1552 605 1602 Velut
621 1567 683 1602 ex
714 1557 875 1601 mutuo
890 1562 1130 1616 corporum
1152 1553 1395 1605 duriorum
1415 1551 1609 1602 attritu.

1738 1557 1766 1581 ³
1804 1551 1870 1600 Ue
1895 1549 2117 1600 volueris.
2231 1557 2275 1624 ⁴⁹
2311 1548 2537 1612 Omm‘po·

320 1623 514 1669 tentem.
638 1626 663 1652 ²
695 1618 809 1667 Hac
826 1619 885 1667 de
903 1633 955 1667 re
975 1633 1105 1668 nemo
1126 1623 1281 1668 mente
1301 1616 1532 1682 proeditus
1552 1613 1806 1666 dubitabit.

327 1835 383 1880 et
407 1835 631 1896 uterque
654 1830 797 1880 Vict.
832 1830 1215 1894 &spania—12
1248 1830 1355 1881 Ms.
1376 1830 1634 1905 Rittersh.
1659 1826 2011 1891 ambigie.—13
2044 1828 2061 1858 ‘
2079 1823 2326 1878 Literulae
2359 1827 2540 1878 vitium

1324 1961 1546 2015 NOTAE

326 2056 561 2109 homines
592 2053 753 2108 fuisse
786 2059 851 2110 ab
886 2057 1023 2110 irata
1059 2061 1244 2110 tellure
1277 2075 1397 2124 pro·
1479 2061 1756 2128 Deus,qui
1789 2060 1873 2112 hic
1907 2058 2102 2111 dicitur
2132 2074 2277 2109 mens
2313 2060 2547 2124 omnipo·

329 2142 538 2187 creatos
569 2135 625 2184 in
657 2138 890 2186 Deorum
929 2137 1241 2201 perniciem3
1277 2136 1398 2187 hinc
1483 2144 1620 2201 tens,
1639 2138 1828 2187 malum
1852 2137 2025 2187 faeere
2051 2151 2151 2186 non
2184 2137 2368 2200 possit.
2437 2137 2552 2186 Sci-

328 2229 392 2264 eo
432 2228 596 2278 usque
625 2215 854 2264 crevisse
891 2214 1155 2277 feruntur,
1183 2220 1243 2264 ut
1282 2228 1402 2264 con·
1479 2213 1611 2263 licet
1643 2213 1972 2278 Philosophis
2012 2213 2354 2278 distinguitur
2389 2212 2553 2263 mate·

332 2290 495 2357 gestis
540 2289 802 2358 montibus
839 2290 1027 2340 coelum
1067 2291 1223 2340 armis
1259 2291 1401 2341 iuva·
1482 2290 1561 2339 ria
1582 2296 1638 2340 et
1660 2288 1830 2342 forma
1861 2291 2002 2340 mali.
2069 2291 2301 2340 Materia
2330 2295 2411 2339 est
2433 2290 2550 2354 ipsa

332 2366 459 2416 dere
484 2367 823 2430 tentaverint,
845 2369 1134 2434 Jovemque
1159 2376 1216 2418 et
1238 2369 1403 2433 Supe-
1482 2368 1723 2416 voluntas
1774 2369 1885 2418 sive
1942 2367 2116 2431 potius
2160 2382 2305 2417 mens
2349 2366 2552 2427 volens,

331 2456 414 2493 ros
438 2442 507 2492 de
540 2443 646 2493 suis
683 2443 895 2494 sedibus
935 2443 1233 2497 deturbare.
1298 2445 1403 2496 Sed
1485 2458 1603 2509 quae
1647 2449 1790 2495 certe
1831 2444 2025 2509 aliquid
2057 2448 2173 2494 est:
2211 2442 2376 2492 forma
2411 2456 2555 2504 vero,

335 2521 552 2583 addunt,
569 2520 663 2569 hes
680 2521 734 2569 in
756 2522 951 2586 eampis
977 2522 1262 2585 Phlegraeis
1285 2537 1403 2572 cum
1485 2522 1564 2570 uti
1587 2521 1882 2585 loquuntur,
1906 2526 1989 2570 est
2012 2522 2235 2585 privatio
2272 2521 2381 2569 sive
2404 2530 2556 2581 nega-

337 2597 458 2647 Diis
476 2610 783 2659 congressos
800 2597 986 2660 partim
1004 2598 1152 2648 Jovis
1170 2597 1405 2660 fulmine,

339 2673 531 2737 partim
555 2672 813 2736 Apollinis
845 2680 902 2722 et
923 2674 1111 2723 Dianae
1148 2674 1265 2722 telis
1287 2688 1408 2723 con.-

337 2748 471 2798 fixos
519 2748 795 2811 cecidisse,
838 2750 1067 2815 aliosque
1111 2749 1208 2800 sub
1252 2745 1410 2799 AEtna

341 2832 538 2890 monte,
557 2826 687 2874 alios
705 2825 802 2875 sub
818 2827 1047 2890 Mycone
1068 2834 1122 2877 et
1140 2828 1412 2892 Lycopara

342 2905 524 2954 insulis
544 2906 776 2968 sepultos
794 2921 906 2955 esse
925 2923 938 2957 ς
964 2908 1233 2957 nonnullos
1251 2906 1409 2957 etiam

343 2980 397 3029 in
419 2982 695 3029 Tartarum
729 2980 967 3031 detrusos
1000 2983 1280 3047 impietatis
1304 2997 1410 3032 suae

346 3056 703 3120 poenasluere.
740 3056 895 3109 Ovid.
913 3074 952 3109 ι.
968 3060 1189 3110 Metam.
1222 3062 1237 3089 ‘
1264 3059 1413 3109 Neve

346 3133 486 3184 foret
529 3134 684 3183 terris
728 3136 960 3186 securior
1003 3138 1195 3201 arduus
1234 3139 1417 3200 aether,

348 3207 643 3260 Affectasse
690 3210 873 3263 ferunt
930 3228 1146 3277 regnum
1202 3215 1415 3265 coeleste

350 3288 631 3353 Gigantes,
665 3289 893 3353 Altaque
934 3297 1208 3354 congestos
1248 3298 1417 3341 strux-

350 3366 450 3415 isse
475 3366 543 3413 ad
565 3365 742 3415 sidera
773 3365 1010 3430 montes‚'
1040 3370 1140 3417 διο..
1206 3366 1342 3416 Vide
1375 3368 1416 3417 si

352 3442 532 3505 placet
596 3441 871 3491 Claudiani
940 3440 1420 3507 Gi‘gantornachiam

352 3533 468 3567 cum
496 3517 651 3567 Notis
677 3519 959 3568 doctissimi
987 3519 1293 3583 Pyrrhonis,
1318 3521 1424 3584 qui,

352 3603 414 3646 ut
452 3597 504 3646 in
546 3596 782 3646 omnibus
822 3597 1060 3660 ingenuis
1096 3597 1318 3658 artibus,
1346 3599 1423 3646 sie

355 3673 406 3726 in
429 3676 649 3726 poetica
668 3676 746 3728 ita
768 3684 1000 3726 versatus
1018 3682 1122 3736 est,
1139 3682 1200 3725 ut
1220 3675 1285 3725 de
1299 3690 1425 3741 qua-

356 3769 576 3821 cumque
602 3768 659 3803 re
682 3760 806 3804 nata
827 3760 933 3804 tam
957 3754 1144 3804 stricta
1166 3769 1317 3820 quam
1342 3768 1423 3803 so-

355 3831 470 3880 luta
501 3831 740 3880 oratione
776 3830 952 3880 dicere
988 3838 1199 3895 semper
1232 3831 1300 3879 sit
1333 3845 1423 3894 pa-

357 3907 673 3969 ratissimum
731 3906 1063 3972 dignissimus
1126 3912 1427 3972 propterea,

360 3985 462 4047 cui,
498 3985 565 4033 ad
603 4000 751 4034 usum
795 3985 1123 4034 Serenissimi
1155 3985 1425 4049 Delphini,

362 4074 486 4110 cura
503 4061 806 4126 explicandi
825 4061 1092 4112 Claudiani
1114 4061 1268 4112 fuerit
1290 4078 1428 4113 com-

364 4136 535 4187 missa.

429 4212 451 4245 ὓ
489 4214 672 4264 Malum
701 4251 713 4265 .
740 4249 753 4263 .
777 4245 792 4262 .
814 4215 934 4264 nihil
955 4216 1050 4280 est]
1083 4229 1170 4266 111.
1193 4215 1428 4265 Philoso-

367 4290 486 4353 phia
524 4290 693 4355 addit,
732 4293 916 4344 malum
959 4292 1083 4342 nihil
1122 4308 1257 4358 esse,
1289 4291 1428 4359 quod

1489 2597 1599 2657 tio;
1629 2598 1725 2646 hoc
1749 2605 1849 2661 est,
1873 2598 1986 2661 ipsa
2011 2598 2270 2658 voluntas,
2294 2604 2554 2661 quatenus

1489 2688 1591 2722 non
1624 2674 1793 2736 tendit
1816 2674 1880 2724 ad
1906 2676 2095 2737 Deum,
2117 2674 2182 2723 ad
2219 2689 2371 2740 quern
2394 2672 2557 2722 debet

1492 2749 1727 2801 tendere.
1808 2751 1824 2778 ‘
1872 2751 2043 2801 Nemo
2089 2750 2250 2815 ergo,’
2288 2751 2457 2814 inquit
2499 2750 2557 2799 S.

1492 2828 1631 2891 Aug.
1646 2828 1681 2876 l.
1700 2841 1803 2879 ΧΠ.
1821 2828 1889 2877 de
1906 2828 2019 2878 Civ.
2039 2831 2109 2880 D.
2124 2844 2244 2892 cap.
2262 2833 2311 2878 7.
2329 2831 2342 2856 ‘
2359 2834 2560 2893 quaerat

1493 2902 1807 2953 efficientem
1841 2919 2049 2953 causam
2083 2903 2232 2954 malae
2255 2905 2558 2953 voluntatis·

1495 2981 1615 3032 Non
1641 2981 1777 3030 enirn
1797 2988 1878 3031 est
1900 2980 2150 3044 efficiens,
2172 2982 2263 3031 sed
2279 2981 2555 3031 deficiens:

1496 3060 1620 3124 quia
1643 3073 1738 3108 nec
1758 3059 1847 3108 illa
1864 3056 2076 3109 effectio
2095 3066 2175 3109 est
2191 3060 2281 3109 sed
2297 3057 2524 3108 defectio
2544 3076 2558 3109 z

1498 3135 1726 3185 deficere
1767 3150 1986 3201 namque
2032 3135 2098 3186 ab
2141 3150 2207 3185 eo
2250 3135 2387 3200 quod
2426 3149 2563 3183 sum-

1497 3226 1581 3262 me
1604 3218 1704 3275 est,
1729 3211 1793 3261 ad
1816 3214 1870 3262 id
1894 3212 2030 3277 quod
2053 3213 2220 3262 minus
2243 3220 2339 3276 est,
2358 3213 2455 3261 hoc
2481 3218 2565 3261 est

1498 3290 1732 3354 incipere
1771 3290 1962 3339 habere
2006 3290 2328 3340 voluntatem
2361 3290 2565 3339 malam.

1501 3367 1696 3417 Causas
1741 3382 1897 3430 porro
1934 3366 2288 3417 defectionum
2332 3368 2565 3428 istarum,

1503 3459 1621 3494 cum
1644 3441 1932 3494 efficientes
1963 3460 2067 3495 non
2096 3446 2218 3507 sint,
2241 3455 2298 3495 ut
2318 3445 2448 3508 dixi,
2471 3445 2566 3494 sed

1504 3519 1833 3583 deficientes,
1869 3521 2005 3570 velle
2048 3523 2299 3585 invenire,
2337 3524 2441 3572 tale
2486 3528 2568 3571 est

1506 3612 1567 3647 ac
1591 3598 1633 3647 si
1666 3599 1922 3663 quispiam
1955 3600 2083 3649 velit
2113 3600 2289 3650 videre
2326 3599 2567 3649 tenebras

1506 3675 1592 3723 vel
1616 3674 1795 3723 audire
1817 3675 2121 3725 silentium!

1569 3757 1591 3783 ⁰
1622 3750 2008 3801 Inetctricabilem
2047 3752 2394 3818 labyrinthum]
2429 3755 2444 3781 ‘
2471 3755 2568 3803 La-

1507 3827 1810 3893 byrinthus'
1847 3830 1992 3880 locus
2035 3837 2116 3880 est
2164 3830 2322 3880 tantis
2374 3830 2579 3880 viarum

1506 3906 1809 3970 ambagibus
1848 3905 2089 3969 inflexus,
2120 3914 2198 3969 ut,
2234 3908 2400 3956 altera
2438 3907 2572 3954 alte·

1506 3997 1617 4032 ram
1652 3983 1970 4048 excipiente,
1990 3984 2245 4047 ingressus
2279 3982 2456 4048 egredi
2480 3997 2570 4031 ne-

1510 4061 1678 4110 scias:
1716 4059 1852 4110 unde
1881 4067 2092 4110 vocatur
2127 4062 2143 4090 ‘
2167 4059 2574 4121 inextricabilis,'

1510 4137 1650 4203 quod
1697 4138 1750 4187 in
1797 4153 1914 4187 eum
1960 4137 2004 4187 si
2067 4138 2179 4202 quis
2238 4138 2575 4201 improperet,

1510 4217 1637 4266 'sine’
1678 4216 1907 4280 glomere
1954 4215 2045 4264 lini
2088 4215 2283 4264 exitum
2338 4214 2575 4263 invenire

1512 4300 1759 4359 nequeat.
1844 4290 2192 4342 similitudine
2237 4295 2409 4340 autem
2455 4290 2573 4339 hinc
