3049 4928
1248 418 1334 465 Bo
1346 415 1556 467 E'rml
1612 420 1708 468 DE
1757 421 1990 474 CONSO
2002 424 2063 474 L.

950 587 953 588 f
989 559 1195 626 Nunc
1228 562 1473 629 desidit
1499 573 1552 616 ¹⁹
1594 565 1664 630 in
1695 566 1959 650 infima3

983 663 1156 728 Tum
1189 684 1342 731 sese
1372 667 1658 733 referens
1690 671 1842 750 sibi,

983 765 1185 832 Veris
1215 768 1395 833 falsa
1423 772 1809 855 redarguit?

2666 776 2751 841 25

987 869 1166 935 Haec
1197 876 1306 935 est
1332 870 1623 938 efficiens
1654 876 1870 958 magis
1888 884 1912 912 ⁶

985 973 1216 1055 Longe
1248 993 1457 1039 causa
1484 975 1852 1060 potentior,

986 1074 1210 1154 Quam
1242 1098 1391 1160 quae
1423 1080 1729 1144 materiae
1761 1077 1962 1144 modo

984 1178 1363 1264 Impressas
1395 1182 1649 1265 patitur
1674 1189 1897 1248 notas.

984 1279 1322 1348 Praecedit
1351 1290 1580 1349 tamen
1611 1286 1948 1363 excitanS,

981 1382 1089 1449 Ac
1116 1387 1293 1451 vires
1324 1388 1531 1453 animi
1559 1408 1860 1468 movenS,

977 1486 1163 1554 Vivo
1194 1490 1265 1553 in
1296 1510 1573 1576 corpore
1601 1493 1856 1576 passio·

979 1588 1152 1656 Cum
1183 1592 1291 1656 vel
1318 1592 1441 1656 lux
1472 1594 1707 1659 oculos
1735 1592 1906 1672 ferit,

981 1692 1115 1757 Vel
1145 1693 1297 1759 vox'
1315 1696 1590 1761 auribus
1620 1697 1961 1780 instrepit:

976 1795 1156 1860 'rum
1184 1797 1426 1862 mentis
1457 1799 1643 1882 vigor
1673 1798 1968 1876 excitus,

981 1899 1174 1979 Quas
1202 1902 1382 1970 intus
1413 1903 1675 1987 species
1707 1908 1914 1980 tenet,

977 2001 1314 2069 Admotus
1335 2010 1392 2042 ²0
1438 2004 1691 2069 similes
1721 2024 1997 2084 vocans,

545 2162 814 2213 ascenditur
843 2164 906 2211 ad
941 2176 1138 2224 summa,
1186 2165 1320 2211 modo
1357 2179 1387 2212 a
1417 2163 1614 2213 summis
1648 2165 1947 2213 descenditur
1976 2165 2041 2213 ad
2069 2161 2208 2214 ima?
2239 2164 2464 2227 quomodo
2487 2178 2619 2213 mens
2647 2177 2757 2212 sese

547 2242 821 2290 componens
852 2242 1022 2287 secum,
1064 2228 1267 2277 veritate
1298 2228 1477 2288 refutat
1517 2227 1761 2280 errorem?

1830 2230 1985 2278 Causa
2021 2229 2219 2277 istorum
2253 2243 2461 2277 omnmm
2496 2234 2565 2277 est
2602 2230 2757 2277 multo

542 2294 701 2369 magis
716 2293 897 2358 efficax,
917 2297 965 2342 et
993 2293 1149 2353 magis
1162 2299 1325 2354 potens
1345 2308 1484 2356 quam
1501 2308 1632 2341 mens
1652 2294 1872 2356 humana,
1907 2309 2011 2357 qua
2032 2294 2189 2343 instar
2208 2296 2423 2342 materiae
2441 2294 2650 2356 patitur
2648 2293 2755 2343 for-

542 2373 646 2407 mas
665 2357 927 2419 impressas
991 2358 1103 2419 Ipsa
1124 2362 1281 2407 tamen
1303 2358 1512 2421 corporis
1533 2358 1737 2407 viventis
1768 2359 2009 2421 impressio
2036 2359 2181 2422 praeit
2202 2358 2417 2407 excitans
2438 2371 2761 2407 commovens·

546 2438 634 2485 que
649 2423 774 2472 vires
793 2421 994 2473 mentis.-
1026 2426 1081 2471 ut
1114 2437 1218 2471 cum
1257 2423 1412 2473 lumen
1441 2423 1655 2472 verberat
1692 2424 1861 2486 oeulos,
1892 2430 1980 2475 aut
2001 2439 2095 2473 vox
2116 2424 2305 2473 insonat
2326 2422 2555 2479 auribus.-
2589 2423 2765 2473 deinde

545 2489 618 2537 cis
637 2489 722 2538 illa
742 2489 913 2538 mentis
932 2494 1177 2552 commota,
1206 2487 1448 2549 conserens
1478 2487 1657 2552 species
1688 2489 1781 2538 sibi
1815 2490 1987 2539 insitas
2018 2505 2124 2539 cum
2156 2489 2380 2551 ejusmodi
2410 2488 2632 2553 motibus,
2651 2489 2763 2537 sive

1466 2617 1794 2637 euocet-0000
1799 2617 1825 2636 O

608 2703 673 2750 19
693 2699 932 2765 Uterque
951 2699 1158 2752 Thuan.
1180 2706 1237 2750 et
1252 2699 1400 2753 Vict.
1422 2699 1647 2764 primus:
1681 2700 1882 2751 decedit.
1918 2699 2044 2751 vid.
2067 2699 2197 2750 Not.
2210 2699 2337 2750 Var.
2349 2701 2472 2748 -20
2506 2697 2590 2748 Ad
2604 2702 2765 2750 mom

1542 2830 1756 2884 NOTAE

540 2764 738 2829 Delph.
758 2764 931 2816 Hack.

542 2928 751 2993 gustini,
771 2943 883 2993 cap.
907 2933 987 2978 11.
1007 2927 1225 2993 reperiri
1259 2928 1376 2978 haec
1412 2928 1602 2979 verba:

539 3006 556 3034 ‘
597 3020 742 3056 mens
804 3019 944 3055 nunc
1001 3011 1160 3071 caput
1207 3005 1412 3054 summis
1467 3004 1603 3055 inse-

539 3080 643 3144 rit3
690 3096 828 3132 nunc
882 3081 1077 3132 decidit
1114 3081 1168 3131 iu
1204 3079 1429 3143 infimis3
1465 3094 1604 3130 nunc

539 3173 654 3208 sese
686 3157 916 3209 inferens
959 3158 1056 3209 sibi
1090 3157 1225 3208 veris
1257 3156 1391 3207 falsa
1424 3156 1601 3207 redar-

539 3234 652 3298 guit
669 3234 702 3296 ς’
735 3250 851 3285 cum
872 3234 953 3283 his
979 3236 1139 3284 etiam
1162 3235 1437 3298 scripturae
1460 3250 1601 3285 erro-

538 3310 705 3373 ribus,
725 3311 742 3339 ‘
759 3309 994 3374 decidit,’
1013 3311 1029 3338 ‘
1047 3309 1268 3372 infimis,’
1287 3312 1303 3339 ‘
1322 3309 1547 3360 inferens
1567 3309 1601 3372 3’

538 3401 607 3435 ex
629 3401 749 3451 quo,
772 3394 831 3436 ut
853 3402 918 3436 ex
943 3387 1174 3450 pluribus
1194 3386 1309 3436 aliis
1332 3401 1603 3448 argumen-

538 3461 609 3511 tis
639 3462 836 3526 optime
867 3461 1217 3512 Lovanienses
1260 3462 1602 3527 concludunt,

535 3536 727 3586 librum
765 3536 902 3586 hunc
939 3552 1042 3587 non
1081 3551 1196 3587 esse
1227 3539 1283 3587 S.
1318 3538 1600 3603 Augustini

537 3628 688 3677 opus,
700 3613 790 3663 sed
809 3614 1078 3678 cujusdam
1091 3614 1254 3664 multo
1271 3617 1599 3680 recentioris,

537 3688 676 3741 forte
697 3691 937 3755 Hugonis
973 3706 1003 3740 a
1034 3691 1086 3741 S.
1107 3691 1354 3753 Victore3
1402 3695 1597 3760 quippe

536 3766 626 3832 qui
649 3767 825 3830 capite
842 3771 924 3817 33.
945 3766 1175 3832 ejusdem
1188 3768 1306 3818 libri
1320 3769 1596 3822 Boethium

533 3842 782 3893 nominat.

598 3925 622 3952 θ
653 3918 780 3969 Hoec
819 3925 890 3970 est
921 3921 1124 3988 efficiens
1163 3924 1335 3990 magis,
1362 3925 1470 3989 ξω]
1503 3939 1594 3976 111.

532 3994 875 4061 Philosophia
930 3998 1160 4051 declarat
1203 4002 1326 4066 quid
1372 4003 1443 4051 sit
1482 4018 1597 4053 sen·

534 4073 788 4126 tiendum.
835 4076 1069 4127 Primum
1088 4078 1319 4143 quidem,
1336 4080 1434 4129 nisi
1450 4095 1595 4131 mens

531 4149 755 4201 humana
777 4150 1144 4204 informaretur
1167 4171 1199 4205 a
1221 4157 1358 4213 Deo,
1382 4157 1469 4222 qui
1489 4172 1595 4207 non

533 4227 699 4277 minus
722 4234 802 4278 est
822 4230 933 4295 ejus
955 4238 1268 4297 praeceptor,
1289 4247 1442 4298 quam
1469 4248 1593 4284 con-

530 4302 692 4371 ditor,
722 4306 905 4358 eadem
943 4321 1085 4358 mens
1123 4322 1227 4359 nou
1268 4316 1440 4373 posset
1475 4324 1593 4374 cog·

1687 2942 1927 2995 noscere,
1943 2934 2112 2992 neque
2135 2926 2441 2992 generatim,
2457 2938 2629 2989 neque
2654 2924 2761 2974 sin-

1688 3002 1938 3066 gulatim3
1971 3017 2075 3052 non
2116 3005 2296 3065 posset
2332 2998 2589 3062 dividere,
2623 2998 2760 3048 deti-

1686 3079 1820 3143 nire,
1854 3086 1946 3129 aut
1977 3078 2027 3127 in
2058 3076 2290 3127 ordinem
2329 3076 2604 3140 redigere;
2637 3077 2760 3126 nul-

1686 3157 1790 3206 lam
1813 3157 1970 3207 etiam
1992 3155 2209 3205 haberet
2228 3167 2462 3204 normam
2480 3151 2722 3202 veritatis
2741 3169 2757 3202 ε

1684 3234 2100 3301 quandoquidem
2141 3233 2256 3282 haec
2293 3230 2466 3281 omnia
2499 3237 2620 3279 sunt
2662 3236 2762 3280 aut

1682 3310 1914 3374 ingenita
1939 3309 2085 3359 notio
2105 3309 2213 3358 Dei
2233 3309 2249 3336 ‘
2265 3307 2355 3372 qui
2388 3306 2505 3370 est‚'
2524 3312 2617 3357 aut
2641 3307 2763 3373 qui-

1683 3386 1802 3436 dam
1826 3384 2076 3449 ejusmodi
2093 3384 2320 3434 notionis
2338 3382 2550 3434 modus:
2588 3399 2755 3448 prop·

1682 3470 1831 3514 terea
1849 3465 1866 3491 ⁶
1882 3463 1994 3512 haec
2014 3468 2094 3512 est
2125 3459 2356 3511 efficiens
2378 3461 2544 3524 magis
2570 3461 2757 3525 Longe

1684 3557 1838 3594 causa
1888 3539 2189 3606 potentior!
2294 3538 2507 3589 Deinde
2563 3539 2755 3589 eadem

1681 3632 1844 3681 mens,
1860 3623 2046 3682 utpote
2066 3632 2182 3683 quae
2208 3623 2288 3668 est
2312 3616 2544 3681 corporis
2560 3616 2755 3680 forma,

1681 3695 1791 3760 ipso
1813 3709 2031 3758 corpore
2054 3700 2311 3745 commoto
2334 3693 2495 3743 etiam
2518 3691 2755 3743 afficitur

1679 3771 1984 3822 sentiendo:
2021 3786 2197 3822 sensus
2235 3770 2392 3834 enim,
2427 3769 2654 3821 docente
2688 3771 2749 3819 S.

1676 3848 1974 3911 Augustino
1997 3849 2034 3898 1.
2060 3847 2125 3898 de
2143 3848 2340 3900 Quant.
2364 3846 2468 3896 An.
2486 3861 2536 3897 c.
2558 3850 2644 3896 25.
2665 3852 2751 3895 est

1677 3930 1695 3954 ‘
1720 3925 1891 3990 passio
1913 3925 2145 3990 corporis
2166 3938 2264 3988 per
2298 3923 2524 3987 seipsam
2546 3936 2649 3973 non
2672 3922 2749 3970 la-

1676 4006 1795 4050 tens
1820 4000 2037 4050 animam
2055 3999 2089 4048 ε’
2121 3999 2317 4049 idcirco
2339 3999 2356 4027 ‘
2371 3996 2630 4063 praecedit
2652 4011 2747 4046 ex·

1676 4076 1845 4125 citans
1882 4076 1999 4124 vivo
2042 4075 2095 4124 in
2141 4089 2361 4139 corpore
2395 4072 2617 4137 passioz’
2651 4073 2743 4123 ubi

1676 4150 1976 4202 observabis
1997 4151 2131 4201 hanc
2149 4166 2351 4214 vocem,
2375 4152 2391 4179 ‘
2409 4149 2616 4213 passio,'
2636 4163 2741 4200 non

1675 4243 1788 4278 esse
1827 4229 1905 4278 ita
1934 4227 2192 4290 Latinam,
2214 4227 2305 4278 sed
2338 4227 2597 4291 aptiorem
2629 4227 2743 4275 nul·

1674 4308 1778 4359 lam
1802 4322 1914 4359 esse
1936 4307 2002 4358 ad
2027 4304 2417 4374 significandam
2444 4305 2579 4355 hanc
2611 4302 2736 4354 Phi·
