3049 4928
584 413 888 465 BOETHII
940 415 1036 464 ΠΒ
1084 414 1393 464 00Nsot..

379 559 483 609 Car
530 560 658 622 legat
704 561 872 609 tardus
909 559 1126 622 plaustra
1163 557 1373 621 Bootes]

308 635 449 686 Quid
488 636 533 684 si
570 650 667 699 pro
702 636 832 698 legat
868 647 1172 699 reponamus
1193 631 1373 695 regat?

306 711 496 762 Seuec.
519 712 571 761 in
596 711 786 762 Octav.
809 725 882 762 vs.
902 716 986 761 68.
1015 712 1031 739 ‘
1052 712 1167 762 Qua
1200 711 1373 775 plaus-

308 794 394 837 tra
417 788 598 838 tardus
619 788 785 838 noctis
821 796 1022 839 aeterna
1059 788 1174 837 vice
1217 789 1375 851 Regit

310 863 529 926 Bootes,
565 863 759 929 frigido
787 862 985 914 Arctoo
1020 862 1226 928 rigens?
1290 863 1372 911 De

309 939 481 990 Boote
523 940 722 990 Seneca
763 940 815 989 in
853 940 999 990 Med.
1041 956 1119 991 vs.
1166 943 1280 991 116.
1320 940 1371 988 in

310 1018 524 1081 Thyest.
548 1034 625 1069 vs.
649 1023 763 1069 870.
802 1019 870 1069 Et
892 1018 1139 1068 Manilius
1162 1018 1239 1068 his
1260 1023 1375 1067 ver-

313 1093 430 1142 bis:
492 1096 508 1121 ‘
533 1094 581 1143 A
624 1101 773 1158 tergo
818 1094 953 1145 nitet
997 1094 1376 1161 Arctophylax,

311 1170 553 1235 idemque
588 1172 803 1235 Bootes,
835 1171 939 1223 Qui
975 1171 1152 1221 similis
1177 1172 1375 1235 junctis

310 1247 479 1297 instat
511 1248 580 1297 de
616 1262 759 1296 more
786 1248 1045 1312 juvencis,
1069 1246 1375 1298 Arcturum-

312 1338 414 1387 que
440 1323 580 1388 rapit
610 1323 779 1373 medio
802 1324 898 1374 sub
931 1332 1141 1387 pectore
1164 1325 1378 1384 secum!

313 1402 565 1452 Mat-tien.
591 1402 806 1466 Capella
826 1401 990 1465 in'pr.
1025 1402 1118 1451 lib.
1142 1416 1206 1451 11.
1244 1402 1377 1452 ‘Ar-

313 1479 420 1528 dua
457 1486 582 1528 tunc
622 1481 796 1529 senior
832 1480 1106 1530 succendit
1143 1483 1378 1544 plaustra

313 1555 546 1605 Bootes?
612 1557 715 1606 Me.
738 1571 839 1623 quo
862 1556 1113 1606 utebatur
1133 1557 1377 1607 amicissi-

314 1645 428 1679 mus
451 1646 597 1681 meus
619 1632 666 1681 Ι.
691 1633 1066 1697 Zinzerlingus,
1091 1635 1378 1684 conscendit.

318 1708 488 1758 Idem.
559 1747 564 1750 ,

381 1785 560 1847 Legem
578 1788 783 1851 stupebit
802 1789 994 1838 ‹ether-is
1019 1787 1131 1852 alti]
1178 1790 1379 1838 Seneca

315 1861 370 1911 in
399 1862 550 1912 Med.
584 1878 659 1914 vs.
692 1868 807 1915 757.
840 1866 1188 1930 ‘Pau-iterque
1223 1865 1378 1913 Mun-

316 1939 413 1989 dus
435 1940 553 2003 lege
575 1939 794 1990 confusa
815 1941 1020 1991 aetheris
1039 1943 1109 1991 Et
1132 1941 1305 1991 Solem
1325 1948 1381 1990 et

317 2023 462 2068 astra
486 2017 648 2069 vidit:
678 2018 830 2069 Idem.

385 2094 604 2142 Palleant
631 2095 792 2158 plenae
811 2109 983 2143 cornua
1004 2063 1177 2158 Lnnae]
1210 2094 1381 2144 Mani·

318 2170 420 2222 lius
442 2171 532 2221 lib.
557 2186 597 2221 1.
627 2172 834 2222 erudite
870 2174 1123 2237 explicat,
1162 2175 1250 2239 qui
1288 2174 1382 2225 fiat

321 2257 380 2300 ut
403 2253 551 2301 Luna
573 2252 956 2303 obscuretur2‘
975 2255 1047 2303 Te
1077 2260 1266 2310 testem
1290 2254 1383 2304 dat

320 2329 473 2377 Luna
514 2329 988 2393 suiglomerabilis
1028 2330 1199 2381 orbis:
1250 2333 1381 2384 Qnae

318 2418 439 2454 cum
460 2420 630 2475 mersa
651 2406 813 2471 nigris
852 2421 947 2471 pet
974 2413 1176 2456 noctem
1202 2407 1384 2457 deficis

320 2480 538 2544 umbris,
561 2483 681 2532 Nou
703 2497 879 2532 omnes
902 2484 1099 2546 pariter
1114 2482 1385 2535 confundis

319 2558 493 2609 sidere
531 2568 736 2623 gentes,
772 2561 872 2609 Sed
913 2561 1054 2623 prius
1093 2562 1218 2610 Eoae
1250 2576 1385 2626 quae-

320 2641 446 2684 ruut
468 2642 558 2684 tua
578 2636 771 2685 lumina
795 2645 996 2701 gentes.
1058 2638 1190 2688 Pcst
1213 2637 1386 2688 medio

321 2712 567 2776 sitbjecta
602 2715 724 2776 polo
765 2729 1092 2779 quaecunque
1127 2717 1387 2765 coluntur.

321 2791 522 2840 Ultima
546 2791 608 2840 ad
633 2793 924 2856 Hesperios
944 2792 1152 2844 infectis
1168 2794 1389 2844 volveris

322 2866 449 2917 alis:
485 2867 713 2932 Seraque
737 2869 790 2918 in
814 2871 1061 2920 extremis
1084 2871 1390 2937 quatiuntur

323 2943 567 3008 gentibus
604 2959 725 2996 aera.
791 2946 1021 2997 Quodsi
1061 2949 1218 3011 plana
1250 2947 1391 2998 foret

321 3021 502 3082 tellus,
523 3022 674 3071 simul
694 3021 796 3073 ista
818 3037 912 3086 per
927 3038 1101 3073 omues
1120 3022 1392 3075 Deficeret

323 3105 506 3161 partes
552 3104 664 3147 toto
708 3099 1016 3149 miserabilis
1060 3100 1199 3150 orbe.
1284 3100 1389 3151 Sed

323 3173 451 3238 quia
475 3189 567 3236 per
602 3180 825 3225 teretem
867 3174 1095 3225 deducta
1133 3183 1215 3225 est
1251 3182 1391 3227 terra

329 3255 609 3313 tumorem,
646 3249 747 3299 His
768 3251 943 3313 modo,
966 3258 1085 3315 post
1106 3252 1206 3301 illis
1231 3267 1390 3317 appa-

329 3331 416 3374 ret
438 3325 591 3375 Delia
628 3327 800 3390 terris,
832 3327 1087 3377 Exoriens
1124 3330 1274 3376 simul
1314 3338 1392 3379 at·

325 3417 430 3468 que
455 3402 681 3454 cadens?
746 3405 885 3456 Quin
926 3411 982 3454 et
1022 3405 1183 3470 Diog.
1218 3405 1393 3456 Latin-t.

327 3483 384 3532 iu
428 3481 655 3534 Prooem.
708 3482 871 3533 tradit
919 3481 985 3531 de
1027 3482 1390 3547 AEgyptiornm

326 3559 680 3625 Philosophis‚
733 3559 873 3625 quod
918 3560 1148 3609 dixerint
1190 3557 1396 3618 σελήνην

330 3635 563 3686 ἐκλείπειν
584 3635 648 3687 εἷς
663 3636 723 3686 τὸ
753 3635 963 3699 σκίασμα
988 3639 1077 3697 τῆς
1107 3639 1199 3700 γῆς
1228 3636 1395 3700 ἐμπίπ-

329 3731 524 3766 τουσαν.
560 3717 709 3766 Idem.

327 3827 332 3831 ·
328 3791 582 3918 vlnfssdss
604 3792 744 3842 metis
764 3791 940 3856 noetis]
970 3790 1127 3840 Silius
1158 3791 1279 3842 Ital.
1301 3790 1393 3841 lib.

372 3869 423 3920 .‘
442 3870 659 3933 Nigrum
683 3881 785 3918 nox
804 3868 1007 3918 roscida
1023 3873 1210 3919 metam
1228 3868 1394 3918 Strin-

330 3946 529 4010 gebat!
561 3947 713 3996 Idem.

291 4058 299 4066 -
397 4024 691 4087 Lassantque
706 4023 884 4074 crebris
898 3986 1105 4086 pulsibus
1118 4023 1242 4086 oera]
1261 4023 1395 4073 AEris

334 4101 528 4152 tinnitu
567 4101 856 4151 credebant
893 4101 1118 4149 Veteres
1155 4099 1289 4164 fieri,
1336 4107 1395 4150 ut

333 4177 659 4241 Magicornm
681 4177 964 4226 carminum
996 4191 1152 4226 sonus
1192 4176 1258 4225 ad
1296 4178 1397 4225 Lu·

335 4271 457 4305 nam
503 4269 607 4304 non
670 4255 987 4319 perveniret,
1037 4267 1253 4317 eamque
1298 4254 1394 4303 hoc

336 4331 491 4384 modo
528 4332 736 4401 juvari:
772 4332 837 4381 de
883 4343 985 4396 qua
1029 4331 1394 4395 superstitione

1445 415 1894 465 PHILOSOPH.
1944 419 2089 467 mn.
2137 419 2236 469 ιν.
2379 407 2511 471 535

1445 558 1637 621 passim
1663 557 1938 609 Auctores.
1969 562 2122 612 Idem.
2294 593 2300 598 -

1514 635 1654 698 Cori]
1684 636 1838 685 Silius
1859 636 1948 687 lib.
1969 652 2012 687 1.
2045 639 2060 666 ‘
2083 639 2264 690 Qualis
2302 639 2392 690 ubi
2424 640 2510 689 ΙΕ-

1446 726 1563 775 goeo
1604 720 1850 776 surgente
1887 714 1952 763 ad
1992 714 2369 770 sidera.Ponto
2404 717 2513 766 Per

1447 789 1655 853 longum
1698 795 1848 839 vasto
1902 790 2024 841 Cori
2081 806 2197 840 cum
2251 806 2512 842 murmure

1444 862 1635 914 fluctus
1673 865 1989 930 Suspensum
2029 866 2081 916 in
2114 873 2291 918 terras
2336 874 2515 932 portat

1446 956 1607 1007 mare,
1635 940 1828 1006 frigida
1862 942 2035 992 nautis
2075 944 2246 993 Corda
2278 949 2513 995 tument:

1448 1026 1600 1068 sonat
1623 1019 1712 1069 ille
1735 1020 1948 1084 procul,
1965 1018 2194 1086 flatuque
2219 1027 2513 1072 tumescens

1449 1095 1690 1146 Cui-vatis
1726 1095 1940 1159 pavidas
1976 1099 2223 1152 tramittit
2255 1100 2514 1163 Cycladas

1450 1174 1640 1225 undis!
1703 1177 1788 1225 De
1811 1176 1920 1225 *hoc
1955 1176 2189 1242 quaedam
2223 1179 2514 1227 notavimus

1450 1252 1516 1301 ad
1541 1252 1674 1301 Met.
1699 1265 1789 1302 ιιι.
1811 1252 1900 1301 lib.
1924 1265 1962 1302 1.
1990 1267 2066 1301 vs.
2091 1256 2140 1302 3.
2175 1253 2328 1304 Idem.

1517 1328 1621 1377 Nec
1639 1328 1766 1377 niuis
1784 1329 1952 1377 duram
1974 1328 2169 1390 frigore
2191 1330 2379 1393 molem]
2424 1331 2517 1379 Se-

1451 1418 1567 1455 nec.·
1591 1405 1641 1453 in
1662 1406 1875 1469 Thyest.
1894 1420 1971 1455 vs.
1996 1409 2108 1455 125.
2143 1406 2158 1433 ‘
2173 1406 2227 1456 si
2252 1407 2366 1472 quis
2387 1410 2519 1473 Tay-

1451 1482 1561 1544 geti
1583 1482 1888 1545 conspicuus
1914 1482 2077 1544 nives,
2099 1482 2242 1535 Quas
2259 1497 2377 1532 cum
2398 1484 2518 1532 Sar-

1450 1560 1670 1608 maticus
1709 1567 1940 1621 tempore
1979 1556 2168 1621 frigido
2204 1558 2267 1608 In
2308 1559 2519 1610 summis

1450 1635 1651 1684 Boreas
1670 1633 1963 1697 composuit
1984 1633 2152 1697 jugis,
2190 1634 2360 1684 AEstas
2395 1636 2517 1685 veli·

1451 1711 1579 1766 feris
1603 1712 1756 1761 solvit
1779 1710 2006 1760 Etesiis!
2030 1711 2192 1760 Idem.

1518 1788 1775 1851 Stupetque
1795 1786 1966 1835 moitis
1985 1788 2151 1836 mobile
2170 1788 2361 1851 vulgas]
2395 1789 2519 1837 Cas-

1452 1866 1643 1916 siodor.
1682 1866 1771 1915 lib.
1795 1878 1898 1914 xn.
1929 1866 2134 1915 Variar.
2172 1870 2254 1916 25.
2288 1868 2302 1893 ‘
2323 1868 2410 1916 Fit
2445 1882 2522 1916 ra-

1455 1945 1598 1994 tione
1622 1947 1844 2002 certum,
1867 1942 2000 2006 quod
2026 1943 2258 2006 stupenti
2278 1944 2432 2007 vulgo
2451 1943 2523 1991 vi·

1455 2021 1612 2070 detur
1633 2034 1749 2069 esse.
1770 2018 2098 2082 ambiguum!
2132 2019 2282 2068 Idem.

1527 2096 1735 2145 Inscitiae
1764 2094 1948 2144 nubilus
1966 2094 2120 2157 error]
2152 2093 2349 2144 Arnob.
2388 2094 2520 2145 libro

1455 2175 1678 2238 septimo
1704 2189 1718 2221 :
1771 2174 1786 2201 ‘
1807 2171 1871 2220 Iu
1916 2172 2135 2221 nubibus
2182 2172 2521 2234 ignorationis

1456 2248 1738 2299 incedere!
1773 2249 1929 2313 Diog.
1965 2248 2136 2298 Laert.
2174 2249 2265 2298 lib.
2307 2263 2368 2299 ιι.
2433 2251 2521 2300 De

1458 2328 1675 2377 Socrate
1697 2342 1712 2376 z
1750 2323 1893 2388 ἔλεγε
1914 2323 1965 2374 δὲ
1989 2326 2066 2374 καὶ
2090 2324 2141 2373 ἓν
2173 2323 2316 2386 μόνον
2349 2327 2528 2389 ἀγαθὸν

1459 2401 1592 2466 εἶναι,
1618 2402 1710 2461 τὴν
1737 2401 2015 2463 ἐπιστήμην·
2036 2401 2111 2450 καὶ
2135 2401 2186 2451 ἓν
2201 2400 2344 2463 μόνον
2363 2404 2526 2467 κακὸν,

1456 2480 1549 2539 τὴν
1580 2478 1795 2540 ἀμαθίαν.
1864 2478 1949 2529 Ab
1986 2482 2082 2529 hoc
2120 2494 2242 2529 vero
2283 2480 2523 2539 Carmine

1460 2572 1563 2608 non
1588 2564 1709 2606 sunt
1725 2557 1898 2605 aliena
1912 2556 2003 2605 illa
2020 2555 2324 2606 Quintiliani
2346 2557 2523 2619 verba,

1463 2650 1578 2700 quae
1622 2634 1895 2696 desumpta
1937 2647 2002 2680 ex
2050 2631 2443 2682 Declamatione
2471 2639 2522 2682 4.

1462 2716 1478 2742 ‘
1496 2713 1777 2763 Paullatim
1803 2713 1898 2761 hoc
1922 2711 2056 2776 quod
2099 2717 2385 2773 stupemus,
2420 2712 2526 2759 ani-

1463 2805 1575 2839 mus
1617 2803 1769 2838 ausus
1813 2789 2092 2850 diligenter
2141 2786 2435 2847 attendere,
2471 2788 2524 2837 in

1464 2882 1651 2917 arcana
1691 2870 1886 2915 naturae
1923 2879 2122 2914 sacrum
2161 2864 2303 2913 misit
2325 2864 2525 2928 ingeni-

1463 2961 1571 3005 nm,
1611 2952 1667 2994 et
1704 2959 1772 2993 ex
1811 2942 2039 2997 adsiduis
2082 2941 2526 2992 observationibus

1464 3024 1706 3088 uotisque
1754 3020 2088 3071 redeuntibus
2141 3019 2410 3070 latentium
2446 3035 2526 3069 ra·

1464 3101 1611 3151 tione
1641 3099 1880 3161 collecta,
1934 3095 2172 3160 pervenit
2225 3095 2290 3144 ad
2326 3110 2526 3156 causas.

1464 3178 1673 3227 Miraris
1692 3175 1855 3225 fatum
1872 3173 2092 3223 hominis
2108 3187 2262 3238 posse
2281 3172 2531 3237 praedici?

1466 3253 1807 3304 Defectiones
1831 3251 2054 3300 siderum
2087 3250 2393 3314 laboresque
2412 3263 2529 3299 nar-

1467 3339 1669 3392 rantur,
1689 3328 1966 3378 nunciatur
1981 3326 2125 3391 origo
2140 3333 2528 3391 tempestatum,

1466 3409 1720 3458 lassitudo
1762 3414 2052 3469 ventorum,
2087 3408 2224 3472 quod
2259 3407 2403 3456 sidus
2436 3407 2530 3456 im-

1468 3487 1697 3536 modicos
1721 3485 1844 3535 solis
1887 3484 2118 3546 ardores,
2152 3484 2289 3550 quod
2322 3498 2529 3534 severas

1466 3563 1698 3612 minetur
1711 3563 1925 3624 hiemes,
1937 3561 2059 3626 quid
2076 3559 2368 3625 significent
2385 3576 2530 3625 spar-

1463 3640 1503 3689 si
1531 3639 1735 3704 longius
1760 3638 1947 3700 crines,
1969 3637 2093 3702 quid
2120 3638 2386 3688 ardentius
2410 3636 2532 3693 soli-

1469 3721 1524 3765 to
1538 3714 1713 3779 jubar,
1733 3715 1856 3780 quid
1883 3728 2102 3764 excussu
2121 3713 2325 3764 flamma
2348 3713 2532 3764 sideri-

1468 3792 1603 3842 bus!
1637 3793 1788 3843 Idem.
1816 3831 1820 3835 .

1535 3871 1728 3920 PaosA
1747 3875 1798 3920 6.
1834 3869 1980 3919 Velut
2003 3870 2167 3935 hydroe
2187 3868 2369 3932 cupita]
2398 3867 2531 3917 Vide

1469 3962 1585 4011 quae
1604 3952 1711 3998 not.
1727 3940 1862 3995 infra
1881 3945 1945 3995 ad
1962 3946 2095 3996 Met.
2111 3942 2213 3995 vn.
2239 3960 2312 3994 vs.
2333 3949 2416 3995 22.
2433 3945 2480 3994 h.
2496 3946 2531 3994 Ι.

1466 4022 1738 4073 Salvianus
1763 4034 1966 4086 quoque
1991 4021 2057 4070 ad
2082 4021 2182 4070 vim
2205 4019 2383 4085 hydrae
2407 4021 2533 4070 allu-

1469 4100 1597 4148 dens
1621 4098 1708 4147 lib.
1737 4111 1815 4146 νι.
1849 4097 1930 4147 De
1965 4097 2162 4147 Guber.
2180 4098 2316 4146 Dei:
2353 4097 2536 4149 ‘Sicut

1469 4173 1634 4226 enim’
1679 4174 1850 4239 iuquit
1889 4175 1904 4201 ‘
1929 4173 2204 4236 anguinum
2241 4173 2367 4223 illud
2392 4187 2534 4223 mon-

1469 4258 1655 4314 strum,
1674 4257 1733 4301 ut
1753 4249 1943 4299 fabulae
1982 4249 2175 4312 ferunt,
2199 4249 2337 4315 quod
2364 4249 2543 4300 multi-

1469 4329 1700 4395 plicabat
1737 4326 1948 4389 occisio,
1980 4326 2058 4377 ita
2097 4326 2254 4377 etiam
2277 4327 2330 4376 iu
2355 4326 2532 4377 Gallo-
