3049 4928
622 398 929 447 nom'ml
980 399 1077 447 DE
1124 396 1430 448 coNsoL.

342 541 497 593 mella
525 542 615 593 lib.
637 558 701 595 ιι.
731 546 748 573 ‘
774 543 908 593 Filix
949 557 1155 609 quoque
1195 545 1286 592 aut
1317 557 1402 592 ca·
1426 604 1442 611 ι

339 633 433 670 rex
486 619 779 685 ubicunque
854 620 1102 683 nascitur,
1167 618 1403 683 Augusto

339 710 516 745 mense
555 704 701 746 recte
740 697 1076 760 exstirpatur,
1106 696 1287 745 melius
1324 703 1402 746 ta·

338 788 459 823 meu
482 775 624 824 circa
645 775 771 824 Idus
788 774 975 834 Julias,
1004 781 1129 824 ante
1146 774 1399 825 canicula

335 850 617 900 exortum?
650 852 805 902 Idem.

406 925 588 977 Gravis
610 930 754 978 Ceres
772 929 876 993 eat]
906 929 1194 979 Martianus
1217 929 1401 993 Capel-

333 1004 406 1066 la,
428 1001 516 1053 lib.
538 1018 579 1054 ι.
602 1005 671 1054 de
695 1007 862 1070 Nupt.
888 1007 1074 1057 Philol.
1125 1007 1140 1035 ‘
1166 1007 1296 1056 Cum
1318 1006 1397 1055 his

334 1086 487 1142 grata
508 1081 665 1130 Ceres
690 1082 962 1132 admodum
989 1083 1159 1147 gravis
1184 1081 1395 1147 femina,

331 1157 641 1222 alumnaque
661 1164 910 1208 terrarum
935 1174 996 1209 ac
1014 1160 1191 1210 nutrix
1206 1166 1396 1210 morta·

329 1233 456 1283 lium
485 1234 793 1284 videbatur-⁹
823 1236 976 1285 Idem.

399 1311 601 1361 Dulcior
619 1317 691 1361 est
716 1313 879 1376 apium
910 1327 1049 1374 mage
1086 1312 1237 1375 labor]
1269 1313 1394 1362 Cas-

328 1386 523 1438 siodor.
550 1387 752 1437 Variar.
777 1403 834 1439 x.
875 1389 1043 1453 Epist.
1067 1393 1149 1438 33.
1218 1396 1234 1417 ‘
1261 1389 1394 1438 Dul-v

330 1464 443 1513 οἰοι-
467 1466 600 1514 solet
637 1479 750 1514 esse
783 1466 967 1529 gratia,
996 1472 1116 1529 post
1154 1465 1393 1514 amaritu-

329 1541 479 1593 dines
499 1543 771 1608 expiatas!
803 1545 953 1594 Idem.

393 1620 457 1670 Si
476 1623 627 1671 vnaius
645 1636 731 1671 ora
749 1623 883 1686 prius
900 1636 1041 1685 sapor
1055 1621 1187 1685 edat]
1219 1622 1391 1671 Ὕπαλ-

325 1696 477 1761 aoy»,
500 1712 618 1761 pro,
636 1698 678 1746 si
703 1714 791 1747 ora
815 1699 955 1762 prius
976 1698 1272 1747 imbuantur
1289 1714 1393 1748 ma·

328 1775 380 1843 lo
395 1790 608 1838 sapore.
644 1776 794 1826 Idem.

392 1851 672 1911 Imbriseros
691 1854 806 1902 dare
834 1853 992 1916 sonos]
1024 1853 1039 1880 ‘
1060 1851 1389 1903 Imbriferum

326 1927 629 1978 anhelitum'
672 1936 827 1979 vento
877 1929 1119 1979 attribuit
1154 1929 1388 1979 Pruden-

324 2004 429 2054 tius
451 2005 742 2056 Cathemer.
769 2006 974 2069 Hymno
992 2012 1041 2055 4.
1078 2007 1230 2057 Idem.

391 2083 571 2132 Roseus
611 2083 717 2145 agit
754 2082 916 2146 equos]
964 2085 980 2110 ‘
1002 2082 1199 2147 Agere’
1231 2083 1388 2133 inter·

324 2157 446 2209 dum
471 2160 687 2209 verbum
722 2166 803 2209 est
838 2160 1142 2208 cursorium.
1178 2161 1387 2211 Lucret.

294 2235 414 2285 ‘lib.
441 2249 532 2286 111.
599 2235 814 2285 ‘Currit
865 2250 1023 2298 agens
1065 2249 1277 2284 mannos
1332 2236 1384 2284 in

325 2313 499 2362 viliam
524 2311 955 2375 praecipitanter!
1019 2310 1262 2361 Manilius
1293 2311 1383 2359 lib.

324 2402 378 2438 v.
412 2387 558 2439 ‘Aut
601 2389 767 2437 mulos
816 2395 962 2450 aget,
1010 2393 1102 2436 aut
1155 2401 1386 2448 mannos,

321 2468 605 2532 mistosque
647 2467 854 2530 jugabit
908 2464 1116 2515 Semine
1160 2464 1384 2529 quadru-

319 2545 504 2609 pedes,
537 2551 628 2595 aut
649 2560 800 2596 curru
824 2544 1009 2594 celsior
1032 2542 1163 2593 ibit!
1222 2542 1384 2590 Aure-

317 2623 419 2672 lius
440 2624 649 2685 Victor,
670 2623 735 2672 de
758 2622 958 2671 Tullia:
991 2620 1151 2677 ‘Cum
1177 2620 1382 2669 domum

317 2699 535 2757 rediret,
572 2700 680 2748 viso
721 2699 887 2763 patris
928 2711 1170 2760 corpore,
1202 2696 1384 2744 mulio-

317 2788 436 2824 nem
473 2775 760 2824 evitantem
795 2787 952 2836 super
992 2773 1161 2834 ipsum
1195 2785 1384 2834 corpus

317 2860 624 2918 carpentum
650 2866 799 2916 agere
819 2851 1107 2916 praecepit?
1171 2850 1237 2902 Q.
1261 2850 1385 2899 Cur·

315 2931 420 2980 tius
456 2931 547 2980 lib.
571 2944 694 2979 vm.
744 2931 759 2959 ‘
784 2929 891 2990 Illi,
927 2929 1013 2992 qui
1050 2941 1229 2977 currus
1264 2940 1383 2989 age-

314 3005 465 3064 bant,
500 3005 625 3054 illud
651 3005 886 3054 ultimum
909 3004 1155 3052 auxilium
1178 3017 1384 3051 suorum

315 3082 434 3145 rati,
466 3080 643 3132 effusis
676 3081 890 3131 habenis
934 3081 987 3129 iu
1025 3081 1247 3129 medium
1284 3079 1384 3128 dis-

314 3160 508 3209 crimen
553 3172 703 3208 ruere
742 3156 1055 3222 coeperunt.'
1121 3158 1191 3206 Et
1221 3157 1236 3184 ‘
1259 3156 1383 3219 Agi-

308 3229 467 3284 ‘taress
532 3236 683 3297 Virg.
724 3249 814 3285 111.
858 3234 1050 3296 Georg.
1116 3235 1131 3262 ‘
1159 3233 1380 3283 Centum

313 3310 649 3375 quadrijugos
672 3309 880 3373 agitabo
915 3310 978 3356 ad
1014 3307 1229 3358 flumina
1266 3324 1381 3358 cur·-

314 3385 443 3437 rus.'
510 3386 825 3450 Propertius
844 3385 937 3434 lib.
961 3399 1025 3434 11.
1048 3386 1194 3449 Eleg.
1214 3390 1292 3433 15.
1310 3400 1382 3433 vs.

313 3467 397 3512 32.
454 3463 469 3491 ‘
498 3464 569 3513 Et
608 3463 762 3512 citius
802 3463 976 3526 nigros
1017 3462 1104 3512 Sol
1161 3461 1381 3525 agitabit

312 3538 511 3604 equos.’
549 3540 698 3588 Idem.

376 3615 568 3665 PnosA
590 3621 639 3664 2.
707 3617 767 3665 Id
790 3621 945 3665 autem
974 3619 1045 3664 est
1077 3614 1260 3675 bonum,
1291 3631 1380 3678 quo

308 3693 414 3756 quis
435 3692 629 3756 adepto]
676 3694 742 3742 Β.
765 3692 984 3756 August.
1010 3691 1077 3741 de
1100 3691 1255 3741 Civit.
1281 3691 1380 3740 Dei

308 3771 397 3820 lib.
421 3784 548 3820 vm.
579 3786 696 3834 cap.
718 3775 766 3819 8.
834 3772 849 3799 ‘
869 3771 1094 3834 Reliqua
1135 3776 1215 3818 est
1256 3784 1378 3831 pars

306 3848 537 3908 moralis,
550 3861 701 3911 quam
719 3847 907 3897 Graeco
928 3845 1180 3896 vocabulo
1195 3845 1380 3896 dicunt

307 3922 489 3983 ἠθικὴν,
513 3923 602 3971 ubi
627 3924 879 3987 quaeritur
901 3923 966 3972 de
988 3938 1184 3972 summo
1205 3923 1375 3973 bouoz

308 4011 411 4061 quo
437 3997 727 4047 referentes
750 3999 916 4046 omnia
940 4014 1055 4062 quae
1080 4000 1300 4061 agimus,
1320 4005 1378 4048 et

308 4077 448 4139 quod
473 4091 573 4125 nou
597 4084 817 4140 >propter
842 4077 1003 4138 aliud,
1036 4076 1125 4125 sed
1163 4084 1377 4140 propter

306 4165 362 4203 se
416 4151 588 4215 ipsum
632 4159 965 4215 appetentes,
1012 4152 1168 4217 idque
1214 4153 1379 4217 adipi-

305 4234 530 4290 scentes,
565 4228 691 4276 nihil
728 4243 829 4292 quo
867 4228 1012 4277 beati
1049 4229 1203 4277 simus
1242 4228 1373 4278 ulte-

307 4303 432 4360 rius)
472 4302 820 4368 requiramus.
888 4303 1014 4352 Ideo
1069 4304 1263 4368 quippe
1320 4311 1376 4354 et

2402 387 2536 454 483

1475 542 1598 593 finis
1640 549 1721 595 est
1761 544 1951 607 dictus,
1985 545 2102 609 quia
2142 549 2358 609 propter
2395 545 2534 597 huuc

1474 625 1654 669 cetera
1692 621 1957 670 volumus:
1994 620 2159 685 ipsum
2200 628 2371 670 autem
2411 637 2533 684 non,

1472 697 1570 747 nisi
1623 704 1835 761 propter
1887 697 2090 761 ipsum.'
2172 697 2307 748 Vide
2363 704 2532 750 totum

1473 782 1651 839 caput,
1685 775 1824 840 quod
1861 775 2083 824 maxime
2120 773 2249 825 facit
2302 774 2366 824 ad
2422 776 2531 839 illa,

1470 866 1588 916 quoe
1621 857 1742 902 mox
1787 852 1840 901 in
1877 858 2052 901 nostro
2085 861 2371 916 sequentur
2409 867 2529 901 auc-

1471 933 1604 980 tore.
1668 930 1803 979 Item
1827 929 1917 979 lib.
1943 944 2064 979 xix.
2102 944 2217 993 cap.
2240 933 2288 979 1.
2321 933 2369 979 2.
2401 932 2451 979 8.
2474 935 2533 978 et

1468 1008 1518 1054 4.
1557 1006 1704 1055 Idem.
2201 1034 2205 1037 >

1534 1082 1611 1131 Hi
1633 1084 1704 1131 vel
1719 1081 1851 1148 belli]
1883 1084 2035 1136 Quod
2056 1082 2186 1133 fecit
2210 1082 2244 1135 J
2250 1085 2317 1133 ul.
2337 1084 2533 1145 Caesar,

1468 1160 1554 1224 qui
1594 1160 1689 1209 sibi
1726 1175 1966 1224 magnum
2009 1160 2302 1224 imperium,
2335 1162 2533 1211 exerci-

1468 1243 1599 1299 tum,
1633 1238 1824 1288 bellum
1857 1253 2047 1289 novum
2092 1242 2394 1303 exoptabat,
2438 1242 2528 1291 ubi

1467 1314 1631 1364 virtus
1648 1316 1936 1365 enitescere
1954 1326 2147 1380 posset.
2189 1318 2322 1367 Vide
2345 1320 2409 1369 Β.
2422 1318 2530 1370 Au·

1467 1392 1657 1455 gustin.
1681 1392 1771 1442 lib.
1798 1407 1849 1442 v.
1874 1392 1938 1442 de
1963 1393 2118 1444 civit.
2142 1394 2264 1457 Dei,
2301 1410 2418 1459 cap.
2444 1400 2528 1446 12.

1467 1469 1615 1518 Idem.

1531 1548 1691 1597 Fauor
1725 1549 1989 1612 popularis]
2023 1550 2234 1600 Petron.
2277 1549 2523 1602 Arbiter:

1464 1624 1479 1650 ‘
1501 1624 1683 1673 Nullos
1707 1625 1969 1689 trepidum
1994 1627 2179 1675 timere
2211 1641 2386 1687 casus,
2410 1629 2525 1677 Nec

1465 1714 1601 1749 vano
1623 1702 1802 1765 populi
1842 1702 2020 1752 favore
2061 1703 2238 1767 tangi.'
2303 1704 2529 1766 Symma-

1464 1776 1593 1825 chus
1627 1778 1714 1827 lib.
1749 1792 1826 1827 ιν.
1868 1779 2039 1842 Epist.
2074 1784 2157 1829 61.
2222 1780 2432 1838 ‘Quare
2458 1793 2523 1829 ex

1462 1855 1669 1904 summis
1713 1856 1900 1919 opibus
1931 1857 2061 1920 juva
2103 1858 2320 1906 Romani
2370 1858 2527 1907 animi

1478 399 1603 446 PHl
1621 398 1923 448 LOSOPH.
1973 401 2117 449 LlB·
2164 400 2275 449 111.

1462 1931 1753 1991 speciosum
1777 1933 2033 1993 calorem3
2069 1941 2318 1983 venturus
2341 1934 2389 1982 in
2411 1949 2525 1997 par·
2624 1928 2631 1935 ’

1464 2011 1570 2054 tem
1594 2008 1855 2069 popularis
1878 2007 2088 2070 favoris,
2106 2009 2150 2058 si
2171 2009 2318 2058 nobis
2345 2024 2410 2057 ex
2433 2017 2523 2059 tuo

1463 2081 1714 2133 beneficio
1748 2085 2006 2134 celebrior
2027 2084 2164 2135 fama
2183 2085 2526 2150 provenerit.’

1460 2161 1628 2212 Quam
1651 2161 1808 2211 facile
1833 2168 2003 2213 autem
2029 2164 2248 2227 populus
2271 2164 2525 2227 capiatur,

1460 2239 1720 2303 palpoque
1743 2239 1960 2291 obtruso
1983 2242 2033 2289 in
2054 2240 2254 2289 diversa
2274 2241 2526 2303 rapiatur,

1458 2313 1781 2366 demonstrat
1803 2323 1859 2366 et
1886 2317 2127 2381 deplorat
2148 2317 2522 2381 Aristophanes

1456 2392 1509 2440 in
1534 2393 1829 2457 Equitibus,
1856 2393 1981 2444 Act.
2005 2398 2054 2442 3.
2077 2395 2226 2443 Scen.
2250 2399 2301 2442 2.
2369 2394 2522 2443 Unde

1458 2471 1526 2519 ob
1567 2471 1698 2520 hanc
1743 2472 2138 2521 inconstantiam
2178 2470 2377 2532 Euripo
2417 2472 2523 2520 ele·

1457 2554 1642 2608 gauter
1700 2546 1764 2595 ab
1818 2547 2030 2610 optimis
2087 2546 2406 2607 auctoribus,
2462 2553 2520 2595 ut

1457 2622 1713 2670 Cicerone
1736 2628 1793 2671 et
1817 2623 1947 2683 aliis,
1979 2629 2327 2684 comparatur.
2365 2623 2518 2673 Idem.

1523 2698 1647 2752 Quoe
1681 2698 1866 2760 quidem
1898 2701 2000 2749 sola
2039 2698 2216 2747 consid.
2256 2695 2519 2761 Epicurus]

1456 2772 1594 2822 Vide
1619 2775 1681 2823 B.
1705 2772 1932 2837 August.
1974 2774 2066 2824 lib.
2094 2787 2216 2823 xm.
2257 2773 2323 2825 de
2361 2776 2519 2825 Civit.

1457 2850 1580 2912 Dei,
1615 2865 1731 2914 cap.
1757 2857 1801 2900 1.
1837 2853 1986 2900 Idem.

1520 2929 1706 2979 METR.
1734 2933 1781 2978 2.
1820 2929 2000 2985 Quibus
2022 2929 2288 2977 immensum
2310 2928 2533 2991 Legibus-

1454 3006 1612 3056 orbem
1627 3022 1704 3070 pr.
1725 3005 1794 3068 s.]
1815 3006 2027 3064 ‚Statius
2042 3005 2173 3054 libro
2196 3019 2282 3054 ιιι.
2316 3006 2518 3068 Sylvar.

1456 3084 1472 3109 ‘
1486 3083 1624 3133 Quid
1649 3083 1786 3131 enim
1809 3082 2062 3146 terrisque
2080 3082 2303 3145 poloque
2323 3082 2531 3130 Palen--

1456 3157 1508 3207 di
1533 3158 1643 3207 sine
1667 3160 1782 3222 lege
1804 3157 2015 3208 manet.'
2048 3159 2201 3208 Ideni.

1520 3235 1662 3284 Poem·
1694 3237 1866 3299 leones]
1899 3233 2150 3295 Africani,
2170 3249 2386 3299 quorum
2411 3248 2517 3282 ma·

1444 3312 1536 3375 jor
1558 3318 1639 3361 est
1661 3310 1849 3360 feritas
1885 3319 1938 3360 et
1971 3311 2190 3361 saevitia.
2260 3310 2398 3360 Vide
2421 3311 2514 3360 So-

1452 3389 1543 3438 lin.
1587 3403 1707 3452 cap.
1745 3391 1824 3437 30.
1861 3394 1918 3436 et
1953 3387 2176 3452 Oppian.
2212 3387 2515 3452 Cynegetic.

1453 3465 1654 3514 Seneca
1680 3465 1731 3513 in
1759 3464 2038 3528 Hippolyt.
2072 3481 2146 3514 vs.
2169 3469 2285 3513 347.
2329 3463 2343 3490 ‘
2361 3462 2512 3512 Poeni

1454 3544 1696 3607 quatiunt
1742 3544 1877 3593 colla
1938 3545 2117 3593 leones
2176 3545 2307 3593 Cum
2348 3543 2515 3592 movit

1452 3621 1630 3669 amor!
1664 3622 1866 3670 Similia
1888 3619 2000 3671 fere
2035 3621 2192 3670 verba
2216 3627 2338 3670 sunt
2371 3617 2511 3681 apud

1450 3695 1674 3745 Statium
1696 3711 1762 3745 n.
1797 3696 1987 3746 Achill.
2011 3711 2165 3761 quem
2200 3704 2376 3745 noster
2400 3694 2511 3743 imi-

1454 3780 1595 3823 tatur
1619 3791 1633 3823 :
1682 3777 1698 3802 ‘
1724 3775 1800 3823 Ut
1829 3775 1911 3823 leo
1935 3784 2169 3822 materno
2191 3787 2309 3822 eum
2333 3777 2511 3833 raptus

1452 3849 1516 3898 ab
1557 3848 1720 3901 ubere
1767 3863 1934 3898 mores
1980 3848 2220 3911 Accepit,
2264 3847 2510 3910 pectique

1451 3939 1640 3987 comae,
1660 3925 2022 3989 hominemque
2063 3923 2232 3973 vereri
2265 3916 2513 3983 Edidicit‚

1451 4002 1718 4066 nullasque
1752 4001 1858 4049 ruit
1881 4001 1976 4050 nisi
2007 4001 2184 4064 jussus
2206 4000 2261 4048 iu
2285 3997 2417 4047 iras:
2454 3997 2510 4046 Si

1450 4078 1609 4127 semel
1653 4076 1872 4126 adverso
1911 4075 2135 4125 radiavit
2169 4074 2362 4122 lumine
2408 4069 2508 4120 fer-

1449 4168 1584 4213 rum,
1604 4152 1656 4200 It
1681 4152 1862 4216 jurata
1885 4150 2033 4212 fides,
2056 4149 2384 4213 domitorque
2411 4147 2507 4195 ini-

1448 4229 1610 4277 micus
1632 4215 1699 4276 in
1726 4228 1866 4275 illum
1892 4227 2077 4275 -Prima
2099 4225 2280 4285 fameS,
2303 4223 2510 4273 timido·

1448 4320 1548 4372 que
1567 4305 1732 4369 pudet
1756 4305 1949 4354 servire
1966 4302 2248 4366 magistro.'
2319 4302 2505 4351 Senec.
