3049 4928
518 390 649 485 276

610 551 786 631 Quae
815 572 969 618 cum
1003 556 1192 618 secta
1223 554 1393 619 duos
1420 560 1674 621 motum
1705 557 2089 638 glomeravit
2118 560 2187 623 in
2219 561 2440 637 orbeS,

1212 408 1518 458 Bom'Hn
1571 412 1668 459 DE
1718 412 1951 462 coNso
1963 414 2027 462 12.

2645 557 2732 620 15

608 657 693 720 In
719 664 929 722 semet
956 657 1251 722 reditura
1280 666 1482 735 meat,
1515 667 1935 743 mentemque
1967 661 2364 743 profundam

607 757 887 839 Circuit,
917 766 986 825 et
1016 760 1218 825 simili
1250 762 1587 826 convertit
1616 762 1901 845 imagine
1928 764 2202 829 coelum.

519 960 672 1010 divisa
691 961 744 1009 in
775 960 982 1009 minutas
1001 965 1180 1024 partes,
1212 965 1453 1025 postquam
1488 962 1688 1025 perfecit
1715 963 1946 1027 duplicem
1979 964 2250 1022 circuitam,
2282 978 2366 1026 per
2398 978 2533 1011 suum
2568 975 2733 1026 corpus

516 1026 692 1075 iterum
717 1032 948 1090 mouetur,
970 1041 1218 1076 reversura
1239 1026 1291 1076 in
1310 1026 1628 1092 semetipsam,
1651 1034 1698 1079 et
1717 1030 1889 1079 circuit
1908 1031 2114 1080 unimam
2129 1030 2360 1094 infinwm,
2378 1034 2426 1077 et
2446 1028 2734 1090 circumagit

1511 1184 1732 1236 NOTA-3

521 1307 578 1351 et
599 1315 629 1349 a
652 1299 928 1362 Cicerone,
948 1300 963 1328 ‘
990 1298 1207 1349 duorum
1232 1296 1450 1347 fratrum
1480 1312 1585 1347 me-

521 1377 637 1426 dius
655 1381 696 1437 3’
726 1382 781 1426 et
801 1375 867 1425 ab
891 1375 1116 1425 Horatio
1139 1375 1155 1403 ‘
1185 1374 1309 1424 belli
1335 1375 1584 1439 pacisque

520 1452 782 1514 medius3’
816 1452 1090 1517 potuitque
1121 1451 1295 1501 anima
1327 1452 1417 1501 illa
1448 1453 1584 1503 hanc

516 1531 533 1557 ⁸
556 1529 774 1594 triplicis
792 1536 992 1579 naturoe
1006 1527 1023 1551 ’
1046 1529 1487 1580 enumerationem
1507 1529 1584 1579 in-

519 1611 630 1654 star
686 1603 851 1669 partis
906 1604 1101 1668 subire,
1153 1604 1585 1670 quemadmodum

520 1682 704 1746 Capua
748 1680 939 1732 subivit
987 1689 1195 1733 ternum
1242 1675 1585 1734 maximarum

521 1759 725 1808 urbium
765 1772 1054 1820 numerum,
1092 1760 1242 1822 cujus
1284 1765 1458 1809 tamen
1493 1774 1585 1808 nu·

519 1835 652 1884 meri
684 1836 799 1899 ipsa
835 1833 994 1883 fuerit
1032 1849 1188 1898 pars:
1221 1835 1237 1863 ‘
1263 1833 1478 1899 Capua,’
1510 1835 1587 1884 in-

520 1912 634 1977 quit
669 1913 852 1962 Florus
875 1926 1031 1977 supra
1052 1912 1265 1975 citatus,
1287 1913 1303 1941 ‘
1327 1911 1586 1978 quondam

519 1992 659 2040 inter
697 1996 802 2039 tres
831 1990 1077 2038 maximas
1113 1989 1332 2039 Romam
1367 1989 1586 2041 Cartha-

523 2067 797 2132 ginemque
830 2064 1136 2115 numerata.’
1216 2066 1445 2129 Insuper
1484 2066 1588 2116 ista

522 2143 693 2193 anima
728 2142 1026 2206 perhibetur
1057 2142 1073 2169 ‘
1097 2149 1288 2192 cuncta
1320 2143 1586 2193 moverez’

519 2235 625 2270 non
680 2218 817 2284 quod
874 2226 1062 2269 cuncta
1114 2234 1331 2284 corpora
1377 2220 1443 2269 ab
1488 2222 1587 2271 hac

520 2298 689 2347 anima
707 2303 1042 2346 moveantur:
1080 2298 1228 2361 plura
1260 2297 1397 2347 enim
1419 2298 1587 2358 solida

522 2380 660 2435 sunt,
703 2388 920 2438 quorum
966 2373 1165 2424 idcirco
1209 2382 1389 2439 partes
1422 2376 1587 2440 quies-

522 2459 681 2505 cunt:
730 2452 825 2503 sed
862 2451 996 2519 quod
1033 2453 1178 2504 nulla
1217 2469 1452 2519 corpora,
1486 2454 1587 2505 nisi

523 2531 623 2582 hac
654 2531 1115 2597 animatmovente,
1139 2539 1475 2584 moveantur:
1509 2535 1586 2583 sic

520 2609 673 2660 Joan.
698 2612 745 2659 1.
779 2609 794 2637 ‘
819 2608 990 2658 omnia
1011 2623 1103 2671 per
1122 2609 1295 2658 Deum
1319 2607 1485 2658 facta’
1509 2609 1587 2657 di-

523 2693 733 2749 cuntur,
759 2700 861 2735 non
897 2683 1035 2751 quod
1070 2686 1239 2735 omnia
1269 2686 1417 2735 simul
1447 2684 1589 2751 facta

521 2761 718 2812 fuerint
740 2777 770 2811 a
793 2763 928 2825 Deo,
964 2762 1055 2811 sed
1087 2762 1224 2826 quod
1248 2777 1589 2827 quaecumque

519 2837 661 2889 facta
682 2843 823 2901 sunt,
841 2839 954 2888 haec
978 2853 1078 2888 non
1102 2838 1197 2887 nisi
1231 2839 1299 2888 ab
1333 2838 1448 2902 ipso
1470 2840 1588 2890 Deo

523 2913 668 2963 facta
691 2915 810 2965 sint.
874 2914 1092 2965 Scilicet
1107 2920 1166 2964 ut
1189 2914 1418 2964 videmus
1443 2931 1587 2980 quae-

522 2992 639 3042 dam
660 3008 878 3057 corpora
910 2993 1122 3044 sensilia
1153 2993 1350 3042 moveri
1381 2993 1448 3042 ab
1472 2993 1588 3044 aliis

523 3071 831 3135 corporibus
850 3070 1146 3134 sensilibus,
1164 3086 1214 3119 v.
1236 3086 1286 3134 g.
1305 3070 1542 3121 baculum
1558 3088 1591 3123 a

522 3163 697 3211 manu,
711 3150 787 3199 sic
803 3149 917 3199 haec
934 3148 1140 3198 sensilia
1157 3147 1223 3196 ab
1241 3147 1590 3212 insensilibus,

525 3239 577 3275 v.
601 3240 652 3288 g.
677 3239 881 3274 manum
905 3239 935 3273 a
957 3224 1246 3289 spiritibus,
1276 3226 1590 3275 commoveri

518 3300 850 3367 conjicimus,
888 3317 922 3353 a
961 3302 1100 3353 notis
1144 3304 1212 3353 ad
1257 3303 1421 3353 minus
1462 3311 1591 3355 nota

525 3381 813 3445 progressi:
849 3380 1016 3431 donec
1034 3381 1242 3446 aliquod
1271 3382 1487 3446 primum
1513 3382 1588 3431 in-

523 3458 816 3508 venerimus
841 3473 1029 3522 corpus
1063 3459 1203 3522 quod
1235 3460 1300 3507 ab
1333 3461 1447 3523 ipso
1471 3461 1590 3511 Deo

524 3543 812 3597 moveatur,
826 3535 983 3598 juxta
1004 3534 1128 3584 illud
1160 3536 1589 3601 Philosophorum

525 3612 772 3664 effatum:
822 3627 1011 3676 corpus
1048 3614 1186 3677 quod
1224 3618 1590 3679 movetur,-ab

526 3694 629 3742 alio
679 3697 948 3741 moveatur
991 3705 1206 3741 necesse
1250 3698 1348 3742 est.
1434 3692 1592 3746 Adde

527 3769 669 3835 quod
712 3768 896 3817 eadem
947 3768 1116 3817 anima
1159 3767 1351 3819 dicitur
1398 3785 1428 3819 a
1471 3772 1591 3822 Deo

524 3847 540 3874 ‘
566 3842 871 3896 connectiz’
922 3859 1038 3894 curn
1077 3844 1215 3895 enim
1262 3861 1447 3910 corpus
1488 3863 1592 3898 uon

526 3927 735 3972 moveat
751 3920 851 3970 nisi
872 3928 1134 3984 contactu,
1166 3923 1280 3973 haec
1296 3924 1463 3973 anima
1488 3939 1590 3973 uon

526 4005 705 4063 posset
726 4012 956 4060 movere,
989 4000 1086 4049 nisi
1106 4014 1223 4050 cum
1243 4015 1460 4065 corpore
1482 4015 1589 4049 mo-

523 4076 693 4126 vendo
711 4083 1135 4128 connecteretur:
1160 4078 1489 4127 connectitur
1506 4092 1592 4127 au-

527 4158 633 4202 tem
652 4168 681 4203 a
704 4153 835 4214 Deo,
872 4168 902 4202 a
935 4168 1037 4218 quo
1072 4153 1292 4218 primum
1317 4151 1460 4202 facta
1481 4168 1588 4203 mo-

528 4236 698 4290 vetur,
717 4228 797 4293 iis,
815 4244 944 4294 quas
979 4230 1089 4294 ipse
1124 4231 1271 4279 Deus
1293 4229 1589 4292 coustituit,

526 4314 726 4363 naturae
751 4307 974 4371 legibus.
1029 4306 1326 4358 Quinetiam
1348 4306 1459 4357 haec
1483 4307 1588 4356 ani-

1666 1314 1747 1349 ma
1783 1299 2030 1350 divinitus
2062 1300 2078 1328 ‘
2112 1314 2213 1363 per.
2240 1314 2467 1349 consona
2499 1296 2737 1347 membra

1669 1377 1942 1426 resolvitur
1961 1375 2000 1426 :’
2037 1375 2354 1439 Resolvitur,
2376 1376 2603 1439 inquam,
2639 1389 2737 1438 per

1663 1453 1923 1503 membra:
1959 1453 2130 1503 anima
2151 1453 2285 1502 enim
2310 1453 2400 1501 illa
2424 1467 2618 1516 corpus
2655 1458 2741 1502 est

1666 1531 2077 1596 liquidissimum,
2121 1531 2270 1595 cujus
2312 1536 2488 1594 partes
2531 1536 2594 1579 ut
2627 1544 2739 1580 mo-

1665 1615 1872 1672 ventur,
1896 1610 1969 1659 sic
1986 1609 2038 1658 in
2063 1610 2205 1658 varia
2227 1609 2344 1658 loca
2376 1607 2621 1658 resolutae
2649 1622 2741 1658 va·

1670 1684 1747 1735 ria
1767 1686 1989 1736 subeunt
2021 1684 2252 1748 corporis
2285 1682 2551 1733 informati
2576 1698 2740 1733 mem-

1668 1760 1781 1811 bra.
1839 1761 1943 1812 Sed
1961 1761 2192 1811 membra
2211 1762 2324 1810 haec
2346 1766 2469 1810 sunt
2490 1773 2745 1822 consona,

1666 1836 1776 1887 sive
1800 1837 2190 1900 convenientia,
2213 1852 2331 1888 cum
2355 1838 2493 1887 inter
2526 1850 2603 1894 se,
2626 1843 2743 1886 tum

1667 1913 1785 1963 c'um
1802 1915 1914 1978 ipsa
1935 1915 2123 1976 anima,
2141 1930 2172 1963 a
2186 1929 2290 1979 qua
2303 1912 2561 1964 movenda
2580 1919 2742 1963 sunt:

1668 1997 1728 2040 ut
1750 1993 1955 2043 scilicet
1977 1991 2177 2041 minora
2209 1990 2429 2055 primum
2454 1990 2521 2039 ab
2546 1990 2744 2052 anima,

1669 2068 1860 2119 deinde
1896 2070 2094 2132 majora
2128 2074 2183 2118 et
2215 2083 2246 2116 a
2278 2067 2560 2116 minoribus
2592 2073 2652 2117 et
2675 2067 2744 2117 ab

1666 2146 1781 2211 ipsa
1826 2160 2030 2211 quoque
2061 2145 2233 2194 anima
2269 2148 2610 2194 meveantur:
2666 2144 2743 2193 sic

1666 2224 1739 2273 sal
1760 2239 1793 2274 a
1812 2225 1960 2287 mari,
1985 2223 2129 2273 navis
2163 2223 2229 2272 ab
2261 2228 2481 2286 utroque
2504 2221 2745 2271 contrita

1667 2303 1880 2355 fatiscit.
1906 2304 2073 2353 Immo
2089 2302 2347 2366 praedicta
2365 2300 2538 2350 anima
2553 2301 2569 2328 ‘
2592 2306 2743 2350 secta

1667 2381 1892 2445 circuit,'
1931 2381 2006 2431 ita
2037 2387 2096 2431 ut
2128 2379 2284 2429 finem
2298 2380 2522 2444 jungens
2544 2378 2743 2442 priuci-

1670 2459 1757 2523 pio
1782 2475 1897 2510 suae·
1911 2457 2171 2520 motionis,
2200 2457 2216 2486 ‘
2234 2453 2458 2507 motum’
2493 2454 2744 2506 videatur

1670 2538 1686 2565 ‘
1711 2538 1999 2601 glomerare
2018 2536 2067 2585 in
2086 2535 2264 2584 orbem
2283 2532 2323 2595 ς’
2347 2531 2548 2592 eafaire
2564 2548 2744 2584 comme

1669 2630 1731 2664 un
1751 2616 1912 2677 platon
1934 2613 2094 2679 defit.-
2130 2613 2326 2675 glomus
2359 2609 2498 2659 enim
2534 2609 2743 2660 Gallice

1671 2698 1753 2742 est
1780 2707 1844 2740 un
1865 2692 2028 2753 platon
2058 2690 2117 2738 de
2135 2687 2219 2752 fil.
2284 2687 2383 2735 Est
2415 2684 2629 2748 quidem
2656 2685 2745 2735 illa

1671 2769 1844 2819 anima
1866 2773 2041 2817 secta:
2067 2763 2207 2829 quia,
2224 2763 2388 2812 instar
2404 2775 2573 2826 aqum,
2594 2760 2747 2824 aeris,

1670 2852 1726 2895 et
1748 2844 1911 2908 ipsius
1932 2841 2084 2906 ignis,
2108 2838 2324 2904 liquida,
2349 2844 2429 2887 est
2461 2838 2743 2901 congeries

1671 2922 1893 2986 plurium
1916 2916 2361 2982 corpusculorum,
2384 2928 2522 2978 quae,
2539 2920 2600 2963 ut
2630 2929 2739 2964 mo·

1667 3004 1879 3061 ventur,
1899 2997 1972 3046 sic
1993 2998 2301 3058 separantur
2316 3006 2349 3041 a
2364 3004 2479 3040 sese
2498 2990 2744 3044 invicem.

1672 3074 1748 3125 At
1779 3075 1895 3138 ipsa
1931 3073 2104 3122 anima
2135 3071 2150 3099 ‘
2178 3067 2387 3118 circuit’
2412 3081 2508 3131 per
2531 3082 2746 3132 corpus,
2845 3058 2846 3065 ’

1671 3153 1723 3202 in
1740 3167 1841 3217 quo
1861 3150 2148 3214 reperitur:
2185 3147 2425 3212 quoniam
2449 3148 2744 3208 generatim

1673 3244 1863 3294 corpus
1903 3241 2075 3288 omne,
2111 3238 2213 3289 qua
2250 3223 2418 3272 minus
2456 3223 2745 3286 resistitur,

1671 3322 1819 3357 suum
1854 3303 2128 3355 continuat
2164 3306 2390 3350 motum:
2441 3299 2518 3348 sic
2552 3312 2743 3350 succus

1673 3382 1869 3433 arboris
1913 3379 1979 3430 ad
2028 3392 2282 3428 summum
2322 3376 2495 3441 potius
2540 3375 2744 3426 arboris

1675 3460 1923 3510 verticem
1958 3455 2214 3516 ascendit,
2253 3468 2406 3520 quarn
2440 3467 2536 3516 per
2571 3455 2744 3505 tenui-

1674 3552 1814 3588 orem
1833 3536 2082 3588 corticem
2097 3538 2285 3583 exeat:
2316 3532 2407 3582 sed
2434 3531 2608 3581 eidem
2635 3532 2742 3582 ani-

1672 3631 1791 3678 mae,
1815 3612 2121 3678 corporibus
2153 3609 2374 3660 diversis
2403 3607 2636 3674 undique
2661 3623 2740 3658 re-

1672 3690 1993 3748 sistentibus,
2034 3686 2240 3737 facilius
2279 3694 2360 3735 est
2402 3686 2543 3735 intra
2589 3700 2740 3735 suum

1675 3782 1864 3831 corpus
1906 3766 2161 3825 circuire3
2214 3778 2366 3828 quam
2404 3771 2558 3812 extra
2600 3762 2742 3812 idem

1672 3858 1861 3907 corpus
1911 3841 2107 3907 egredi.
2157 3841 2303 3891 Eccl.
2348 3844 2395 3889 1.
2452 3840 2741 3889 ‘Lustrans

1672 3919 1952 3982 universa,’
2008 3918 2180 3983 iuquit
2230 3917 2455 3981 Spiritus
2496 3918 2741 3978 Sanctus,

1669 3999 1685 4026 ‘
1712 3999 1764 4047 in
1787 3997 2008 4047 circuitu
2034 3994 2213 4060 pergit
2233 3993 2465 4056 spiritus,
2486 4003 2543 4042 et
2564 3993 2617 4042 in
2642 3993 2739 4042 cir-

1673 4077 1814 4126 culos
1838 4091 1953 4125 suos
1970 4075 2252 4125 revertitur
2267 4090 2280 4124 z
2295 4073 2309 4095 ’
2333 4087 2513 4137 quare,
2528 4080 2589 4121 ut
2602 4085 2738 4120 nunc

1672 4152 1882 4214 dicitur,
1919 4154 2030 4202 baec
2068 4153 2239 4202 anima
2271 4152 2287 4180 ‘
2314 4151 2367 4199 in
2400 4154 2570 4199 semet
2603 4147 2736 4197 redi-

1673 4236 1794 4279 tura
1817 4228 1993 4279 meat.’
2056 4228 2252 4279 Verum
2283 4228 2399 4277 haec
2434 4227 2626 4286 anima,
2649 4225 2736 4272 ba-

1669 4307 1780 4359 bita
1799 4307 2001 4359 ratione
2016 4307 2288 4371 machinae,
2306 4318 2460 4371 quam
2477 4302 2739 4364 informat,
