3049 4928
510 405 639 470 560
1251 411 1572 468 ΝοτιτιΑ
1625 411 2045 467 mmmmm

751 570 1081 630 Porticibus
1108 569 1288 630 sacris
1306 568 1429 648 jam
1460 589 1617 629 nunc
1642 567 1943 647 peregrina
1970 566 2207 647 quiesco

825 668 1058 732 Iudicis
1088 666 1292 727 aeterni
1323 665 1638 727 testificata
1668 668 1968 726 thronum.

755 766 848 825 Ne
878 785 998 844 qua
1027 785 1229 825 manus
1258 765 1498 826 bustum
1530 765 1727 836 violet,
1755 762 1868 822 nisi
1895 761 2045 821 forte
2062 759 2281 840 jugalis

835 863 982 922 Haec
1010 861 1219 923 iterum
1249 863 1454 940 cupiat
1471 860 1727 940 jungere
1757 860 2022 919 membra
2048 859 2189 917 suis.

754 959 838 1019 Ut
865 959 1106 1018 thalami
1128 959 1454 1037 tumulique
1481 978 1682 1018 comes
1713 976 1822 1016 nec
1851 967 2040 1015 morte
2067 954 2315 1015 revellat·

834 1055 911 1114 Et
939 1055 1132 1114 socios
1161 1054 1279 1115 vita
1307 1064 1509 1116 nectat
1548 1064 1792 1132 uterque
1822 1052 1988 1113 cinis.

597 1153 666 1210 In
691 1151 1017 1228 penultimo
1046 1171 1216 1211 versu
1257 1152 1408 1210 male
1446 1149 1682 1210 revellat
1720 1151 1930 1229 legitur
1958 1150 2017 1208 in
2049 1147 2530 1228 inscriptionibus
2559 1147 2710 1205 Gru-⁵

513 1248 623 1307 teri
656 1267 721 1325 p.
751 1263 1043 1311 Mchvr.
1080 1248 1139 1310 6.
1184 1257 1244 1309 et
1271 1248 1530 1328 Philippi
1568 1249 1798 1312 Labbei
1836 1248 2115 1308 thesauro
2145 1246 2521 1324 Epitaphior.
2551 1252 2712 1322 parte

512 1353 574 1406 2.
603 1366 664 1405 ιι.
693 1351 790 1405 51.
875 1347 970 1407 De
1018 1347 1252 1422 Boethii
1299 1348 1638 1427 Epitaphio,
1671 1345 1835 1427 quod
1875 1345 2074 1407 adhuc
2119 1345 2323 1423 Papiae
2372 1343 2495 1402 sive
2523 1342 2717 1402 Ticini

512 1444 785 1515 cernitur,
816 1444 952 1504 vide
980 1445 1223 1505 Joannis
1249 1444 1645 1525 Peringskiold
1667 1455 1844 1506 notas
1871 1443 1944 1504 ad
1978 1444 2159 1503 vitam
2186 1435 2548 1502 Theudorici
2574 1439 2717 1500 alo.

512 1538 783 1602 Cochleo
811 1542 1091 1620 scriptam
1121 1563 1184 1621 p.
1218 1550 1355 1613 537.
1386 1544 1809 1604 Stockholmiae
1832 1545 1908 1603 A.
1943 1542 2118 1613 1699.
2145 1550 2206 1601 4.

590 1639 794 1700 Altera
837 1640 1071 1699 Boethii
1119 1659 1269 1701 uxor
1306 1640 1420 1702 fuit
1463 1640 1830 1716 Rusticiana,
1861 1639 1939 1700 de
1968 1658 2085 1718 qua
2114 1636 2447 1716 Procopius
2480 1650 2596 1697 111.
2625 1642 2723 1697 20.

507 1732 590 1793 de
644 1734 800 1795 bello
850 1737 1156 1797 Gothico:
1200 1738 1543 1817 Symmachi
1592 1737 1697 1816 qui
1742 1741 1813 1797 A.
1842 1737 1919 1797 C.
1948 1742 2092 1796 485.
2126 1733 2352 1795 Consul
2392 1732 2527 1802 fuit,
2580 1730 2725 1802 filia,

512 1840 816 1911 materque
857 1834 1242 1914 plurimorum
1275 1835 1618 1907 liberorum,
1647 1856 1680 1894 e
1722 1833 1938 1913 quibus
1974 1832 2095 1893 duo
2134 1830 2256 1903 filii,
2293 1832 2373 1900 Q.
2405 1833 2556 1890 Aur.
2584 1828 2725 1887 Ani-

513 1928 643 1988 cius
678 1932 1064 2011 Symmachus
1100 1942 1161 1994 et
1195 1932 1441 1994 Anicius
1484 1933 1742 1994 Manlius
1772 1931 2082 1992 Severinus
2124 1927 2411 1992 Boethius
2457 1926 2728 1987 consules

511 2025 678 2087 fuere
709 2030 785 2089 A.
816 2030 886 2090 C.
919 2039 1057 2092 522.

588 2124 1029 2188 Theodoricum
1074 2147 1198 2190 suae
1229 2127 1286 2187 in
1318 2127 1637 2189 Bo'eithium
1667 2126 1996 2206 iniquitatis
2026 2144 2153 2188 sero
2181 2124 2394 2186 deinde
2425 2121 2728 2203 poenituit.

512 2220 660 2282 Vide
691 2224 1047 2303 Procopium
1079 2227 1150 2286 L.
1185 2242 1235 2287 1.
1265 2225 1547 2288 Historiae
1568 2225 1871 2285 Gothicae.

596 2319 908 2382 Boethium
936 2343 1053 2383 una
1080 2344 1217 2386 curn
1248 2343 1455 2384 socero
1484 2344 1592 2382 suo
1624 2324 1983 2400 Symmacho
2002 2322 2155 2386 fuste
2173 2321 2366 2399 eapite
2384 2327 2730 2380 truncatum

513 2415 718 2478 scribit
744 2427 954 2481 auctor
981 2420 1116 2482 vitae
1148 2422 1212 2482 S.
1259 2419 1549 2500 Solangiae
1577 2419 1757 2481 Tom.
1801 2435 1886 2481 11.
1913 2421 2053 2484 Act.
2084 2420 2441 2480 Sanctorum
2473 2415 2622 2476 Maii
2671 2435 2731 2495 p.

514 2519 655 2582 594.
683 2524 864 2595 atque
903 2517 1038 2577 inde
1081 2518 1245 2597 pingi
1295 2528 1480 2597 caput
1510 2537 1684 2578 suum
1729 2537 1902 2580 manu
1944 2527 2299 2597 portantem.
2389 2513 2730 2575 Gerbertus

509 2610 638 2671 sive
666 2613 965 2692 Sylvester
997 2631 1075 2675 ιι.
1105 2614 1413 2676 Pontifex:

914 2741 1074 2761 ---
1101 2712 1301 2791 gladio
1332 2713 1667 2774 bacchante
1696 2712 2033 2775 Gothorum

757 2807 1019 2866 Libertas
1049 2809 1317 2868 Romana
1342 2810 1516 2887 perit,
1549 2818 1615 2867 tu
1643 2806 1861 2868 Consul
1890 2819 1946 2866 et
1976 2806 2113 2867 exul

752 2903 1018 2983 Insignes
1048 2904 1250 2966 titulos
1278 2907 1566 2984 praeclara
1595 2914 1781 2970 morte
1811 2903 2111 2983 relinquis.

512 2997 666 3057 Vide
694 2999 870 3060 etiam
900 3020 1034 3078 quae
1063 3010 1234 3061 notat
1261 3001 1706 3078 Papebrochius
1734 3001 1916 3061 Tom.
1956 3000 2020 3062 6.
2054 3000 2196 3063 Maii
2220 3002 2378 3081 mag.
2417 3010 2558 3071 704.
2588 3022 2725 3080 seq.

511 3104 568 3154 et
596 3096 693 3155 Jo.
712 3094 1117 3175 Peringskiold
1136 3096 1213 3156 ad
1242 3095 1423 3158 vitam
1453 3096 1817 3159 Theodorici
1843 3117 1904 3176 p.
1936 3096 2075 3160 566.

595 3193 687 3253 De
715 3193 890 3254 rebus
908 3195 1142 3253 Boethii
1162 3214 1287 3275 prae
1309 3196 1543 3254 caeteris
1562 3194 1871 3273 diligenter
1899 3197 2019 3274 egit
2045 3204 2254 3256 auctor
2282 3196 2565 3259 Historiae
2594 3195 2732 3273 ejus

505 3288 571 3347 in
599 3299 717 3350 tres
736 3290 940 3351 divisae
967 3292 1147 3352 libros
1170 3300 1232 3353 et
1257 3292 1492 3353 Gallice
1511 3311 1704 3372 nuper
1720 3291 1921 3363 editae,
1955 3301 1973 3327 ‘
1999 3293 2259 3354 Histoire
2276 3293 2353 3354 de
2383 3295 2590 3367 noete,
2622 3297 2734 3369 Se·

511 3396 722 3448 nateur
749 3388 1021 3462 Romaiu,
1050 3410 1198 3450 avec
1236 3384 1275 3450 1’
1302 3391 1540 3475 analyse
1579 3390 1664 3451 de·
1686 3401 1823 3451 tous
1866 3411 1958 3450 ses
2002 3411 2307 3472 ouvrages,
2337 3392 2443 3453 des
2473 3403 2644 3456 notes
2668 3404 2736 3453 et

513 3482 621 3543 des
670 3485 1077 3549 dissertations
1125 3490 1503 3569 Historiques
1529 3499 1592 3551 et
1627 3489 2118 3570 Theologiques.'
2198 3491 2379 3552 Paris.
2420 3500 2597 3559 1715.
2634 3502 2734 3554 12.

509 3581 775 3661 quinque
821 3584 1237 3646 voluminibus
1320 3587 1475 3647 Vide
1529 3587 1949 3666 Ephemerides
1985 3588 2268 3653 literarias
2312 3589 2496 3651 Paris.
2549 3586 2731 3659 1716.

512 3698 652 3757 pag.
685 3688 825 3742 330.
856 3702 983 3761 seq.
1038 3684 1202 3744 Male
1242 3703 1381 3764 pag.
1420 3692 1565 3749 331.
1605 3687 1886 3748 Boethius
1913 3686 2133 3748 dicitur
2168 3695 2339 3751 natus
2368 3686 2450 3746 A.
2476 3687 2550 3746 C.
2582 3696 2729 3755 407.

512 3776 722 3855 opinor
746 3781 1103 3859 typographi
1132 3801 1325 3842 errore
1352 3803 1462 3861 pro
1488 3781 1630 3854 467.

595 3875 831 3934 Boethii
877 3875 954 3936 de
1003 3879 1427 3941 Consolatione
1467 3874 1832 3943 Hincmarus
1869 3900 2109 3961 quoqne
2152 3881 2395 3945 Librum
2440 3890 2733 3940 memorat

512 3989 630 4029 non
658 3971 841 4031 libros
876 3974 1054 4035 Toni.
1097 3991 1146 4036 1.
1188 3996 1324 4056 pag.
1363 3987 1508 4039 211.
1532 3977 1617 4038 -de
1652 3977 2053 4056 praedestinat.
2095 3987 2301 4038 contra
2350 3977 2731 4038 Godeschal-

514 4087 649 4127 cum
676 4079 735 4129 et
764 4069 845 4129 T.
875 4087 955 4132 11.
985 4092 1124 4151 pag.
1150 4075 1249 4135 62.
1280 4082 1298 4108 ‘
1317 4073 1561 4153 quidam
1589 4074 1919 4135 catholicus
1948 4085 2010 4135 et
2039 4075 2336 4153 sapientiae
2360 4093 2435 4135 ac
2465 4073 2730 4133 scientiae

512 4166 712 4229 multae
756 4165 1155 4251 Philosophus
1203 4171 1262 4231 in
1301 4171 1560 4249 quodam
1591 4190 1698 4231 suo
1726 4172 1948 4243 Libro}
1975 4177 2095 4233 διο.
2179 4174 2437 4235 Joannes
2467 4171 2736 4230 Sarisbe·

514 4263 711 4325 riensis
740 4281 863 4328 vn.
901 4276 993 4329 15.
1026 4268 1395 4330 Policratici:
1443 4268 1545 4329 ‘Si
1595 4269 1735 4331 mibi
1785 4289 1902 4330 non
1944 4270 2164 4342 credis,
2195 4270 2343 4330 liber
2389 4270 2463 4328 de
2503 4271 2726 4330 Conso-
