3049 4928
512 400 643 466 332
1207 415 1511 464 nom-mr
1566 417 1662 464 nn
1712 409 2024 466 censoir:

1033 561 1093 626 Ο
1124 563 1335 628 levem
1366 563 1640 627 nimium
1672 582 1959 640 manum,

1030 665 1182 730 Nec
1215 668 1520 750 potentia
1551 667 1871 750 gramina,
2627 665 2710 729 30

1026 767 1336 833 Membra
1367 790 1516 853 quae
1551 769 1820 833 valeant
1846 769 2030 847 licet,

1031 870 1260 937 Corda
1290 879 1541 937 vertere
1568 891 1704 936 non
1731 872 1993 937 valent!

1034 973 1225 1040 Intus
1254 982 1355 1039 est
1380 976 1723 1040 hominum
1751 976 1937 1058 vigor

1030 1076 1210 1143 Arce
1244 1079 1551 1144 conditus
1582 1079 1835 1144 abdita.

1028 1180 1488 1247 Haec'venena
1515 1183 1854 1266 potentius
2472 1230 2477 1231 ff
2623 1179 2708 1245 35

1028 1284 1417 1349 Detrahunt
1445 1284 1776 1349 hominem
1808 1284 1938 1349 sibi

1023 1387 1215 1466 Dira,
1248 1408 1398 1473 quae
1428 1389 1694 1472 penitus
1724 1398 1966 1464 meant,

1022 1489 1171 1555 Nec
1204 1490 1511 1555 nocentia
1542 1490 1811 1573 corpori

1025 1591 1277 1657 Mentis
1310 1593 1572 1657 vulnere
1592 1601 1643 1642 ¹⁹
1685 1592 1990 1659 saeviunt.

505 1778 747 1827 dexteram
785 1777 947 1828 Circes
967 1777 1332 1842 imbecilliorem,
1355 1795 1381 1827 o
1404 1780 1573 1829 herbas
1603 1796 1735 1843 saga
1756 1780 2008 1840 invalidas,
2040 1795 2143 1843 quoe
2165 1779 2377 1843 quamvis
2394 1777 2578 1840 possint
2607 1794 2711 1828 mu·

505 1846 612 1890 tare
630 1857 811 1904 eorpus,
831 1858 923 1890 non
949 1848 1105 1892 tamen
1138 1849 1328 1905 possunt
1348 1849 1532 1893 mutare
1554 1852 1752 1894 mentem
1769 1862 1786 1894 .·
1817 1847 1869 1895 id
1903 1845 2098 1894 uirtutis
2132 1850 2203 1895 ,est
2239 1843 2506 1893 hominibus
2528 1844 2708 1906 insitoe,

504 1920 607 1967 quoe
636 1907 689 1954 in
707 1913 862 1957 mente
881 1908 1003 1956 velut
1028 1908 1081 1957 in
1102 1923 1209 1957 arce
1228 1911 1408 1958 occulta
1439 1910 1718 1972 includitur,
1750 1925 1932 1960 morum
1966 1911 2183 1960 videlicet
2214 1924 2541 1972 perversorum
2557 1925 2574 1957 .·
2592 1909 2709 1957 ‘Iioec

504 1985 680 2019 venena
718 1986 843 2022 soevu
883 1972 1114 2022 abducunt
1150 1975 1382 2022 hominem
1419 1977 1649 2040 efficacius
1683 1992 1714 2025 a
1745 1975 2010 2038 semetipso,
2045 1978 2213 2039 quippe
2243 1990 2350 2038 quoe
2366 1978 2630 2038 >penetrum
2653 1975 2708 2024 in

504 2041 725 2098 mentem,
745 2042 813 2101 et,
832 2040 940 2086 dum
959 2043 1159 2100 parcunt
1173 2038 1374 2103 corpori,
1389 2041 1610 2105 affligunt
1632 2046 1831 2090 mentem
1846 2042 1990 2104 graui
2012 2042 2217 2091 vulnere.

1425 2185 1780 2211 “boonaco“

573 2284 635 2329 19
665 2281 883 2335 ‘Mentis
901 2284 1073 2348 ulcero]
1108 2285 1258 2335 Non:
1292 2287 1513 2338 vulnere.-
1546 2288 1620 2337 sie
1654 2287 1899 2349 exigente
1926 2291 2115 2350 metro,
2153 2292 2209 2336 et
2254 2285 2573 2350 astipulante
2606 2300 2711 2337 non

505 2359 608 2394 uno
631 2347 844 2398 codice.'
883 2348 1058 2401 Vallia.
1131 2351 1297 2401 Ulcere
1319 2351 1444 2402 dant
1465 2354 1655 2418 Delpb.
1685 2361 1740 2403 et
1764 2352 1940 2402 Hack.

1487 2499 1710 2553 NOTAE

510 2610 672 2661 menti
689 2612 921 2677 quaedam
950 2613 1115 2663 virtus
1139 2614 1383 2664 divinitus
1404 2614 1562 2665 insita
1638 2618 1862 2663 mentem
1899 2628 1930 2661 a
1960 2613 2074 2661 Deo
2110 2612 2185 2661 sie
2216 2609 2456 2673 retrahit,
2487 2617 2546 2660 ut
2568 2625 2696 2661 ean·

514 2695 625 2747 θείς
683 2687 919 2737 voluntas
976 2690 1177 2739 scilicet
1219 2691 1296 2739 sui
1336 2690 1562 2755 domina,
1641 2692 1757 2741 dem
1792 2689 2105 2741 adinfimam
2131 2690 2414 2739 bestiarum
2443 2689 2696 2740 conditio-

504 2775 619 2829 quae
655 2764 1135 2827 perturbationibus
1169 2768 1418 2817 obsecuta
1448 2782 1560 2817 cor·
1642 2783 1761 2818 nem
1782 2768 2073 2834 deprimere
2097 2766 2367 2818 videatur.
2678 2763 2683 2766 Δ

505 2841 620 2905 pori
662 2841 867 2908 quidem
922 2857 1134 2908 parcere
1189 2843 1418 2907 videtur,
1464 2844 1560 2893 sed

1338 3338 1655 3404 PROSA
1719 3338 1853 3404 IV.

585 3513 760 3578 TUM
797 3524 965 3595 ego:
1012 3514 1286 3589 Fateor,
1311 3512 1609 3595 inquam,
1639 3531 1766 3577 nec
1789 3523 1810 3549 ⁸
1849 3510 2092 3595 injuria
2119 3510 2260 3576 dici
2287 3509 2506 3587 video,
2553 3510 2700 3576 viti·

500 3634 683 3694 oSOS,
714 3616 977 3680 tametsi
1022 3616 1291 3679 humani
1345 3617 1644 3698 corporis
1677 3617 1974 3699 speciem
2021 3621 2303 3693 servent,
2349 3614 2418 3678 in
2443 3614 2701 3679 belluas

499 3725 721 3782 tamen
752 3717 1117 3781 animorum
1147 3717 1468 3799 qualitate
1498 3719 1760 3782 mutari.
1846 3705 1984 3792 ,Sed
2015 3737 2295 3802 quorum
2327 3723 2530 3781 atrox
2560 3735 2698 3781 sce-

495 3820 837 3902 lerataque
860 3838 1045 3884 mens
1074 3820 1397 3884 bonorum
1427 3822 1729 3904 pernicie
1757 3823 1979 3901 saevit,
2010 3821 2079 3885 id
2111 3821 2338 3904 ipsum
2366 3820 2466 3884 eis
2493 3820 2693 3883 licere

496 3922 879 3989 noluissem.
970 3922 1122 3988 Nec
1147 3923 1327 4002 licet,
1357 3924 1590 4008 inquit,
1640 3926 1740 3989 uti
1772 3925 2187 4010 convenienti
2218 3921 2695 3986 monstrabitur

497 4025 657 4089 loco
686 4042 701 4086 :
747 4024 867 4091 sed
896 4031 1118 4090 tamen
1148 4027 1207 4090 si
1238 4026 1556 4112 idipsum,
1589 4027 1768 4110 quod
1795 4028 1895 4092 eis
1925 4013 2128 4092 licere
2158 4026 2472 4103 creditur,
2515 4021 2692 4087 aufe-

498 4132 698 4207 ratur,
728 4148 968 4211 magna
994 4148 1081 4193 ex
1110 4134 1302 4212 parte
1332 4127 1807 4194 sceleratorum
1849 4130 2187 4195 hominum
2218 4146 2427 4213 poena
2451 4125 2705 4191 releve-

559 4320 583 4345 ἲ
610 4312 860 4367 Βοὲιὴίίω.
990 4324 1009 4349 ⁸
1043 4314 1305 4366 Immerito.
