<?xml version="1.0" encoding="UTF-8"?>
<!DOCTYPE html PUBLIC "-//W3C//DTD XHTML 1.0 Transitional//EN"
    "http://www.w3.org/TR/xhtml1/DTD/xhtml1-transitional.dtd">
<html xmlns="http://www.w3.org/1999/xhtml" xml:lang="en" lang="en">
 <head>
  <title>
</title>
<meta http-equiv="Content-Type" content="text/html;charset=utf-8" />
  <meta name='ocr-system' content='tesseract 3.04.00' />
  <meta name='ocr-capabilities' content='ocr_page ocr_carea ocr_par ocr_line ocrx_word'/>
</head>
<body>
  <div class='ocr_page' id='page_1' title='image "./deconsolationep00boetgoog_0473.png"; bbox 0 0 3049 4928; ppageno 0'>
   <div class='ocr_carea' id='block_1_1' title="bbox 570 397 2192 452">
    <p class='ocr_par' dir='ltr' id='par_1_1' title="bbox 570 397 2192 452">
     <span class='ocr_line' id='line_1_1' title="bbox 570 397 2192 452; baseline 0.005 -10"><span class='ocrx_word' id='word_1_1' title='bbox 570 397 869 444; x_wconf 79' lang='lat' dir='ltr'><strong>BoE&#39;rHu</strong></span> <span class='ocrx_word' id='word_1_2' title='bbox 922 399 1020 445; x_wconf 80' lang='lat' dir='ltr'><strong>DE</strong></span> <span class='ocrx_word' id='word_1_3' title='bbox 1066 399 1379 448; x_wconf 64' lang='lat' dir='ltr'><strong>consul„</strong></span> <span class='ocrx_word' id='word_1_4' title='bbox 1427 401 1871 451; x_wconf 58' lang='lat' dir='ltr'><strong>PHILOSOP&#39;H.</strong></span> <span class='ocrx_word' id='word_1_5' title='bbox 1923 406 2066 452; x_wconf 78' lang='lat' dir='ltr'><strong>Llu.</strong></span> <span class='ocrx_word' id='word_1_6' title='bbox 2115 407 2192 452; x_wconf 85' lang='lat'><strong>11.</strong></span> 
     </span>
    </p>
   </div>
   <div class='ocr_carea' id='block_1_2' title="bbox 299 534 1370 2673">
    <p class='ocr_par' dir='ltr' id='par_1_2' title="bbox 299 534 1367 1674">
     <span class='ocr_line' id='line_1_2' title="bbox 302 534 1360 603; baseline 0.007 -20"><span class='ocrx_word' id='word_1_7' title='bbox 302 534 523 596; x_wconf 76' lang='lat' dir='ltr'><strong>liuntur,</strong></span> <span class='ocrx_word' id='word_1_8' title='bbox 546 542 601 585; x_wconf 90' lang='lat' dir='ltr'><strong>et</strong></span> <span class='ocrx_word' id='word_1_9' title='bbox 623 551 885 600; x_wconf 86' lang='lat' dir='ltr'><strong>nunquam</strong></span> <span class='ocrx_word' id='word_1_10' title='bbox 923 553 1036 588; x_wconf 88' lang='lat' dir='ltr'><strong>esse</strong></span> <span class='ocrx_word' id='word_1_11' title='bbox 1068 547 1211 589; x_wconf 83' lang='lat' dir='ltr'><strong>certa</strong></span> <span class='ocrx_word' id='word_1_12' title='bbox 1247 555 1360 603; x_wconf 88' lang='lat' dir='ltr'><strong>pos·</strong></span> 
     </span>
     <span class='ocr_line' id='line_1_3' title="bbox 302 612 1362 674; baseline 0.007 -17"><span class='ocrx_word' id='word_1_13' title='bbox 302 619 441 666; x_wconf 83' lang='lat' dir='ltr'><strong>sunt,</strong></span> <span class='ocrx_word' id='word_1_14' title='bbox 466 612 614 674; x_wconf 89' lang='lat' dir='ltr'><strong>quasi</strong></span> <span class='ocrx_word' id='word_1_15' title='bbox 637 627 821 674; x_wconf 79' lang='lat' dir='ltr'><strong>magna</strong></span> <span class='ocrx_word' id='word_1_16' title='bbox 843 621 898 662; x_wconf 91' lang='lat' dir='ltr'><strong>et</strong></span> <span class='ocrx_word' id='word_1_17' title='bbox 934 614 1168 663; x_wconf 85' lang='lat' dir='ltr'><strong>miranda</strong></span> <span class='ocrx_word' id='word_1_18' title='bbox 1194 628 1362 666; x_wconf 79' lang='lat' dir='ltr'><strong>secta-</strong></span> 
     </span>
     <span class='ocr_line' id='line_1_4' title="bbox 302 686 1364 742; baseline 0.005 -7"><span class='ocrx_word' id='word_1_19' title='bbox 302 686 381 737; x_wconf 84' lang='lat' dir='ltr'><strong>ri.&#39;</strong></span> <span class='ocrx_word' id='word_1_20' title='bbox 439 689 595 739; x_wconf 82' lang='lat' dir='ltr'>Unde</span> <span class='ocrx_word' id='word_1_21' title='bbox 620 690 813 738; x_wconf 84' lang='lat' dir='ltr'><strong>Paulus</strong></span> <span class='ocrx_word' id='word_1_22' title='bbox 837 690 900 739; x_wconf 89' lang='lat' dir='ltr'><strong>ad</strong></span> <span class='ocrx_word' id='word_1_23' title='bbox 928 692 1074 741; x_wconf 86' lang='lat' dir='ltr'><strong>Rom.</strong></span> <span class='ocrx_word' id='word_1_24' title='bbox 1102 706 1205 742; x_wconf 85' lang='lat' dir='ltr'><strong>vu.</strong></span> <span class='ocrx_word' id='word_1_25' title='bbox 1244 691 1364 742; x_wconf 79' lang='grc' dir='ltr'><strong><em>Βλέ-</em></strong></span> 
     </span>
     <span class='ocr_line' id='line_1_5' title="bbox 301 764 1364 832; baseline 0.004 -19"><span class='ocrx_word' id='word_1_26' title='bbox 301 783 377 813; x_wconf 72' lang='grc' dir='ltr'><strong>πω</strong></span> <span class='ocrx_word' id='word_1_27' title='bbox 405 764 459 814; x_wconf 78' lang='grc' dir='ltr'><strong><em>δὲ</em></strong></span> <span class='ocrx_word' id='word_1_28' title='bbox 496 764 656 830; x_wconf 76' lang='grc' dir='ltr'><strong><em>ἕτερον</em></strong></span> <span class='ocrx_word' id='word_1_29' title='bbox 689 766 828 828; x_wconf 88' lang='grc' dir='ltr'><strong><em>νόμον</em></strong></span> <span class='ocrx_word' id='word_1_30' title='bbox 856 768 907 817; x_wconf 72' lang='grc' dir='ltr'><strong><em>ἐν</em></strong></span> <span class='ocrx_word' id='word_1_31' title='bbox 939 771 1040 819; x_wconf 83' lang='grc' dir='ltr'><strong><em>τοῖς</em></strong></span> <span class='ocrx_word' id='word_1_32' title='bbox 1076 768 1247 830; x_wconf 81' lang='grc' dir='ltr'><strong><em>μέλεσί</em></strong></span> <span class='ocrx_word' id='word_1_33' title='bbox 1272 789 1364 832; x_wconf 87' lang='grc' dir='ltr'><strong>μου</strong></span> 
     </span>
     <span class='ocr_line' id='line_1_6' title="bbox 302 840 1361 909; baseline 0.004 -18"><span class='ocrx_word' id='word_1_34' title='bbox 302 840 775 905; x_wconf 70' lang='grc' dir='ltr'><strong><em>ἀντιστρατευόμενον</em></strong></span> <span class='ocrx_word' id='word_1_35' title='bbox 788 847 858 905; x_wconf 46' lang='grc' dir='ltr'><strong><em>τῷ*</em></strong></span> <span class='ocrx_word' id='word_1_36' title='bbox 877 844 999 906; x_wconf 78' lang='grc' dir='ltr'><strong><em>νόμῳ</em></strong></span> <span class='ocrx_word' id='word_1_37' title='bbox 1019 847 1105 895; x_wconf 86' lang='grc' dir='ltr'><strong>τοῦ</strong></span> <span class='ocrx_word' id='word_1_38' title='bbox 1125 846 1229 897; x_wconf 84' lang='grc' dir='ltr'><strong><em>νοός</em></strong></span> <span class='ocrx_word' id='word_1_39' title='bbox 1256 866 1361 909; x_wconf 88' lang='grc' dir='ltr'><strong><em>μου,</em></strong></span> 
     </span>
     <span class='ocr_line' id='line_1_7' title="bbox 302 918 1361 989; baseline 0.006 -21"><span class='ocrx_word' id='word_1_40' title='bbox 302 918 383 968; x_wconf 80' lang='grc' dir='ltr'><strong>καὶ</strong></span> <span class='ocrx_word' id='word_1_41' title='bbox 400 918 816 983; x_wconf 73' lang='grc' dir='ltr'><strong><em>αἰχμαλωτίζοντά</em></strong></span> <span class='ocrx_word' id='word_1_42' title='bbox 829 941 888 983; x_wconf 99' lang='grc' dir='ltr'><strong>με</strong></span> <span class='ocrx_word' id='word_1_43' title='bbox 899 923 1104 987; x_wconf 74' lang='grc' dir='ltr'><strong><em>τῷνόμῳ</em></strong></span> <span class='ocrx_word' id='word_1_44' title='bbox 1116 927 1202 983; x_wconf 79' lang='grc' dir='ltr'><strong>τῆς</strong></span> <span class='ocrx_word' id='word_1_45' title='bbox 1219 922 1361 989; x_wconf 77' lang='grc' dir='ltr'><strong><em>ἆμαρ-</em></strong></span> 
     </span>
     <span class='ocr_line' id='line_1_8' title="bbox 301 997 1365 1066; baseline 0.008 -23"><span class='ocrx_word' id='word_1_46' title='bbox 301 997 410 1046; x_wconf 76' lang='grc' dir='ltr'><strong><em>τίας</em></strong></span> <span class='ocrx_word' id='word_1_47' title='bbox 423 999 493 1058; x_wconf 75' lang='grc' dir='ltr'><strong>τῷ</strong></span> <span class='ocrx_word' id='word_1_48' title='bbox 514 997 615 1047; x_wconf 74' lang='grc' dir='ltr'><strong><em>ὄντι</em></strong></span> <span class='ocrx_word' id='word_1_49' title='bbox 637 999 805 1049; x_wconf 76' lang='grc' dir='ltr'><strong><em>ἐντοῖς</em></strong></span> <span class='ocrx_word' id='word_1_50' title='bbox 825 999 994 1057; x_wconf 76' lang='grc' dir='ltr'><strong><em>μέλεσί</em></strong></span> <span class='ocrx_word' id='word_1_51' title='bbox 1006 1019 1110 1062; x_wconf 87' lang='grc' dir='ltr'><strong><em>μου.</em></strong></span> <span class='ocrx_word' id='word_1_52' title='bbox 1143 1002 1365 1066; x_wconf 50' lang='lat' dir='ltr'><strong>Euam</strong></span> 
     </span>
     <span class='ocr_line' id='line_1_9' title="bbox 299 1072 1365 1142; baseline 0.007 -20"><span class='ocrx_word' id='word_1_53' title='bbox 299 1072 385 1123; x_wconf 78' lang='grc' dir='ltr'><strong><em>οὖν</em></strong></span> <span class='ocrx_word' id='word_1_54' title='bbox 429 1075 571 1125; x_wconf 58' lang='grc' dir='ltr'><strong><em>αὐτὸς</em></strong></span> <span class='ocrx_word' id='word_1_55' title='bbox 624 1076 719 1137; x_wconf 68' lang='grc' dir='ltr'><strong>ἐγὼ</strong></span> <span class='ocrx_word' id='word_1_56' title='bbox 759 1080 827 1138; x_wconf 69' lang='grc' dir='ltr'><strong>τῷ</strong></span> <span class='ocrx_word' id='word_1_57' title='bbox 869 1077 956 1137; x_wconf 78' lang='grc' dir='ltr'><strong><em>μὲν</em></strong></span> <span class='ocrx_word' id='word_1_58' title='bbox 998 1078 1201 1128; x_wconf 78' lang='grc' dir='ltr'><strong>δουλεύω</strong></span> <span class='ocrx_word' id='word_1_59' title='bbox 1243 1079 1365 1142; x_wconf 82' lang='grc' dir='ltr'><strong><em>νόμῳ</em></strong></span> 
     </span>
     <span class='ocr_line' id='line_1_10' title="bbox 302 1149 1365 1220; baseline 0.008 -22"><span class='ocrx_word' id='word_1_60' title='bbox 302 1152 522 1216; x_wconf 78' lang='grc' dir='ltr'><strong><em>Θεοῦ,τῇ</em></strong></span> <span class='ocrx_word' id='word_1_61' title='bbox 557 1149 609 1200; x_wconf 75' lang='grc' dir='ltr'><strong><em>δὲ</em></strong></span> <span class='ocrx_word' id='word_1_62' title='bbox 631 1151 767 1215; x_wconf 74' lang='grc' dir='ltr'><strong><em>σαρκὶ</em></strong></span> <span class='ocrx_word' id='word_1_63' title='bbox 784 1152 907 1214; x_wconf 79' lang='grc' dir='ltr'><strong><em>νόμῳ</em></strong></span> <span class='ocrx_word' id='word_1_64' title='bbox 927 1152 1166 1220; x_wconf 75' lang='grc' dir='ltr'><strong><em>ἂμαρτίας.</em></strong></span> <span class='ocrx_word' id='word_1_65' title='bbox 1230 1158 1247 1185; x_wconf 80' lang='lat'><em>⁴</em></span> <span class='ocrx_word' id='word_1_66' title='bbox 1272 1158 1365 1206; x_wconf 83' lang='lat' dir='ltr'><strong>Vi-</strong></span> 
     </span>
     <span class='ocr_line' id='line_1_11' title="bbox 302 1229 1365 1294; baseline 0.007 -19"><span class='ocrx_word' id='word_1_67' title='bbox 302 1229 405 1276; x_wconf 83' lang='lat' dir='ltr'><strong>deo</strong></span> <span class='ocrx_word' id='word_1_68' title='bbox 430 1238 604 1277; x_wconf 82' lang='lat' dir='ltr'><strong>autem</strong></span> <span class='ocrx_word' id='word_1_69' title='bbox 643 1230 797 1279; x_wconf 81' lang='lat' dir='ltr'><strong>aliam</strong></span> <span class='ocrx_word' id='word_1_70' title='bbox 836 1232 1000 1294; x_wconf 86' lang='lat' dir='ltr'><strong>legem</strong></span> <span class='ocrx_word' id='word_1_71' title='bbox 1035 1232 1088 1281; x_wconf 89' lang='lat' dir='ltr'><strong>in</strong></span> <span class='ocrx_word' id='word_1_72' title='bbox 1121 1232 1365 1282; x_wconf 86' lang='lat' dir='ltr'><strong>membris</strong></span> 
     </span>
     <span class='ocr_line' id='line_1_12' title="bbox 303 1305 1364 1373; baseline 0.006 -20"><span class='ocrx_word' id='word_1_73' title='bbox 303 1305 439 1355; x_wconf 87' lang='lat' dir='ltr'><strong>meis</strong></span> <span class='ocrx_word' id='word_1_74' title='bbox 464 1314 833 1369; x_wconf 76' lang='lat' dir='ltr'><strong>repugnantem</strong></span> <span class='ocrx_word' id='word_1_75' title='bbox 873 1309 975 1373; x_wconf 85' lang='lat' dir='ltr'><strong>legi</strong></span> <span class='ocrx_word' id='word_1_76' title='bbox 1008 1311 1195 1358; x_wconf 89' lang='lat' dir='ltr'><strong>mentis</strong></span> <span class='ocrx_word' id='word_1_77' title='bbox 1215 1324 1364 1372; x_wconf 57' lang='lat' dir='ltr'><strong>mea»,</strong></span> 
     </span>
     <span class='ocr_line' id='line_1_13' title="bbox 306 1382 1366 1449; baseline 0.006 -21"><span class='ocrx_word' id='word_1_78' title='bbox 306 1388 365 1429; x_wconf 85' lang='lat' dir='ltr'><strong>et</strong></span> <span class='ocrx_word' id='word_1_79' title='bbox 405 1382 760 1443; x_wconf 80' lang='lat' dir='ltr'><strong>captivantem</strong></span> <span class='ocrx_word' id='word_1_80' title='bbox 805 1398 887 1431; x_wconf 91' lang='lat' dir='ltr'><strong>me</strong></span> <span class='ocrx_word' id='word_1_81' title='bbox 921 1384 973 1432; x_wconf 91' lang='lat' dir='ltr'><strong>in</strong></span> <span class='ocrx_word' id='word_1_82' title='bbox 1015 1386 1126 1448; x_wconf 78' lang='lat' dir='ltr'><strong>lege</strong></span> <span class='ocrx_word' id='word_1_83' title='bbox 1161 1386 1366 1449; x_wconf 86' lang='lat' dir='ltr'><strong>peccati</strong></span> 
     </span>
     <span class='ocr_line' id='line_1_14' title="bbox 304 1457 1367 1524; baseline 0.004 -19"><span class='ocrx_word' id='word_1_84' title='bbox 304 1471 426 1520; x_wconf 79' lang='lat' dir='ltr'><strong>qnae</strong></span> <span class='ocrx_word' id='word_1_85' title='bbox 450 1464 532 1506; x_wconf 88' lang='lat' dir='ltr'><strong>est</strong></span> <span class='ocrx_word' id='word_1_86' title='bbox 556 1457 607 1505; x_wconf 90' lang='lat' dir='ltr'><strong>iu</strong></span> <span class='ocrx_word' id='word_1_87' title='bbox 630 1458 868 1508; x_wconf 87' lang='lat' dir='ltr'><strong>membris</strong></span> <span class='ocrx_word' id='word_1_88' title='bbox 890 1459 1054 1509; x_wconf 66' lang='lat' dir='ltr'><strong>meis!</strong></span> <span class='ocrx_word' id='word_1_89' title='bbox 1119 1461 1209 1522; x_wconf 89' lang='lat' dir='ltr'><strong>Et,</strong></span> <span class='ocrx_word' id='word_1_90' title='bbox 1229 1469 1242 1490; x_wconf 85' lang='lat'>⁸</span> <span class='ocrx_word' id='word_1_91' title='bbox 1264 1461 1367 1524; x_wconf 81' lang='lat' dir='ltr'><strong>Igi-</strong></span> 
     </span>
     <span class='ocr_line' id='line_1_15' title="bbox 306 1533 1363 1598; baseline 0.006 -18"><span class='ocrx_word' id='word_1_92' title='bbox 306 1539 397 1580; x_wconf 84' lang='lat' dir='ltr'><strong>tur</strong></span> <span class='ocrx_word' id='word_1_93' title='bbox 419 1546 516 1596; x_wconf 87' lang='lat' dir='ltr'><strong>ego</strong></span> <span class='ocrx_word' id='word_1_94' title='bbox 539 1533 653 1595; x_wconf 88' lang='lat' dir='ltr'><strong>ipse</strong></span> <span class='ocrx_word' id='word_1_95' title='bbox 689 1543 862 1584; x_wconf 89' lang='lat' dir='ltr'><strong>mente</strong></span> <span class='ocrx_word' id='word_1_96' title='bbox 884 1537 1050 1584; x_wconf 74' lang='lat' dir='ltr'><strong>servio</strong></span> <span class='ocrx_word' id='word_1_97' title='bbox 1088 1536 1191 1598; x_wconf 80' lang='lat' dir='ltr'><strong>legi</strong></span> <span class='ocrx_word' id='word_1_98' title='bbox 1233 1537 1363 1586; x_wconf 83' lang='lat' dir='ltr'><strong>Dei:</strong></span> 
     </span>
     <span class='ocr_line' id='line_1_16' title="bbox 306 1611 1278 1674; baseline 0.004 -16"><span class='ocrx_word' id='word_1_99' title='bbox 306 1619 466 1658; x_wconf 83' lang='lat' dir='ltr'><strong>carne</strong></span> <span class='ocrx_word' id='word_1_100' title='bbox 485 1616 677 1672; x_wconf 89' lang='lat' dir='ltr'><strong>antem,</strong></span> <span class='ocrx_word' id='word_1_101' title='bbox 701 1611 801 1674; x_wconf 80' lang='lat' dir='ltr'><strong>legi</strong></span> <span class='ocrx_word' id='word_1_102' title='bbox 827 1611 1066 1674; x_wconf 61' lang='lat' dir='ltr'><strong>peccati!</strong></span> <span class='ocrx_word' id='word_1_103' title='bbox 1105 1613 1278 1662; x_wconf 72' lang='lat' dir='ltr'><strong>Vallia.</strong></span> 
     </span>
    </p>

    <p class='ocr_par' dir='ltr' id='par_1_3' title="bbox 306 1683 1370 1980">
     <span class='ocr_line' id='line_1_17' title="bbox 375 1683 1370 1749; baseline 0.006 -18"><span class='ocrx_word' id='word_1_104' title='bbox 375 1683 565 1734; x_wconf 69' lang='lat' dir='ltr'><strong>PnosA</strong></span> <span class='ocrx_word' id='word_1_105' title='bbox 587 1690 636 1735; x_wconf 82' lang='grc'><strong>4.</strong></span> <span class='ocrx_word' id='word_1_106' title='bbox 692 1687 1071 1746; x_wconf 73' lang='lat' dir='ltr'><strong>Infelicissimum</strong></span> <span class='ocrx_word' id='word_1_107' title='bbox 1114 1694 1183 1739; x_wconf 81' lang='lat' dir='ltr'><strong>est</strong></span> <span class='ocrx_word' id='word_1_108' title='bbox 1217 1703 1370 1749; x_wconf 78' lang='lat' dir='ltr'><strong>genus</strong></span> 
     </span>
     <span class='ocr_line' id='line_1_18' title="bbox 306 1760 1364 1827; baseline 0.005 -18"><span class='ocrx_word' id='word_1_109' title='bbox 306 1760 586 1822; x_wconf 71' lang='lat' dir='ltr'><strong>infortunii,</strong></span> <span class='ocrx_word' id='word_1_110' title='bbox 612 1763 772 1821; x_wconf 67' lang='lat' dir='ltr'><strong>suine</strong></span> <span class='ocrx_word' id='word_1_111' title='bbox 804 1762 1020 1826; x_wconf 75' lang='lat' dir='ltr'><strong><em>felicem]</em></strong></span> <span class='ocrx_word' id='word_1_112' title='bbox 1065 1763 1130 1813; x_wconf 88' lang='lat' dir='ltr'><strong>P.</strong></span> <span class='ocrx_word' id='word_1_113' title='bbox 1174 1766 1329 1827; x_wconf 85' lang='lat' dir='ltr'><strong>Syrus</strong></span> <span class='ocrx_word' id='word_1_114' title='bbox 1350 1780 1364 1814; x_wconf 73' lang='grc' dir='ltr'><strong>ε</strong></span> 
     </span>
     <span class='ocr_line' id='line_1_19' title="bbox 306 1840 1368 1904; baseline 0.003 -15"><span class='ocrx_word' id='word_1_115' title='bbox 306 1840 509 1889; x_wconf 84' lang='lat' dir='ltr'><strong>‘Nulla</strong></span> <span class='ocrx_word' id='word_1_116' title='bbox 561 1840 820 1889; x_wconf 82' lang='lat' dir='ltr'><strong>hominum</strong></span> <span class='ocrx_word' id='word_1_117' title='bbox 875 1842 1040 1904; x_wconf 86' lang='lat' dir='ltr'><strong>major</strong></span> <span class='ocrx_word' id='word_1_118' title='bbox 1084 1856 1240 1904; x_wconf 85' lang='lat' dir='ltr'><strong>poena</strong></span> <span class='ocrx_word' id='word_1_119' title='bbox 1268 1848 1368 1904; x_wconf 88' lang='lat' dir='ltr'><strong>est,</strong></span> 
     </span>
     <span class='ocr_line' id='line_1_20' title="bbox 308 1916 1000 1980; baseline 0.006 -16"><span class='ocrx_word' id='word_1_120' title='bbox 308 1927 467 1980; x_wconf 87' lang='lat' dir='ltr'><strong>quam</strong></span> <span class='ocrx_word' id='word_1_121' title='bbox 488 1916 801 1967; x_wconf 67' lang='lat' dir='ltr'><strong>infelicitas!</strong></span> <span class='ocrx_word' id='word_1_122' title='bbox 833 1918 1000 1968; x_wconf 66' lang='grc' dir='ltr'><strong><em>δέεται.</em></strong></span> 
     </span>
    </p>

    <p class='ocr_par' dir='ltr' id='par_1_4' title="bbox 305 1994 1369 2673">
     <span class='ocr_line' id='line_1_21' title="bbox 375 1994 1367 2060; baseline 0.004 -19"><span class='ocrx_word' id='word_1_123' title='bbox 375 1994 535 2042; x_wconf 82' lang='lat' dir='ltr'><strong>Falsoe</strong></span> <span class='ocrx_word' id='word_1_124' title='bbox 567 1994 824 2057; x_wconf 77' lang='lat' dir='ltr'><strong>opinionis]</strong></span> <span class='ocrx_word' id='word_1_125' title='bbox 859 1995 973 2045; x_wconf 80' lang='lat' dir='ltr'><strong>Hoc</strong></span> <span class='ocrx_word' id='word_1_126' title='bbox 1006 2010 1209 2060; x_wconf 91' lang='lat' dir='ltr'><strong>quoque</strong></span> <span class='ocrx_word' id='word_1_127' title='bbox 1230 1996 1367 2047; x_wconf 87' lang='lat' dir='ltr'><strong>Stoi·</strong></span> 
     </span>
     <span class='ocr_line' id='line_1_22' title="bbox 311 2071 1366 2134; baseline 0.004 -17"><span class='ocrx_word' id='word_1_128' title='bbox 311 2082 493 2117; x_wconf 89' lang='lat' dir='ltr'><strong>corum</strong></span> <span class='ocrx_word' id='word_1_129' title='bbox 517 2078 839 2133; x_wconf 83' lang='lat' dir='ltr'><strong>praeceptum</strong></span> <span class='ocrx_word' id='word_1_130' title='bbox 859 2076 959 2131; x_wconf 88' lang='lat' dir='ltr'><strong>est,</strong></span> <span class='ocrx_word' id='word_1_131' title='bbox 981 2071 1119 2134; x_wconf 83' lang='lat' dir='ltr'><strong>quod</strong></span> <span class='ocrx_word' id='word_1_132' title='bbox 1143 2073 1206 2121; x_wconf 88' lang='lat' dir='ltr'><strong>ad</strong></span> <span class='ocrx_word' id='word_1_133' title='bbox 1226 2080 1366 2121; x_wconf 87' lang='lat' dir='ltr'><strong>tran-</strong></span> 
     </span>
     <span class='ocr_line' id='line_1_23' title="bbox 310 2144 1366 2207; baseline 0.005 -16"><span class='ocrx_word' id='word_1_134' title='bbox 310 2144 620 2207; x_wconf 85' lang='lat' dir='ltr'><strong>quillitatem</strong></span> <span class='ocrx_word' id='word_1_135' title='bbox 642 2153 825 2194; x_wconf 89' lang='lat' dir='ltr'><strong>contra</strong></span> <span class='ocrx_word' id='word_1_136' title='bbox 840 2160 1017 2195; x_wconf 88' lang='lat' dir='ltr'><strong>omnes</strong></span> <span class='ocrx_word' id='word_1_137' title='bbox 1038 2161 1187 2196; x_wconf 88' lang='lat' dir='ltr'><strong>casus</strong></span> <span class='ocrx_word' id='word_1_138' title='bbox 1207 2148 1366 2197; x_wconf 82' lang='lat' dir='ltr'><strong>maxi·</strong></span> 
     </span>
     <span class='ocr_line' id='line_1_24' title="bbox 309 2222 1369 2290; baseline 0.007 -20"><span class='ocrx_word' id='word_1_139' title='bbox 309 2237 394 2271; x_wconf 86' lang='lat' dir='ltr'><strong>me</strong></span> <span class='ocrx_word' id='word_1_140' title='bbox 418 2222 623 2273; x_wconf 83' lang='lat' dir='ltr'><strong>confert</strong></span> <span class='ocrx_word' id='word_1_141' title='bbox 643 2241 658 2284; x_wconf 88' lang='lat'>;</span> <span class='ocrx_word' id='word_1_142' title='bbox 689 2225 732 2274; x_wconf 90' lang='lat' dir='ltr'><strong>si</strong></span> <span class='ocrx_word' id='word_1_143' title='bbox 755 2227 1119 2290; x_wconf 86' lang='lat' dir='ltr'><strong>unusquisque,</strong></span> <span class='ocrx_word' id='word_1_144' title='bbox 1138 2227 1258 2276; x_wconf 89' lang='lat' dir='ltr'><strong>dum</strong></span> <span class='ocrx_word' id='word_1_145' title='bbox 1282 2243 1369 2277; x_wconf 85' lang='lat' dir='ltr'><strong>ex-</strong></span> 
     </span>
     <span class='ocr_line' id='line_1_25' title="bbox 309 2300 1369 2363; baseline 0.005 -16"><span class='ocrx_word' id='word_1_146' title='bbox 309 2300 473 2348; x_wconf 87' lang='lat' dir='ltr'><strong>ternis</strong></span> <span class='ocrx_word' id='word_1_147' title='bbox 511 2301 827 2363; x_wconf 89' lang='lat' dir='ltr'><strong>percellitur,</strong></span> <span class='ocrx_word' id='word_1_148' title='bbox 860 2303 991 2351; x_wconf 87' lang='lat' dir='ltr'><strong>sciat</strong></span> <span class='ocrx_word' id='word_1_149' title='bbox 1013 2317 1191 2352; x_wconf 71' lang='lat' dir='ltr'><strong>nonae</strong></span> <span class='ocrx_word' id='word_1_150' title='bbox 1213 2303 1369 2352; x_wconf 83' lang='lat' dir='ltr'><strong>rebus</strong></span> 
     </span>
     <span class='ocr_line' id='line_1_26' title="bbox 309 2373 1365 2442; baseline 0.005 -18"><span class='ocrx_word' id='word_1_151' title='bbox 309 2373 511 2438; x_wconf 77' lang='lat' dir='ltr'><strong>adfligi,</strong></span> <span class='ocrx_word' id='word_1_152' title='bbox 529 2378 621 2426; x_wconf 84' lang='lat' dir='ltr'><strong>sed</strong></span> <span class='ocrx_word' id='word_1_153' title='bbox 645 2386 901 2441; x_wconf 86' lang='lat' dir='ltr'><strong>concepta</strong></span> <span class='ocrx_word' id='word_1_154' title='bbox 925 2379 988 2427; x_wconf 88' lang='lat' dir='ltr'><strong>de</strong></span> <span class='ocrx_word' id='word_1_155' title='bbox 1006 2379 1081 2428; x_wconf 92' lang='lat' dir='ltr'><strong>eis</strong></span> <span class='ocrx_word' id='word_1_156' title='bbox 1103 2380 1365 2442; x_wconf 88' lang='lat' dir='ltr'><strong>opinione.</strong></span> 
     </span>
     <span class='ocr_line' id='line_1_27' title="bbox 307 2454 1369 2507; baseline 0.004 -4"><span class='ocrx_word' id='word_1_157' title='bbox 307 2454 603 2504; x_wconf 74' lang='lat' dir='ltr'>Decretum</span> <span class='ocrx_word' id='word_1_158' title='bbox 629 2461 779 2506; x_wconf 87' lang='lat' dir='ltr'><strong>vetus</strong></span> <span class='ocrx_word' id='word_1_159' title='bbox 803 2454 1113 2507; x_wconf 73' lang='lat' dir='ltr'><strong>audi.⁴&#39;0r‹w</strong></span> <span class='ocrx_word' id='word_1_160' title='bbox 1144 2455 1369 2507; x_wconf 76' lang='grc' dir='ltr'><strong><em>κλαίοντα</em></strong></span> 
     </span>
     <span class='ocr_line' id='line_1_28' title="bbox 305 2530 1366 2596; baseline 0.005 -18"><span class='ocrx_word' id='word_1_161' title='bbox 305 2531 413 2596; x_wconf 70' lang='grc' dir='ltr'><strong><em>ἴδῃς</em></strong></span> <span class='ocrx_word' id='word_1_162' title='bbox 443 2532 548 2581; x_wconf 75' lang='grc' dir='ltr'><strong><em>τινὰ</em></strong></span> <span class='ocrx_word' id='word_1_163' title='bbox 570 2533 620 2580; x_wconf 79' lang='grc' dir='ltr'><strong><em>ἐν</em></strong></span> <span class='ocrx_word' id='word_1_164' title='bbox 650 2530 819 2595; x_wconf 78' lang='grc' dir='ltr'><strong><em>πένθει,</em></strong></span> <span class='ocrx_word' id='word_1_165' title='bbox 836 2532 869 2591; x_wconf 71' lang='grc' dir='ltr'>ἢ</span> <span class='ocrx_word' id='word_1_166' title='bbox 890 2534 1237 2594; x_wconf 69' lang='grc' dir='ltr'><strong><em>ἀποδημοῦντος</em></strong></span> <span class='ocrx_word' id='word_1_167' title='bbox 1261 2533 1366 2583; x_wconf 81' lang='grc' dir='ltr'><strong><em>τέκ-</em></strong></span> 
     </span>
     <span class='ocr_line' id='line_1_29' title="bbox 311 2608 1368 2673; baseline 0.002 -16"><span class='ocrx_word' id='word_1_168' title='bbox 311 2627 414 2671; x_wconf 75' lang='grc' dir='ltr'><strong><em>νου,</em></strong></span> <span class='ocrx_word' id='word_1_169' title='bbox 431 2608 464 2667; x_wconf 71' lang='grc' dir='ltr'>ἢ</span> <span class='ocrx_word' id='word_1_170' title='bbox 494 2610 848 2660; x_wconf 69' lang='grc' dir='ltr'><strong><em>ἀπολωλεκότος</em></strong></span> <span class='ocrx_word' id='word_1_171' title='bbox 880 2610 943 2659; x_wconf 75' lang='grc' dir='ltr'><strong>τὰ</strong></span> <span class='ocrx_word' id='word_1_172' title='bbox 975 2611 1134 2665; x_wconf 79' lang='grc' dir='ltr'><strong><em>αὐτοῦ,</em></strong></span> <span class='ocrx_word' id='word_1_173' title='bbox 1156 2609 1368 2673; x_wconf 77' lang='grc' dir='ltr'><strong><em>πρόσεχε</em></strong></span> 
     </span>
    </p>
   </div>
   <div class='ocr_carea' id='block_1_3' title="bbox 310 2684 1372 2828">
    <p class='ocr_par' dir='ltr' id='par_1_5' title="bbox 310 2684 1372 2828">
     <span class='ocr_line' id='line_1_30' title="bbox 310 2684 1370 2752; baseline 0.002 -19"><span class='ocrx_word' id='word_1_174' title='bbox 310 2684 378 2746; x_wconf 77' lang='grc' dir='ltr'><strong>μή</strong></span> <span class='ocrx_word' id='word_1_175' title='bbox 395 2701 454 2734; x_wconf 93' lang='grc' dir='ltr'><strong>σε</strong></span> <span class='ocrx_word' id='word_1_176' title='bbox 470 2685 503 2745; x_wconf 79' lang='grc' dir='ltr'>ἡ</span> <span class='ocrx_word' id='word_1_177' title='bbox 517 2687 754 2749; x_wconf 75' lang='grc' dir='ltr'><strong><em>φαντασία</em></strong></span> <span class='ocrx_word' id='word_1_178' title='bbox 764 2685 1056 2752; x_wconf 68' lang='grc' dir='ltr'><strong><em>συναρι-ἄσῃ,</em></strong></span> <span class='ocrx_word' id='word_1_179' title='bbox 1070 2687 1130 2736; x_wconf 78' lang='grc' dir='ltr'><strong>ὡς</strong></span> <span class='ocrx_word' id='word_1_180' title='bbox 1148 2688 1198 2735; x_wconf 76' lang='grc' dir='ltr'><strong><em>ἐν</em></strong></span> <span class='ocrx_word' id='word_1_181' title='bbox 1210 2689 1370 2736; x_wconf 80' lang='grc' dir='ltr'><strong><em>κακοῖς</em></strong></span> 
     </span>
     <span class='ocr_line' id='line_1_31' title="bbox 313 2762 1372 2828; baseline -0.001 -15"><span class='ocrx_word' id='word_1_182' title='bbox 313 2762 450 2813; x_wconf 74' lang='grc' dir='ltr'><strong><em>ὄντος</em></strong></span> <span class='ocrx_word' id='word_1_183' title='bbox 472 2763 617 2812; x_wconf 72' lang='grc' dir='ltr'><strong><em>αὐτοῦ</em></strong></span> <span class='ocrx_word' id='word_1_184' title='bbox 636 2766 736 2813; x_wconf 80' lang='grc' dir='ltr'><strong><em>τοῖς</em></strong></span> <span class='ocrx_word' id='word_1_185' title='bbox 758 2764 908 2815; x_wconf 75' lang='grc' dir='ltr'><strong><em>ἐκτός.</em></strong></span> <span class='ocrx_word' id='word_1_186' title='bbox 942 2764 1052 2812; x_wconf 79' lang='grc' dir='ltr'><strong><em>ἀλλ’</em></strong></span> <span class='ocrx_word' id='word_1_187' title='bbox 1071 2762 1202 2813; x_wconf 73' lang='grc' dir='ltr'><strong><em>εὐθὺς</em></strong></span> <span class='ocrx_word' id='word_1_188' title='bbox 1218 2763 1372 2828; x_wconf 76' lang='grc' dir='ltr'><strong><em>διαίρει</em></strong></span> 
     </span>
    </p>
   </div>
   <div class='ocr_carea' id='block_1_4' title="bbox 295 2838 1370 4355">
    <p class='ocr_par' dir='ltr' id='par_1_6' title="bbox 295 2838 1370 4355">
     <span class='ocr_line' id='line_1_32' title="bbox 313 2838 1368 2905; baseline 0.002 -18"><span class='ocrx_word' id='word_1_189' title='bbox 313 2838 443 2903; x_wconf 68' lang='grc' dir='ltr'><strong><em>παρὰ</em></strong></span> <span class='ocrx_word' id='word_1_190' title='bbox 464 2842 664 2900; x_wconf 69' lang='grc' dir='ltr'><strong><em>σεαυτῷ,</em></strong></span> <span class='ocrx_word' id='word_1_191' title='bbox 684 2839 763 2890; x_wconf 77' lang='grc' dir='ltr'><strong>καὶ</strong></span> <span class='ocrx_word' id='word_1_192' title='bbox 784 2839 942 2902; x_wconf 77' lang='grc' dir='ltr'><strong><em>λέγειν</em></strong></span> <span class='ocrx_word' id='word_1_193' title='bbox 962 2839 1087 2890; x_wconf 76' lang='grc' dir='ltr'><strong><em>ἔστω</em></strong></span> <span class='ocrx_word' id='word_1_194' title='bbox 1106 2840 1368 2905; x_wconf 73' lang='grc' dir='ltr'><strong><em>πρόχειρον,</em></strong></span> 
     </span>
     <span class='ocr_line' id='line_1_33' title="bbox 309 2914 1367 2982; baseline 0.004 -19"><span class='ocrx_word' id='word_1_195' title='bbox 309 2914 386 2964; x_wconf 71' lang='grc' dir='ltr'><strong><em>ὅτι</em></strong></span> <span class='ocrx_word' id='word_1_196' title='bbox 405 2916 575 2965; x_wconf 81' lang='grc' dir='ltr'><strong><em>τοῦτον</em></strong></span> <span class='ocrx_word' id='word_1_197' title='bbox 593 2917 761 2973; x_wconf 79' lang='grc' dir='ltr'><strong><em>θλίβει,</em></strong></span> <span class='ocrx_word' id='word_1_198' title='bbox 780 2919 834 2966; x_wconf 77' lang='grc' dir='ltr'><strong>οὐ</strong></span> <span class='ocrx_word' id='word_1_199' title='bbox 848 2917 904 2966; x_wconf 74' lang='grc' dir='ltr'><strong><em>τὸ</em></strong></span> <span class='ocrx_word' id='word_1_200' title='bbox 920 2918 1235 2979; x_wconf 72' lang='grc' dir='ltr'><strong><em>συμβεβηκὸς,</em></strong></span> <span class='ocrx_word' id='word_1_201' title='bbox 1252 2918 1367 2982; x_wconf 71' lang='grc' dir='ltr'><strong><em>(ἄλ-</em></strong></span> 
     </span>
     <span class='ocr_line' id='line_1_34' title="bbox 310 2992 1370 3060; baseline 0.003 -20"><span class='ocrx_word' id='word_1_202' title='bbox 310 3000 401 3040; x_wconf 77' lang='grc' dir='ltr'><strong>λον</strong></span> <span class='ocrx_word' id='word_1_203' title='bbox 419 2992 515 3056; x_wconf 75' lang='grc' dir='ltr'><strong>γὰρ</strong></span> <span class='ocrx_word' id='word_1_204' title='bbox 537 2993 591 3040; x_wconf 77' lang='grc' dir='ltr'><strong>οὐ</strong></span> <span class='ocrx_word' id='word_1_205' title='bbox 612 2993 789 3057; x_wconf 82' lang='grc' dir='ltr'><strong><em>θλίβει)</em></strong></span> <span class='ocrx_word' id='word_1_206' title='bbox 805 2995 935 3044; x_wconf 74' lang='grc' dir='ltr'><strong><em>ἀλλὰ</em></strong></span> <span class='ocrx_word' id='word_1_207' title='bbox 948 2995 1006 3044; x_wconf 84' lang='grc' dir='ltr'><strong>τὸ</strong></span> <span class='ocrx_word' id='word_1_208' title='bbox 1026 2995 1180 3056; x_wconf 72' lang='grc' dir='ltr'><strong><em>δόγμα</em></strong></span> <span class='ocrx_word' id='word_1_209' title='bbox 1193 2995 1250 3044; x_wconf 84' lang='grc' dir='ltr'><strong>τὸ</strong></span> <span class='ocrx_word' id='word_1_210' title='bbox 1265 2994 1370 3060; x_wconf 70' lang='grc' dir='ltr'><strong><em>περὶ</em></strong></span> 
     </span>
     <span class='ocr_line' id='line_1_35' title="bbox 308 3067 1366 3137; baseline 0.006 -21"><span class='ocrx_word' id='word_1_211' title='bbox 308 3067 496 3117; x_wconf 61' lang='grc' dir='ltr'><strong><em>τούτου.</em></strong></span> <span class='ocrx_word' id='word_1_212' title='bbox 562 3075 577 3096; x_wconf 75' lang='lat'><strong><em>⁴</em></strong></span> <span class='ocrx_word' id='word_1_213' title='bbox 603 3070 731 3118; x_wconf 89' lang='lat' dir='ltr'><strong>Cum</strong></span> <span class='ocrx_word' id='word_1_214' title='bbox 761 3072 1045 3134; x_wconf 67' lang='lat' dir='ltr'><strong>eiulantem</strong></span> <span class='ocrx_word' id='word_1_215' title='bbox 1070 3074 1366 3137; x_wconf 80' lang='lat' dir='ltr'><strong>qnempiam</strong></span> 
     </span>
     <span class='ocr_line' id='line_1_36' title="bbox 309 3145 1367 3212; baseline 0.005 -19"><span class='ocrx_word' id='word_1_216' title='bbox 309 3145 502 3195; x_wconf 80' lang='lat' dir='ltr'><strong>videris</strong></span> <span class='ocrx_word' id='word_1_217' title='bbox 542 3145 593 3193; x_wconf 89' lang='lat' dir='ltr'><strong>in</strong></span> <span class='ocrx_word' id='word_1_218' title='bbox 633 3145 796 3208; x_wconf 91' lang='lat' dir='ltr'><strong>luctu,</strong></span> <span class='ocrx_word' id='word_1_219' title='bbox 833 3148 939 3196; x_wconf 86' lang='lat' dir='ltr'><strong>sive</strong></span> <span class='ocrx_word' id='word_1_220' title='bbox 984 3164 1206 3212; x_wconf 83' lang='lat' dir='ltr'><strong>peregre</strong></span> <span class='ocrx_word' id='word_1_221' title='bbox 1252 3164 1367 3212; x_wconf 90' lang='lat' dir='ltr'><strong>pro-</strong></span> 
     </span>
     <span class='ocr_line' id='line_1_37' title="bbox 309 3220 1370 3287; baseline 0.006 -17"><span class='ocrx_word' id='word_1_222' title='bbox 309 3221 456 3272; x_wconf 82' lang='lat' dir='ltr'><strong>fecto</strong></span> <span class='ocrx_word' id='word_1_223' title='bbox 488 3220 615 3283; x_wconf 84' lang='lat' dir='ltr'><strong>filio,</strong></span> <span class='ocrx_word' id='word_1_224' title='bbox 652 3223 761 3272; x_wconf 89' lang='lat' dir='ltr'><strong>sive</strong></span> <span class='ocrx_word' id='word_1_225' title='bbox 802 3222 954 3272; x_wconf 85' lang='lat' dir='ltr'><strong>rebus</strong></span> <span class='ocrx_word' id='word_1_226' title='bbox 995 3226 1211 3287; x_wconf 82' lang='lat' dir='ltr'><strong>amissis,</strong></span> <span class='ocrx_word' id='word_1_227' title='bbox 1242 3241 1370 3276; x_wconf 86' lang='lat' dir='ltr'><strong>cave</strong></span> 
     </span>
     <span class='ocr_line' id='line_1_38' title="bbox 313 3299 1368 3363; baseline 0.005 -16"><span class='ocrx_word' id='word_1_228' title='bbox 313 3313 380 3347; x_wconf 90' lang='lat' dir='ltr'><strong>ne</strong></span> <span class='ocrx_word' id='word_1_229' title='bbox 426 3306 479 3347; x_wconf 91' lang='lat' dir='ltr'><strong>te</strong></span> <span class='ocrx_word' id='word_1_230' title='bbox 505 3299 667 3348; x_wconf 80' lang='lat' dir='ltr'><strong>visum</strong></span> <span class='ocrx_word' id='word_1_231' title='bbox 700 3300 823 3349; x_wconf 88' lang='lat' dir='ltr'><strong>illud</strong></span> <span class='ocrx_word' id='word_1_232' title='bbox 848 3311 1069 3363; x_wconf 84' lang='lat' dir='ltr'><strong>moveat,</strong></span> <span class='ocrx_word' id='word_1_233' title='bbox 1094 3307 1151 3351; x_wconf 89' lang='lat' dir='ltr'><strong>ut</strong></span> <span class='ocrx_word' id='word_1_234' title='bbox 1190 3303 1368 3352; x_wconf 81' lang='lat' dir='ltr'><strong>existi-</strong></span> 
     </span>
     <span class='ocr_line' id='line_1_39' title="bbox 311 3376 1362 3429; baseline 0.005 -5"><span class='ocrx_word' id='word_1_235' title='bbox 311 3389 422 3424; x_wconf 85' lang='lat' dir='ltr'><strong>mes</strong></span> <span class='ocrx_word' id='word_1_236' title='bbox 447 3377 644 3424; x_wconf 82' lang='lat' dir='ltr'><strong>versari</strong></span> <span class='ocrx_word' id='word_1_237' title='bbox 667 3390 783 3426; x_wconf 88' lang='lat' dir='ltr'><strong>enm</strong></span> <span class='ocrx_word' id='word_1_238' title='bbox 800 3376 853 3425; x_wconf 90' lang='lat' dir='ltr'><strong>iu</strong></span> <span class='ocrx_word' id='word_1_239' title='bbox 870 3377 1016 3426; x_wconf 91' lang='lat' dir='ltr'><strong>malis</strong></span> <span class='ocrx_word' id='word_1_240' title='bbox 1033 3377 1099 3426; x_wconf 87' lang='lat' dir='ltr'><strong>ob</strong></span> <span class='ocrx_word' id='word_1_241' title='bbox 1116 3388 1332 3428; x_wconf 74' lang='lat' dir='ltr'><strong>externa</strong></span> <span class='ocrx_word' id='word_1_242' title='bbox 1349 3396 1362 3429; x_wconf 73' lang='lat' dir='ltr'><strong>t</strong></span> 
     </span>
     <span class='ocr_line' id='line_1_40' title="bbox 309 3453 1365 3518; baseline 0.002 -17"><span class='ocrx_word' id='word_1_243' title='bbox 309 3453 403 3501; x_wconf 84' lang='lat' dir='ltr'><strong>sed</strong></span> <span class='ocrx_word' id='word_1_244' title='bbox 449 3453 625 3502; x_wconf 87' lang='lat' dir='ltr'><strong>statim</strong></span> <span class='ocrx_word' id='word_1_245' title='bbox 665 3455 777 3517; x_wconf 88' lang='lat' dir='ltr'><strong>ipse</strong></span> <span class='ocrx_word' id='word_1_246' title='bbox 823 3462 993 3504; x_wconf 89' lang='lat' dir='ltr'><strong>tecum</strong></span> <span class='ocrx_word' id='word_1_247' title='bbox 1039 3454 1365 3518; x_wconf 78' lang='lat' dir='ltr'><strong>distinguite,</strong></span> 
     </span>
     <span class='ocr_line' id='line_1_41' title="bbox 311 3530 1367 3593; baseline 0.003 -17"><span class='ocrx_word' id='word_1_248' title='bbox 311 3530 486 3593; x_wconf 81' lang='lat' dir='ltr'><strong>sitque</strong></span> <span class='ocrx_word' id='word_1_249' title='bbox 502 3530 553 3578; x_wconf 91' lang='lat' dir='ltr'><strong>in</strong></span> <span class='ocrx_word' id='word_1_250' title='bbox 577 3538 822 3593; x_wconf 89' lang='lat' dir='ltr'><strong>promptu</strong></span> <span class='ocrx_word' id='word_1_251' title='bbox 847 3538 902 3580; x_wconf 91' lang='lat' dir='ltr'><strong>ut</strong></span> <span class='ocrx_word' id='word_1_252' title='bbox 923 3531 1087 3593; x_wconf 87' lang='lat' dir='ltr'><strong>dicas,</strong></span> <span class='ocrx_word' id='word_1_253' title='bbox 1110 3530 1271 3579; x_wconf 79' lang='lat' dir='ltr'><strong>Istum</strong></span> <span class='ocrx_word' id='word_1_254' title='bbox 1293 3530 1367 3579; x_wconf 86' lang='lat' dir='ltr'><strong>af-</strong></span> 
     </span>
     <span class='ocr_line' id='line_1_42' title="bbox 307 3601 1367 3670; baseline 0.003 -18"><span class='ocrx_word' id='word_1_255' title='bbox 307 3601 446 3666; x_wconf 78' lang='lat' dir='ltr'><strong>fligit</strong></span> <span class='ocrx_word' id='word_1_256' title='bbox 466 3619 569 3654; x_wconf 88' lang='lat' dir='ltr'><strong>non</strong></span> <span class='ocrx_word' id='word_1_257' title='bbox 601 3620 747 3654; x_wconf 84' lang='lat' dir='ltr'><strong>casus</strong></span> <span class='ocrx_word' id='word_1_258' title='bbox 783 3606 871 3655; x_wconf 89' lang='lat' dir='ltr'><strong>ille</strong></span> <span class='ocrx_word' id='word_1_259' title='bbox 900 3606 1080 3670; x_wconf 91' lang='lat' dir='ltr'><strong>(alium</strong></span> <span class='ocrx_word' id='word_1_260' title='bbox 1104 3607 1240 3655; x_wconf 89' lang='lat' dir='ltr'><strong>enim</strong></span> <span class='ocrx_word' id='word_1_261' title='bbox 1263 3621 1367 3656; x_wconf 89' lang='lat' dir='ltr'><strong>non</strong></span> 
     </span>
     <span class='ocr_line' id='line_1_43' title="bbox 308 3678 1365 3744; baseline 0.002 -16"><span class='ocrx_word' id='word_1_262' title='bbox 308 3678 522 3744; x_wconf 83' lang='lat' dir='ltr'><strong>affligit)</strong></span> <span class='ocrx_word' id='word_1_263' title='bbox 558 3680 647 3731; x_wconf 85' lang='lat' dir='ltr'><strong>sed</strong></span> <span class='ocrx_word' id='word_1_264' title='bbox 687 3689 945 3744; x_wconf 80' lang='lat' dir='ltr'><strong>concepta</strong></span> <span class='ocrx_word' id='word_1_265' title='bbox 969 3681 1035 3730; x_wconf 91' lang='lat' dir='ltr'><strong>de</strong></span> <span class='ocrx_word' id='word_1_266' title='bbox 1058 3697 1120 3730; x_wconf 90' lang='lat' dir='ltr'><strong>eo</strong></span> <span class='ocrx_word' id='word_1_267' title='bbox 1143 3680 1365 3743; x_wconf 78' lang='lat' dir='ltr'><strong>opinioz&#39;</strong></span> 
     </span>
     <span class='ocr_line' id='line_1_44' title="bbox 307 3756 1366 3820; baseline -0.001 -14"><span class='ocrx_word' id='word_1_268' title='bbox 307 3757 480 3820; x_wconf 86' lang='lat' dir='ltr'><strong>inquit</strong></span> <span class='ocrx_word' id='word_1_269' title='bbox 523 3757 797 3818; x_wconf 81' lang='lat' dir='ltr'><strong>Epictetus</strong></span> <span class='ocrx_word' id='word_1_270' title='bbox 838 3756 1087 3807; x_wconf 84' lang='lat' dir='ltr'><strong>enchirid.</strong></span> <span class='ocrx_word' id='word_1_271' title='bbox 1139 3757 1366 3807; x_wconf 83' lang='lat' dir='ltr'><strong>Gemen-</strong></span> 
     </span>
     <span class='ocr_line' id='line_1_45' title="bbox 307 3822 1367 3883; baseline 0 -2"><span class='ocrx_word' id='word_1_272' title='bbox 307 3822 434 3881; x_wconf 75' lang='lat' dir='ltr'><strong>‹Ium</strong></span> <span class='ocrx_word' id='word_1_273' title='bbox 477 3830 688 3880; x_wconf 83' lang='lat' dir='ltr'><strong>videtur</strong></span> <span class='ocrx_word' id='word_1_274' title='bbox 739 3833 805 3881; x_wconf 89' lang='lat' dir='ltr'><strong>ob</strong></span> <span class='ocrx_word' id='word_1_275' title='bbox 844 3840 1062 3881; x_wconf 87' lang='lat' dir='ltr'><strong>mortem</strong></span> <span class='ocrx_word' id='word_1_276' title='bbox 1113 3833 1367 3883; x_wconf 85' lang='lat' dir='ltr'><strong>carissimi</strong></span> 
     </span>
     <span class='ocr_line' id='line_1_46' title="bbox 307 3906 1366 3972; baseline 0 -14"><span class='ocrx_word' id='word_1_277' title='bbox 307 3908 397 3958; x_wconf 82' lang='lat' dir='ltr'><strong>filii</strong></span> <span class='ocrx_word' id='word_1_278' title='bbox 425 3925 437 3957; x_wconf 81' lang='lat' dir='ltr'><strong><em>z</em></strong></span> <span class='ocrx_word' id='word_1_279' title='bbox 487 3908 608 3971; x_wconf 89' lang='lat' dir='ltr'><strong>imo,</strong></span> <span class='ocrx_word' id='word_1_280' title='bbox 644 3908 768 3957; x_wconf 90' lang='lat' dir='ltr'><strong>alias</strong></span> <span class='ocrx_word' id='word_1_281' title='bbox 794 3906 1137 3971; x_wconf 67' lang='lat' dir='ltr'><strong>Anaxagorae,</strong></span> <span class='ocrx_word' id='word_1_282' title='bbox 1171 3908 1366 3972; x_wconf 88' lang='lat' dir='ltr'><strong>quippe</strong></span> 
     </span>
     <span class='ocr_line' id='line_1_47' title="bbox 307 3985 1367 4050; baseline 0.001 -16"><span class='ocrx_word' id='word_1_283' title='bbox 307 3985 706 4050; x_wconf 84' lang='lat' dir='ltr'><strong>sapientissimo,</strong></span> <span class='ocrx_word' id='word_1_284' title='bbox 782 3986 1088 4047; x_wconf 83' lang='lat' dir='ltr'><strong>gemendum</strong></span> <span class='ocrx_word' id='word_1_285' title='bbox 1162 4000 1367 4050; x_wconf 89' lang='lat' dir='ltr'><strong>quoque</strong></span> 
     </span>
     <span class='ocr_line' id='line_1_48' title="bbox 309 4061 1366 4124; baseline 0 -14"><span class='ocrx_word' id='word_1_286' title='bbox 309 4061 531 4110; x_wconf 74' lang='lat' dir='ltr'><strong>fuissetz</strong></span> <span class='ocrx_word' id='word_1_287' title='bbox 566 4061 608 4110; x_wconf 87' lang='lat' dir='ltr'><strong>is</strong></span> <span class='ocrx_word' id='word_1_288' title='bbox 632 4076 756 4111; x_wconf 84' lang='lat' dir='ltr'><strong>vero</strong></span> <span class='ocrx_word' id='word_1_289' title='bbox 777 4061 955 4111; x_wconf 89' lang='lat' dir='ltr'><strong>audito</strong></span> <span class='ocrx_word' id='word_1_290' title='bbox 975 4061 1069 4110; x_wconf 88' lang='lat' dir='ltr'><strong>filii</strong></span> <span class='ocrx_word' id='word_1_291' title='bbox 1094 4062 1173 4111; x_wconf 91' lang='lat' dir='ltr'><strong>sui</strong></span> <span class='ocrx_word' id='word_1_292' title='bbox 1197 4061 1366 4124; x_wconf 89' lang='lat' dir='ltr'><strong>obitu,</strong></span> 
     </span>
     <span class='ocr_line' id='line_1_49' title="bbox 295 4136 1369 4201; baseline 0.002 -15"><span class='ocrx_word' id='word_1_293' title='bbox 295 4138 465 4188; x_wconf 73' lang='grc' dir='ltr'><strong><em>Ἔδειν</em></strong></span> <span class='ocrx_word' id='word_1_294' title='bbox 486 4137 605 4201; x_wconf 68' lang='grc' dir='ltr'><strong><em>φησι</em></strong></span> <span class='ocrx_word' id='word_1_295' title='bbox 628 4138 798 4197; x_wconf 84' lang='grc' dir='ltr'><strong><em>θνητὸν</em></strong></span> <span class='ocrx_word' id='word_1_296' title='bbox 824 4136 1072 4201; x_wconf 74' lang='grc' dir='ltr'><strong><em>γεννήσας,</em></strong></span> <span class='ocrx_word' id='word_1_297' title='bbox 1114 4138 1130 4165; x_wconf 90' lang='lat'>‘</span> <span class='ocrx_word' id='word_1_298' title='bbox 1157 4139 1369 4201; x_wconf 87' lang='lat' dir='ltr'><strong>Noram,</strong></span> 
     </span>
     <span class='ocr_line' id='line_1_50' title="bbox 308 4214 1366 4280; baseline 0.001 -17"><span class='ocrx_word' id='word_1_299' title='bbox 308 4215 495 4280; x_wconf 68' lang='lat' dir='ltr'><strong>inquit,</strong></span> <span class='ocrx_word' id='word_1_300' title='bbox 519 4230 600 4263; x_wconf 87' lang='lat' dir='ltr'><strong>me</strong></span> <span class='ocrx_word' id='word_1_301' title='bbox 635 4229 749 4264; x_wconf 89' lang='lat' dir='ltr'><strong>eum</strong></span> <span class='ocrx_word' id='word_1_302' title='bbox 790 4217 1026 4280; x_wconf 74' lang='lat' dir='ltr'><strong>genuisse</strong></span> <span class='ocrx_word' id='word_1_303' title='bbox 1059 4214 1366 4265; x_wconf 67' lang='lat' dir='ltr'><strong>mortalem!</strong></span> 
     </span>
     <span class='ocr_line' id='line_1_51' title="bbox 309 4290 1367 4355; baseline 0 -14"><span class='ocrx_word' id='word_1_304' title='bbox 309 4293 513 4342; x_wconf 84' lang='lat' dir='ltr'><strong>Seneca</strong></span> <span class='ocrx_word' id='word_1_305' title='bbox 529 4291 656 4341; x_wconf 88' lang='lat' dir='ltr'><strong>item</strong></span> <span class='ocrx_word' id='word_1_306' title='bbox 678 4291 766 4342; x_wconf 87' lang='lat' dir='ltr'><strong>lib.</strong></span> <span class='ocrx_word' id='word_1_307' title='bbox 789 4293 985 4343; x_wconf 87' lang='lat' dir='ltr'><strong>consol.</strong></span> <span class='ocrx_word' id='word_1_308' title='bbox 1002 4290 1067 4341; x_wconf 85' lang='lat' dir='ltr'><strong>ad</strong></span> <span class='ocrx_word' id='word_1_309' title='bbox 1091 4292 1367 4355; x_wconf 81' lang='lat' dir='ltr'><strong>Marciam,</strong></span> 
     </span>
    </p>
   </div>
   <div class='ocr_carea' id='block_1_5' title="bbox 2366 391 2496 456">
    <p class='ocr_par' dir='ltr' id='par_1_7' title="bbox 2366 391 2496 456">
     <span class='ocr_line' id='line_1_52' title="bbox 2366 391 2496 456; baseline 0.015 -2"><span class='ocrx_word' id='word_1_310' title='bbox 2366 391 2496 456; x_wconf 62' lang='lat' dir='ltr'><strong>lffl</strong></span> 
     </span>
    </p>
   </div>
   <div class='ocr_carea' id='block_1_6' title="bbox 1437 543 2510 4340">
    <p class='ocr_par' dir='ltr' id='par_1_8' title="bbox 1437 543 2510 4340">
     <span class='ocr_line' id='line_1_53' title="bbox 1440 543 2500 609; baseline 0.004 -18"><span class='ocrx_word' id='word_1_311' title='bbox 1440 543 1661 591; x_wconf 84' lang='lat' dir='ltr'><strong>‘Movet</strong></span> <span class='ocrx_word' id='word_1_312' title='bbox 1705 545 1967 602; x_wconf 63' lang='lat' dir='ltr'><strong>lugentem</strong></span> <span class='ocrx_word' id='word_1_313' title='bbox 2016 544 2323 594; x_wconf 86' lang='lat' dir='ltr'><strong>desiderium</strong></span> <span class='ocrx_word' id='word_1_314' title='bbox 2368 548 2500 609; x_wconf 87' lang='lat' dir='ltr'><strong>ejus,</strong></span> 
     </span>
     <span class='ocr_line' id='line_1_54' title="bbox 1440 619 2495 684; baseline 0.007 -19"><span class='ocrx_word' id='word_1_315' title='bbox 1440 632 1592 680; x_wconf 82' lang='lat' dir='ltr'><strong>quem</strong></span> <span class='ocrx_word' id='word_1_316' title='bbox 1633 619 1856 670; x_wconf 83' lang='lat' dir='ltr'><strong>dilexit:</strong></span> <span class='ocrx_word' id='word_1_317' title='bbox 1899 621 1951 669; x_wconf 81' lang='lat' dir='ltr'><strong>id</strong></span> <span class='ocrx_word' id='word_1_318' title='bbox 1999 636 2093 684; x_wconf 82' lang='lat' dir='ltr'><strong>per</strong></span> <span class='ocrx_word' id='word_1_319' title='bbox 2128 636 2184 670; x_wconf 89' lang='lat' dir='ltr'><strong>se</strong></span> <span class='ocrx_word' id='word_1_320' title='bbox 2226 623 2495 672; x_wconf 78' lang='lat' dir='ltr'><strong>tolerabile</strong></span> 
     </span>
     <span class='ocr_line' id='line_1_55' title="bbox 1439 694 2497 757; baseline 0.005 -15"><span class='ocrx_word' id='word_1_321' title='bbox 1439 702 1691 757; x_wconf 85' lang='lat' dir='ltr'><strong>apparet:</strong></span> <span class='ocrx_word' id='word_1_322' title='bbox 1728 694 1987 746; x_wconf 82' lang='lat' dir='ltr'><strong>Absentes</strong></span> <span class='ocrx_word' id='word_1_323' title='bbox 2028 697 2162 746; x_wconf 88' lang='lat' dir='ltr'><strong>enim</strong></span> <span class='ocrx_word' id='word_1_324' title='bbox 2204 696 2497 747; x_wconf 86' lang='lat' dir='ltr'><strong>abfuturos-</strong></span> 
     </span>
     <span class='ocr_line' id='line_1_56' title="bbox 1437 769 2496 836; baseline 0.005 -19"><span class='ocrx_word' id='word_1_325' title='bbox 1437 783 1560 832; x_wconf 88' lang='lat' dir='ltr'><strong>que,</strong></span> <span class='ocrx_word' id='word_1_326' title='bbox 1582 769 1701 819; x_wconf 89' lang='lat' dir='ltr'><strong>dum</strong></span> <span class='ocrx_word' id='word_1_327' title='bbox 1720 771 1971 833; x_wconf 85' lang='lat' dir='ltr'><strong>viverent,</strong></span> <span class='ocrx_word' id='word_1_328' title='bbox 1984 787 2086 822; x_wconf 93' lang='lat' dir='ltr'><strong>non</strong></span> <span class='ocrx_word' id='word_1_329' title='bbox 2103 771 2304 833; x_wconf 85' lang='lat' dir='ltr'><strong>flemus,</strong></span> <span class='ocrx_word' id='word_1_330' title='bbox 2321 788 2496 836; x_wconf 87' lang='lat' dir='ltr'><strong>quam-</strong></span> 
     </span>
     <span class='ocr_line' id='line_1_57' title="bbox 1439 846 2497 899; baseline 0.006 -6"><span class='ocrx_word' id='word_1_331' title='bbox 1439 847 1516 894; x_wconf 88' lang='lat' dir='ltr'><strong>vis</strong></span> <span class='ocrx_word' id='word_1_332' title='bbox 1540 846 1703 895; x_wconf 89' lang='lat' dir='ltr'><strong>omnis</strong></span> <span class='ocrx_word' id='word_1_333' title='bbox 1738 862 1856 896; x_wconf 89' lang='lat' dir='ltr'><strong>usus</strong></span> <span class='ocrx_word' id='word_1_334' title='bbox 1891 848 2090 897; x_wconf 88' lang='lat' dir='ltr'><strong>illorum</strong></span> <span class='ocrx_word' id='word_1_335' title='bbox 2123 848 2271 898; x_wconf 86' lang='lat' dir='ltr'><strong>nobis</strong></span> <span class='ocrx_word' id='word_1_336' title='bbox 2304 856 2358 899; x_wconf 92' lang='lat' dir='ltr'><strong>et</strong></span> <span class='ocrx_word' id='word_1_337' title='bbox 2377 864 2497 899; x_wconf 88' lang='lat' dir='ltr'><strong>con·</strong></span> 
     </span>
     <span class='ocr_line' id='line_1_58' title="bbox 1439 925 2495 990; baseline 0.007 -21"><span class='ocrx_word' id='word_1_338' title='bbox 1439 930 1647 983; x_wconf 82' lang='lat' dir='ltr'><strong>spectus</strong></span> <span class='ocrx_word' id='word_1_339' title='bbox 1669 932 1877 986; x_wconf 87' lang='lat' dir='ltr'><strong>ereptus</strong></span> <span class='ocrx_word' id='word_1_340' title='bbox 1901 931 1997 978; x_wconf 89' lang='lat' dir='ltr'><strong>est.</strong></span> <span class='ocrx_word' id='word_1_341' title='bbox 2043 925 2239 989; x_wconf 90' lang='lat' dir='ltr'><strong>Opinio</strong></span> <span class='ocrx_word' id='word_1_342' title='bbox 2264 933 2347 976; x_wconf 87' lang='lat' dir='ltr'><strong>est</strong></span> <span class='ocrx_word' id='word_1_343' title='bbox 2369 939 2495 990; x_wconf 83' lang='lat' dir='ltr'><strong>ergo</strong></span> 
     </span>
     <span class='ocr_line' id='line_1_59' title="bbox 1439 1001 2496 1068; baseline 0.006 -23"><span class='ocrx_word' id='word_1_344' title='bbox 1439 1013 1554 1061; x_wconf 85' lang='lat' dir='ltr'><strong>qnae</strong></span> <span class='ocrx_word' id='word_1_345' title='bbox 1586 1013 1679 1047; x_wconf 93' lang='lat' dir='ltr'><strong>nos</strong></span> <span class='ocrx_word' id='word_1_346' title='bbox 1712 1001 1945 1068; x_wconf 76' lang='lat' dir='ltr'><strong>cruciat:</strong></span> <span class='ocrx_word' id='word_1_347' title='bbox 1995 1009 2050 1050; x_wconf 87' lang='lat' dir='ltr'><strong>et</strong></span> <span class='ocrx_word' id='word_1_348' title='bbox 2085 1004 2213 1050; x_wconf 79' lang='lat' dir='ltr'><strong>tanti</strong></span> <span class='ocrx_word' id='word_1_349' title='bbox 2256 1002 2496 1066; x_wconf 88' lang='lat' dir='ltr'><strong>quodque</strong></span> 
     </span>
     <span class='ocr_line' id='line_1_60' title="bbox 1440 1075 2497 1138; baseline 0.004 -18"><span class='ocrx_word' id='word_1_350' title='bbox 1440 1075 1628 1127; x_wconf 82' lang='lat' dir='ltr'><strong>malum</strong></span> <span class='ocrx_word' id='word_1_351' title='bbox 1668 1083 1768 1136; x_wconf 84' lang='lat' dir='ltr'><strong>est,</strong></span> <span class='ocrx_word' id='word_1_352' title='bbox 1792 1076 1973 1138; x_wconf 82' lang='lat' dir='ltr'><strong>quanti</strong></span> <span class='ocrx_word' id='word_1_353' title='bbox 2007 1078 2133 1125; x_wconf 83' lang='lat' dir='ltr'><strong>illud</strong></span> <span class='ocrx_word' id='word_1_354' title='bbox 2171 1076 2497 1126; x_wconf 85' lang='lat' dir='ltr'><strong>taxavimus.&#39;</strong></span> 
     </span>
     <span class='ocr_line' id='line_1_61' title="bbox 1442 1150 2498 1215; baseline 0.004 -17"><span class='ocrx_word' id='word_1_355' title='bbox 1442 1150 1628 1215; x_wconf 87' lang='lat' dir='ltr'><strong>Neque</strong></span> <span class='ocrx_word' id='word_1_356' title='bbox 1651 1154 1957 1214; x_wconf 82' lang='lat' dir='ltr'><strong>gemendum</strong></span> <span class='ocrx_word' id='word_1_357' title='bbox 1992 1153 2057 1202; x_wconf 88' lang='lat' dir='ltr'><strong>ob</strong></span> <span class='ocrx_word' id='word_1_358' title='bbox 2092 1154 2340 1214; x_wconf 77' lang='lat' dir='ltr'><strong>exilium3</strong></span> <span class='ocrx_word' id='word_1_359' title='bbox 2375 1155 2498 1202; x_wconf 90' lang='lat' dir='ltr'><strong>alio-</strong></span> 
     </span>
     <span class='ocr_line' id='line_1_62' title="bbox 1441 1229 2494 1294; baseline 0.004 -18"><span class='ocrx_word' id='word_1_360' title='bbox 1441 1229 1529 1291; x_wconf 86' lang='lat' dir='ltr'><strong>qui</strong></span> <span class='ocrx_word' id='word_1_361' title='bbox 1573 1235 1629 1277; x_wconf 88' lang='lat' dir='ltr'><strong>et</strong></span> <span class='ocrx_word' id='word_1_362' title='bbox 1678 1230 1959 1278; x_wconf 76' lang='lat' dir='ltr'><strong>Marcellus</strong></span> <span class='ocrx_word' id='word_1_363' title='bbox 2017 1230 2271 1280; x_wconf 76' lang='lat' dir='ltr'><strong>doluisset</strong></span> <span class='ocrx_word' id='word_1_364' title='bbox 2293 1247 2328 1279; x_wconf 70' lang='lat' dir='ltr'><strong>z.</strong></span> <span class='ocrx_word' id='word_1_365' title='bbox 2381 1231 2494 1294; x_wconf 87' lang='lat' dir='ltr'><strong>ipse</strong></span> 
     </span>
     <span class='ocr_line' id='line_1_63' title="bbox 1440 1305 2498 1370; baseline 0.006 -19"><span class='ocrx_word' id='word_1_366' title='bbox 1440 1318 1566 1362; x_wconf 81' lang='lat' dir='ltr'><strong>vero</strong></span> <span class='ocrx_word' id='word_1_367' title='bbox 1610 1305 1684 1354; x_wconf 87' lang='lat' dir='ltr'><strong>sic</strong></span> <span class='ocrx_word' id='word_1_368' title='bbox 1720 1305 1785 1353; x_wconf 89' lang='lat' dir='ltr'><strong>de</strong></span> <span class='ocrx_word' id='word_1_369' title='bbox 1819 1321 1875 1355; x_wconf 88' lang='lat' dir='ltr'><strong>se</strong></span> <span class='ocrx_word' id='word_1_370' title='bbox 1922 1307 2036 1370; x_wconf 91' lang='lat' dir='ltr'><strong>ipso</strong></span> <span class='ocrx_word' id='word_1_371' title='bbox 2070 1307 2208 1370; x_wconf 89' lang='lat' dir='ltr'><strong>apud</strong></span> <span class='ocrx_word' id='word_1_372' title='bbox 2246 1307 2498 1357; x_wconf 85' lang='lat' dir='ltr'><strong>Senecam</strong></span> 
     </span>
     <span class='ocr_line' id='line_1_64' title="bbox 1439 1380 2501 1448; baseline 0.001 -16"><span class='ocrx_word' id='word_1_373' title='bbox 1439 1380 1671 1443; x_wconf 84' lang='lat' dir='ltr'><strong>[Consol.</strong></span> <span class='ocrx_word' id='word_1_374' title='bbox 1705 1384 1768 1432; x_wconf 92' lang='lat' dir='ltr'><strong>ad</strong></span> <span class='ocrx_word' id='word_1_375' title='bbox 1794 1385 2061 1448; x_wconf 81' lang='lat' dir='ltr'><strong>Helviam]</strong></span> <span class='ocrx_word' id='word_1_376' title='bbox 2083 1386 2238 1434; x_wconf 88' lang='lat' dir='ltr'><strong>aliter</strong></span> <span class='ocrx_word' id='word_1_377' title='bbox 2260 1383 2501 1448; x_wconf 86' lang='lat' dir='ltr'><strong>affirmat,</strong></span> 
     </span>
     <span class='ocr_line' id='line_1_65' title="bbox 1444 1457 2501 1523; baseline 0 -14"><span class='ocrx_word' id='word_1_378' title='bbox 1444 1461 1458 1485; x_wconf 96' lang='lat'>‘</span> <span class='ocrx_word' id='word_1_379' title='bbox 1486 1457 1639 1509; x_wconf 86' lang='lat' dir='ltr'><strong>Quod</strong></span> <span class='ocrx_word' id='word_1_380' title='bbox 1678 1460 1847 1523; x_wconf 86' lang='lat' dir='ltr'><strong>patria</strong></span> <span class='ocrx_word' id='word_1_381' title='bbox 1885 1475 2053 1521; x_wconf 80' lang='lat' dir='ltr'><strong>cares,</strong></span> <span class='ocrx_word' id='word_1_382' title='bbox 2098 1475 2201 1509; x_wconf 94' lang='lat' dir='ltr'><strong>non</strong></span> <span class='ocrx_word' id='word_1_383' title='bbox 2236 1468 2314 1509; x_wconf 87' lang='lat' dir='ltr'><strong>est</strong></span> <span class='ocrx_word' id='word_1_384' title='bbox 2350 1460 2501 1509; x_wconf 88' lang='lat' dir='ltr'><strong>mise·</strong></span> 
     </span>
     <span class='ocr_line' id='line_1_66' title="bbox 1445 1535 2499 1599; baseline 0.003 -18"><span class='ocrx_word' id='word_1_385' title='bbox 1445 1549 1593 1584; x_wconf 80' lang='lat' dir='ltr'><strong>rum:</strong></span> <span class='ocrx_word' id='word_1_386' title='bbox 1630 1535 1704 1583; x_wconf 84' lang='lat' dir='ltr'><strong>ita</strong></span> <span class='ocrx_word' id='word_1_387' title='bbox 1741 1544 1791 1583; x_wconf 86' lang='lat' dir='ltr'><strong>te</strong></span> <span class='ocrx_word' id='word_1_388' title='bbox 1828 1535 2115 1599; x_wconf 84' lang='lat' dir='ltr'><strong>disciplinis</strong></span> <span class='ocrx_word' id='word_1_389' title='bbox 2152 1535 2403 1596; x_wconf 84' lang='lat' dir='ltr'><strong>imbuisti,</strong></span> <span class='ocrx_word' id='word_1_390' title='bbox 2439 1543 2499 1585; x_wconf 90' lang='lat' dir='ltr'><strong>ut</strong></span> 
     </span>
     <span class='ocr_line' id='line_1_67' title="bbox 1443 1609 2495 1674; baseline 0.003 -17"><span class='ocrx_word' id='word_1_391' title='bbox 1443 1609 1600 1660; x_wconf 86' lang='lat' dir='ltr'><strong>scires</strong></span> <span class='ocrx_word' id='word_1_392' title='bbox 1645 1625 1847 1660; x_wconf 90' lang='lat' dir='ltr'><strong>omnem</strong></span> <span class='ocrx_word' id='word_1_393' title='bbox 1891 1613 2062 1660; x_wconf 87' lang='lat' dir='ltr'><strong>locum</strong></span> <span class='ocrx_word' id='word_1_394' title='bbox 2107 1612 2336 1674; x_wconf 85' lang='lat' dir='ltr'><strong>sapienti</strong></span> <span class='ocrx_word' id='word_1_395' title='bbox 2382 1612 2495 1661; x_wconf 83' lang='lat' dir='ltr'><strong>viro</strong></span> 
     </span>
     <span class='ocr_line' id='line_1_68' title="bbox 1445 1684 2498 1752; baseline 0.004 -20"><span class='ocrx_word' id='word_1_396' title='bbox 1445 1684 1665 1746; x_wconf 90' lang='lat' dir='ltr'><strong>patriam</strong></span> <span class='ocrx_word' id='word_1_397' title='bbox 1690 1686 1840 1736; x_wconf 89' lang='lat' dir='ltr'><strong>esse.&#39;</strong></span> <span class='ocrx_word' id='word_1_398' title='bbox 1906 1688 2091 1752; x_wconf 87' lang='lat' dir='ltr'><strong>Neque</strong></span> <span class='ocrx_word' id='word_1_399' title='bbox 2122 1688 2258 1735; x_wconf 84' lang='lat' dir='ltr'><strong>enim</strong></span> <span class='ocrx_word' id='word_1_400' title='bbox 2297 1687 2373 1736; x_wconf 84' lang='lat' dir='ltr'><strong>vir</strong></span> <span class='ocrx_word' id='word_1_401' title='bbox 2417 1702 2498 1736; x_wconf 87' lang='lat' dir='ltr'><strong>sa-</strong></span> 
     </span>
     <span class='ocr_line' id='line_1_69' title="bbox 1443 1763 2497 1829; baseline 0.004 -18"><span class='ocrx_word' id='word_1_402' title='bbox 1443 1763 1591 1827; x_wconf 87' lang='lat' dir='ltr'><strong>piens</strong></span> <span class='ocrx_word' id='word_1_403' title='bbox 1609 1763 1676 1812; x_wconf 84' lang='lat' dir='ltr'><strong>ob</strong></span> <span class='ocrx_word' id='word_1_404' title='bbox 1701 1779 1783 1813; x_wconf 90' lang='lat' dir='ltr'><strong>res</strong></span> <span class='ocrx_word' id='word_1_405' title='bbox 1820 1773 2084 1828; x_wconf 80' lang='lat' dir='ltr'><strong>externas,</strong></span> <span class='ocrx_word' id='word_1_406' title='bbox 2105 1780 2218 1829; x_wconf 84' lang='lat' dir='ltr'><strong>quae</strong></span> <span class='ocrx_word' id='word_1_407' title='bbox 2238 1764 2337 1814; x_wconf 80' lang='lat' dir='ltr'><strong>sibi</strong></span> <span class='ocrx_word' id='word_1_408' title='bbox 2376 1765 2497 1815; x_wconf 89' lang='lat' dir='ltr'><strong>alie·</strong></span> 
     </span>
     <span class='ocr_line' id='line_1_70' title="bbox 1441 1844 2499 1908; baseline 0.003 -19"><span class='ocrx_word' id='word_1_409' title='bbox 1441 1855 1522 1890; x_wconf 77' lang='lat' dir='ltr'><strong>nae</strong></span> <span class='ocrx_word' id='word_1_410' title='bbox 1543 1848 1681 1904; x_wconf 91' lang='lat' dir='ltr'><strong>sunt,</strong></span> <span class='ocrx_word' id='word_1_411' title='bbox 1702 1849 1970 1892; x_wconf 84' lang='lat' dir='ltr'><strong>movetur:</strong></span> <span class='ocrx_word' id='word_1_412' title='bbox 2004 1857 2172 1908; x_wconf 91' lang='lat' dir='ltr'><strong>neque</strong></span> <span class='ocrx_word' id='word_1_413' title='bbox 2196 1844 2327 1893; x_wconf 88' lang='lat' dir='ltr'><strong>ultra</strong></span> <span class='ocrx_word' id='word_1_414' title='bbox 2346 1857 2499 1907; x_wconf 85' lang='lat' dir='ltr'><strong>quam</strong></span> 
     </span>
     <span class='ocr_line' id='line_1_71' title="bbox 1441 1916 2498 1978; baseline 0.003 -15"><span class='ocrx_word' id='word_1_415' title='bbox 1441 1922 1500 1965; x_wconf 91' lang='lat' dir='ltr'><strong>ut</strong></span> <span class='ocrx_word' id='word_1_416' title='bbox 1521 1916 1722 1966; x_wconf 85' lang='lat' dir='ltr'><strong>animus</strong></span> <span class='ocrx_word' id='word_1_417' title='bbox 1754 1917 1848 1966; x_wconf 87' lang='lat' dir='ltr'><strong>sibi</strong></span> <span class='ocrx_word' id='word_1_418' title='bbox 1878 1919 2010 1968; x_wconf 87' lang='lat' dir='ltr'><strong>bene</strong></span> <span class='ocrx_word' id='word_1_419' title='bbox 2051 1919 2120 1968; x_wconf 88' lang='lat' dir='ltr'><strong>sit</strong></span> <span class='ocrx_word' id='word_1_420' title='bbox 2143 1920 2400 1978; x_wconf 86' lang='lat' dir='ltr'><strong>conscius,</strong></span> <span class='ocrx_word' id='word_1_421' title='bbox 2422 1917 2498 1966; x_wconf 89' lang='lat' dir='ltr'><strong>in-</strong></span> 
     </span>
     <span class='ocr_line' id='line_1_72' title="bbox 1443 1992 2498 2058; baseline 0.001 -18"><span class='ocrx_word' id='word_1_422' title='bbox 1443 1992 1618 2056; x_wconf 89' lang='lat' dir='ltr'><strong>quirit.</strong></span> <span class='ocrx_word' id='word_1_423' title='bbox 1687 1995 2028 2057; x_wconf 77' lang='lat' dir='ltr'><strong>Cogitandnm</strong></span> <span class='ocrx_word' id='word_1_424' title='bbox 2051 2002 2152 2056; x_wconf 88' lang='lat' dir='ltr'><strong>est,</strong></span> <span class='ocrx_word' id='word_1_425' title='bbox 2173 1993 2340 2058; x_wconf 87' lang='lat' dir='ltr'><strong>inquit</strong></span> <span class='ocrx_word' id='word_1_426' title='bbox 2360 1992 2498 2057; x_wconf 83' lang='lat' dir='ltr'><strong>apud</strong></span> 
     </span>
     <span class='ocr_line' id='line_1_73' title="bbox 1439 2069 2499 2136; baseline 0.002 -19"><span class='ocrx_word' id='word_1_427' title='bbox 1439 2069 1717 2119; x_wconf 88' lang='lat' dir='ltr'><strong>Arrianum</strong></span> <span class='ocrx_word' id='word_1_428' title='bbox 1755 2073 2048 2136; x_wconf 78' lang='lat' dir='ltr'><strong>Epictetus,</strong></span> <span class='ocrx_word' id='word_1_429' title='bbox 2080 2071 2130 2119; x_wconf 76' lang='grc' dir='ltr'><strong><em>τί</em></strong></span> <span class='ocrx_word' id='word_1_430' title='bbox 2162 2070 2291 2132; x_wconf 70' lang='grc' dir='ltr'><strong><em>ἐμὸν,</em></strong></span> <span class='ocrx_word' id='word_1_431' title='bbox 2331 2069 2409 2119; x_wconf 76' lang='grc' dir='ltr'><strong>καὶ</strong></span> <span class='ocrx_word' id='word_1_432' title='bbox 2445 2070 2499 2119; x_wconf 77' lang='grc' dir='ltr'><strong>τί</strong></span> 
     </span>
     <span class='ocr_line' id='line_1_74' title="bbox 1440 2146 2506 2211; baseline 0.002 -17"><span class='ocrx_word' id='word_1_433' title='bbox 1440 2146 1526 2194; x_wconf 79' lang='grc' dir='ltr'><strong>οὐκ</strong></span> <span class='ocrx_word' id='word_1_434' title='bbox 1560 2146 1687 2207; x_wconf 69' lang='grc' dir='ltr'><strong><em>ἐμόν.</em></strong></span> <span class='ocrx_word' id='word_1_435' title='bbox 1703 2199 1706 2202; x_wconf 78' lang='grc'><strong><em>,</em></strong></span> <span class='ocrx_word' id='word_1_436' title='bbox 1723 2147 1801 2198; x_wconf 76' lang='grc' dir='ltr'><strong>καὶ</strong></span> <span class='ocrx_word' id='word_1_437' title='bbox 1830 2147 1880 2197; x_wconf 73' lang='grc' dir='ltr'><strong><em>τί</em></strong></span> <span class='ocrx_word' id='word_1_438' title='bbox 1911 2166 1990 2209; x_wconf 81' lang='grc' dir='ltr'><strong>μοι</strong></span> <span class='ocrx_word' id='word_1_439' title='bbox 2034 2146 2204 2211; x_wconf 72' lang='grc' dir='ltr'><strong><em>ἔξεστι,</em></strong></span> <span class='ocrx_word' id='word_1_440' title='bbox 2234 2147 2314 2197; x_wconf 75' lang='grc' dir='ltr'><strong>καὶ</strong></span> <span class='ocrx_word' id='word_1_441' title='bbox 2337 2149 2393 2196; x_wconf 75' lang='grc' dir='ltr'><strong>τί</strong></span> <span class='ocrx_word' id='word_1_442' title='bbox 2426 2166 2506 2209; x_wconf 90' lang='grc' dir='ltr'><strong>μοι</strong></span> 
     </span>
     <span class='ocr_line' id='line_1_75' title="bbox 1444 2222 2507 2286; baseline 0.004 -16"><span class='ocrx_word' id='word_1_443' title='bbox 1444 2223 1528 2271; x_wconf 72' lang='grc' dir='ltr'><strong>οὐκ</strong></span> <span class='ocrx_word' id='word_1_444' title='bbox 1565 2222 1757 2286; x_wconf 73' lang='grc' dir='ltr'><strong><em>ἔξεστιν.</em></strong></span> <span class='ocrx_word' id='word_1_445' title='bbox 1781 2225 2028 2275; x_wconf 71' lang='grc' dir='ltr'><strong><em>ἀποθανεῖν</em></strong></span> <span class='ocrx_word' id='word_1_446' title='bbox 2059 2244 2118 2286; x_wconf 89' lang='grc' dir='ltr'><strong>με</strong></span> <span class='ocrx_word' id='word_1_447' title='bbox 2139 2228 2223 2275; x_wconf 79' lang='grc' dir='ltr'><strong><em>δεῖ.</em></strong></span> <span class='ocrx_word' id='word_1_448' title='bbox 2253 2224 2319 2286; x_wconf 84' lang='grc' dir='ltr'><strong>μή</strong></span> <span class='ocrx_word' id='word_1_449' title='bbox 2354 2243 2402 2274; x_wconf 87' lang='grc' dir='ltr'><strong>τι</strong></span> <span class='ocrx_word' id='word_1_450' title='bbox 2426 2223 2507 2274; x_wconf 75' lang='grc' dir='ltr'><strong><em>οὖν</em></strong></span> 
     </span>
     <span class='ocr_line' id='line_1_76' title="bbox 1443 2299 2506 2367; baseline 0.004 -19"><span class='ocrx_word' id='word_1_451' title='bbox 1443 2300 1522 2348; x_wconf 75' lang='grc' dir='ltr'><strong>καὶ</strong></span> <span class='ocrx_word' id='word_1_452' title='bbox 1555 2299 1820 2362; x_wconf 70' lang='grc' dir='ltr'><strong><em>στένοντας</em></strong></span> <span class='ocrx_word' id='word_1_453' title='bbox 1873 2304 2066 2361; x_wconf 82' lang='grc' dir='ltr'><strong><em>δεθῆναι.</em></strong></span> <span class='ocrx_word' id='word_1_454' title='bbox 2103 2302 2169 2364; x_wconf 84' lang='grc' dir='ltr'><strong>μή</strong></span> <span class='ocrx_word' id='word_1_455' title='bbox 2202 2321 2249 2351; x_wconf 89' lang='grc' dir='ltr'><strong>τι</strong></span> <span class='ocrx_word' id='word_1_456' title='bbox 2285 2302 2363 2351; x_wconf 73' lang='grc' dir='ltr'><strong>καὶ</strong></span> <span class='ocrx_word' id='word_1_457' title='bbox 2398 2307 2506 2367; x_wconf 81' lang='grc' dir='ltr'><strong><em>θρη-</em></strong></span> 
     </span>
     <span class='ocr_line' id='line_1_77' title="bbox 1442 2377 2510 2441; baseline 0.002 -16"><span class='ocrx_word' id='word_1_458' title='bbox 1442 2377 1643 2437; x_wconf 68' lang='grc' dir='ltr'><strong><em>νοῦντας</em></strong></span> <span class='ocrx_word' id='word_1_459' title='bbox 1676 2381 2034 2441; x_wconf 75' lang='grc' dir='ltr'><strong><em>φυγαδευθῆναι·</em></strong></span> <span class='ocrx_word' id='word_1_460' title='bbox 2058 2378 2123 2440; x_wconf 84' lang='grc' dir='ltr'><strong>μή</strong></span> <span class='ocrx_word' id='word_1_461' title='bbox 2152 2398 2199 2427; x_wconf 82' lang='grc' dir='ltr'><strong><em>,τι</em></strong></span> <span class='ocrx_word' id='word_1_462' title='bbox 2219 2377 2303 2428; x_wconf 74' lang='grc' dir='ltr'><strong><em>οὖν</em></strong></span> <span class='ocrx_word' id='word_1_463' title='bbox 2324 2378 2510 2441; x_wconf 79' lang='grc' dir='ltr'><strong><em>κωλύει,</em></strong></span> 
     </span>
     <span class='ocr_line' id='line_1_78' title="bbox 1441 2455 2505 2519; baseline 0 -14"><span class='ocrx_word' id='word_1_464' title='bbox 1441 2459 1676 2519; x_wconf 72' lang='grc' dir='ltr'><strong><em>γελῶντα,</em></strong></span> <span class='ocrx_word' id='word_1_465' title='bbox 1711 2455 1788 2505; x_wconf 76' lang='grc' dir='ltr'><strong>καὶ</strong></span> <span class='ocrx_word' id='word_1_466' title='bbox 1817 2456 2095 2517; x_wconf 79' lang='grc' dir='ltr'><strong><em>εὖθυμοῦντα</em></strong></span> <span class='ocrx_word' id='word_1_467' title='bbox 2123 2456 2200 2505; x_wconf 76' lang='grc' dir='ltr'><strong>καὶ</strong></span> <span class='ocrx_word' id='word_1_468' title='bbox 2223 2456 2505 2519; x_wconf 79' lang='grc' dir='ltr'><strong><em>εὖροοῦντα;</em></strong></span> 
     </span>
     <span class='ocr_line' id='line_1_79' title="bbox 1444 2532 2507 2598; baseline -0.002 -15"><span class='ocrx_word' id='word_1_469' title='bbox 1444 2533 1545 2583; x_wconf 55' lang='lat' dir='ltr'><strong>eir}</strong></span> <span class='ocrx_word' id='word_1_470' title='bbox 1576 2535 1640 2584; x_wconf 75' lang='grc' dir='ltr'><strong>τὰ</strong></span> <span class='ocrx_word' id='word_1_471' title='bbox 1679 2534 1934 2597; x_wconf 73' lang='grc' dir='ltr'><strong><em>ἆτόῤῥητα.</em></strong></span> <span class='ocrx_word' id='word_1_472' title='bbox 1973 2534 2013 2583; x_wconf 75' lang='grc' dir='ltr'><strong>εἷ</strong></span> <span class='ocrx_word' id='word_1_473' title='bbox 2042 2532 2190 2594; x_wconf 73' lang='grc' dir='ltr'><strong><em>λέγω.</em></strong></span> <span class='ocrx_word' id='word_1_474' title='bbox 2229 2535 2373 2583; x_wconf 88' lang='grc' dir='ltr'><strong><em>τοῦτο</em></strong></span> <span class='ocrx_word' id='word_1_475' title='bbox 2395 2532 2507 2598; x_wconf 72' lang='grc' dir='ltr'><strong>γὰρ,</strong></span> 
     </span>
     <span class='ocr_line' id='line_1_80' title="bbox 1443 2608 2508 2673; baseline -0.002 -15"><span class='ocrx_word' id='word_1_476' title='bbox 1443 2609 1515 2658; x_wconf 68' lang='grc' dir='ltr'><strong>ἐπ’</strong></span> <span class='ocrx_word' id='word_1_477' title='bbox 1540 2609 1642 2670; x_wconf 78' lang='grc' dir='ltr'><strong><em>ἐμοί</em></strong></span> <span class='ocrx_word' id='word_1_478' title='bbox 1662 2611 1809 2659; x_wconf 79' lang='grc' dir='ltr'><strong><em>ἐστιν.</em></strong></span> <span class='ocrx_word' id='word_1_479' title='bbox 1833 2610 1961 2659; x_wconf 76' lang='grc' dir='ltr'><strong><em>ἀλλὰ</em></strong></span> <span class='ocrx_word' id='word_1_480' title='bbox 1981 2609 2106 2669; x_wconf 73' lang='grc' dir='ltr'><strong><em>δήσω</em></strong></span> <span class='ocrx_word' id='word_1_481' title='bbox 2126 2627 2210 2663; x_wconf 85' lang='grc' dir='ltr'><strong>σε.</strong></span> <span class='ocrx_word' id='word_1_482' title='bbox 2232 2608 2442 2673; x_wconf 71' lang='grc' dir='ltr'><strong><em>ἄνθρωπε</em></strong></span> <span class='ocrx_word' id='word_1_483' title='bbox 2456 2608 2508 2657; x_wconf 77' lang='grc' dir='ltr'><strong>τί</strong></span> 
     </span>
     <span class='ocr_line' id='line_1_81' title="bbox 1442 2684 2509 2747; baseline -0.004 -11"><span class='ocrx_word' id='word_1_484' title='bbox 1442 2684 1639 2747; x_wconf 70' lang='grc' dir='ltr'><strong><em>λέγειςς</em></strong></span> <span class='ocrx_word' id='word_1_485' title='bbox 1671 2685 1783 2746; x_wconf 72' lang='grc' dir='ltr'><strong>ἐμές</strong></span> <span class='ocrx_word' id='word_1_486' title='bbox 1819 2686 1875 2735; x_wconf 78' lang='grc' dir='ltr'><strong>τὸ</strong></span> <span class='ocrx_word' id='word_1_487' title='bbox 1909 2684 2080 2735; x_wconf 79' lang='grc' dir='ltr'><strong><em>σκέλος</em></strong></span> <span class='ocrx_word' id='word_1_488' title='bbox 2101 2704 2190 2745; x_wconf 88' lang='grc' dir='ltr'><strong>μου</strong></span> <span class='ocrx_word' id='word_1_489' title='bbox 2213 2684 2383 2743; x_wconf 80' lang='grc' dir='ltr'><strong><em>δήσεις.</em></strong></span> <span class='ocrx_word' id='word_1_490' title='bbox 2417 2684 2509 2742; x_wconf 78' lang='grc' dir='ltr'><strong>τὴν</strong></span> 
     </span>
     <span class='ocr_line' id='line_1_82' title="bbox 1442 2760 2509 2826; baseline -0.002 -16"><span class='ocrx_word' id='word_1_491' title='bbox 1442 2761 1709 2826; x_wconf 69' lang='grc' dir='ltr'><strong><em>προαίρεσιν</em></strong></span> <span class='ocrx_word' id='word_1_492' title='bbox 1730 2761 1802 2823; x_wconf 81' lang='grc' dir='ltr'><strong><em>δὲ,</em></strong></span> <span class='ocrx_word' id='word_1_493' title='bbox 1829 2762 1923 2811; x_wconf 76' lang='grc' dir='ltr'><strong><em>οὐδ’</em></strong></span> <span class='ocrx_word' id='word_1_494' title='bbox 1956 2764 1983 2810; x_wconf 79' lang='grc' dir='ltr'><strong><em>ὁ</em></strong></span> <span class='ocrx_word' id='word_1_495' title='bbox 2024 2761 2136 2811; x_wconf 80' lang='grc' dir='ltr'><strong><em>Ζεὺς</em></strong></span> <span class='ocrx_word' id='word_1_496' title='bbox 2170 2764 2353 2820; x_wconf 80' lang='grc' dir='ltr'><strong><em>νικῆσαι</em></strong></span> <span class='ocrx_word' id='word_1_497' title='bbox 2373 2760 2509 2809; x_wconf 80' lang='grc' dir='ltr'><strong><em>δόνα-</em></strong></span> 
     </span>
     <span class='ocr_line' id='line_1_83' title="bbox 1442 2835 2508 2900; baseline -0.002 -12"><span class='ocrx_word' id='word_1_498' title='bbox 1442 2857 1540 2888; x_wconf 89' lang='grc' dir='ltr'><strong><em>ται.</em></strong></span> <span class='ocrx_word' id='word_1_499' title='bbox 1565 2838 1630 2887; x_wconf 79' lang='grc' dir='ltr'><strong>εἷς</strong></span> <span class='ocrx_word' id='word_1_500' title='bbox 1647 2837 1864 2900; x_wconf 80' lang='grc' dir='ltr'><strong><em>φυλακήν</em></strong></span> <span class='ocrx_word' id='word_1_501' title='bbox 1898 2855 1954 2887; x_wconf 94' lang='grc' dir='ltr'><strong>σε</strong></span> <span class='ocrx_word' id='word_1_502' title='bbox 1996 2841 2148 2888; x_wconf 76' lang='grc' dir='ltr'><strong><em>Βαλό.</em></strong></span> <span class='ocrx_word' id='word_1_503' title='bbox 2174 2837 2233 2886; x_wconf 84' lang='grc' dir='ltr'><strong>τὸ</strong></span> <span class='ocrx_word' id='word_1_504' title='bbox 2272 2835 2508 2898; x_wconf 78' lang='grc' dir='ltr'><strong><em>σωμάτιον</em></strong></span> 
     </span>
     <span class='ocr_line' id='line_1_84' title="bbox 1444 2910 2506 2975; baseline -0.004 -11"><span class='ocrx_word' id='word_1_505' title='bbox 1444 2914 1779 2975; x_wconf 72' lang='grc' dir='ltr'><strong><em>ἄποκεψαλίσω</em></strong></span> <span class='ocrx_word' id='word_1_506' title='bbox 1802 2914 1905 2963; x_wconf 89' lang='grc' dir='ltr'><strong><em>σοῦ.</em></strong></span> <span class='ocrx_word' id='word_1_507' title='bbox 1943 2912 2062 2961; x_wconf 66' lang='grc' dir='ltr'><strong><em>’τότε</em></strong></span> <span class='ocrx_word' id='word_1_508' title='bbox 2082 2910 2136 2961; x_wconf 80' lang='grc' dir='ltr'><strong>οὖ</strong></span> <span class='ocrx_word' id='word_1_509' title='bbox 2158 2929 2235 2961; x_wconf 87' lang='grc' dir='ltr'><strong>σοι</strong></span> <span class='ocrx_word' id='word_1_510' title='bbox 2256 2910 2405 2973; x_wconf 74' lang='grc' dir='ltr'><strong><em>εἶπον,</em></strong></span> <span class='ocrx_word' id='word_1_511' title='bbox 2434 2912 2506 2960; x_wconf 81' lang='grc' dir='ltr'><strong>ὅτι</strong></span> 
     </span>
     <span class='ocr_line' id='line_1_85' title="bbox 1442 2987 2506 3054; baseline -0.004 -14"><span class='ocrx_word' id='word_1_512' title='bbox 1442 2991 1586 3053; x_wconf 90' lang='grc' dir='ltr'><strong><em>μόνου</em></strong></span> <span class='ocrx_word' id='word_1_513' title='bbox 1598 2992 1709 3052; x_wconf 83' lang='grc' dir='ltr'><strong><em>ἐμοῦ</em></strong></span> <span class='ocrx_word' id='word_1_514' title='bbox 1730 2993 1757 3039; x_wconf 79' lang='grc' dir='ltr'><strong><em>ὁ</em></strong></span> <span class='ocrx_word' id='word_1_515' title='bbox 1771 2989 2016 3054; x_wconf 81' lang='grc' dir='ltr'><strong><em>τράχηλος</em></strong></span> <span class='ocrx_word' id='word_1_516' title='bbox 2031 2987 2356 3049; x_wconf 76' lang='grc' dir='ltr'><strong><em>ἅναπότμητός</em></strong></span> <span class='ocrx_word' id='word_1_517' title='bbox 2369 2990 2473 3037; x_wconf 76' lang='grc' dir='ltr'><strong><em>ἐστι</em></strong></span> <span class='ocrx_word' id='word_1_518' title='bbox 2492 3008 2506 3049; x_wconf 74' lang='lat'>3</span> 
     </span>
     <span class='ocr_line' id='line_1_86' title="bbox 1443 3066 2506 3136; baseline -0.005 -15"><span class='ocrx_word' id='word_1_519' title='bbox 1443 3071 1595 3136; x_wconf 83' lang='lat' dir='ltr'><strong>‘quid</strong></span> <span class='ocrx_word' id='word_1_520' title='bbox 1613 3079 1753 3120; x_wconf 90' lang='lat' dir='ltr'><strong>tuum</strong></span> <span class='ocrx_word' id='word_1_521' title='bbox 1773 3072 1989 3133; x_wconf 53' lang='lat' dir='ltr'><strong>„inquid</strong></span> <span class='ocrx_word' id='word_1_522' title='bbox 2009 3085 2109 3118; x_wconf 92' lang='lat' dir='ltr'><strong>non</strong></span> <span class='ocrx_word' id='word_1_523' title='bbox 2126 3078 2297 3131; x_wconf 82' lang='lat' dir='ltr'><strong>tuum3</strong></span> <span class='ocrx_word' id='word_1_524' title='bbox 2316 3066 2506 3132; x_wconf 83' lang='lat' dir='ltr'><strong>etquid</strong></span> 
     </span>
     <span class='ocr_line' id='line_1_87' title="bbox 1444 3144 2503 3214; baseline -0.007 -15"><span class='ocrx_word' id='word_1_525' title='bbox 1444 3151 1538 3200; x_wconf 88' lang='lat' dir='ltr'><strong>tibi</strong></span> <span class='ocrx_word' id='word_1_526' title='bbox 1562 3151 1739 3210; x_wconf 87' lang='lat' dir='ltr'><strong>liceat,</strong></span> <span class='ocrx_word' id='word_1_527' title='bbox 1770 3148 1894 3214; x_wconf 89' lang='lat' dir='ltr'><strong>quid</strong></span> <span class='ocrx_word' id='word_1_528' title='bbox 1930 3162 2032 3196; x_wconf 90' lang='lat' dir='ltr'><strong>non</strong></span> <span class='ocrx_word' id='word_1_529' title='bbox 2059 3147 2232 3196; x_wconf 87' lang='lat' dir='ltr'><strong>liceat.</strong></span> <span class='ocrx_word' id='word_1_530' title='bbox 2299 3147 2388 3196; x_wconf 88' lang='lat' dir='ltr'><strong>Est</strong></span> <span class='ocrx_word' id='word_1_531' title='bbox 2411 3144 2503 3194; x_wconf 88' lang='lat' dir='ltr'><strong>tibi</strong></span> 
     </span>
     <span class='ocr_line' id='line_1_88' title="bbox 1441 3224 2507 3287; baseline -0.007 -12"><span class='ocrx_word' id='word_1_532' title='bbox 1441 3226 1794 3275; x_wconf 86' lang='lat' dir='ltr'><strong>moriendum:</strong></span> <span class='ocrx_word' id='word_1_533' title='bbox 1834 3224 2063 3287; x_wconf 84' lang='lat' dir='ltr'><strong>uunquid</strong></span> <span class='ocrx_word' id='word_1_534' title='bbox 2105 3224 2262 3272; x_wconf 90' lang='lat' dir='ltr'><strong>etiam</strong></span> <span class='ocrx_word' id='word_1_535' title='bbox 2301 3235 2507 3283; x_wconf 85' lang='lat' dir='ltr'><strong>gemen-</strong></span> 
     </span>
     <span class='ocr_line' id='line_1_89' title="bbox 1443 3301 2505 3362; baseline -0.007 -11"><span class='ocrx_word' id='word_1_536' title='bbox 1443 3303 1517 3352; x_wconf 82' lang='lat' dir='ltr'><strong>ti?</strong></span> <span class='ocrx_word' id='word_1_537' title='bbox 1570 3302 1633 3351; x_wconf 92' lang='lat' dir='ltr'><strong>In</strong></span> <span class='ocrx_word' id='word_1_538' title='bbox 1679 3301 1898 3350; x_wconf 85' lang='lat' dir='ltr'><strong>vinculis</strong></span> <span class='ocrx_word' id='word_1_539' title='bbox 1943 3314 2053 3348; x_wconf 84' lang='lat' dir='ltr'><strong>esse</strong></span> <span class='ocrx_word' id='word_1_540' title='bbox 2098 3305 2338 3362; x_wconf 86' lang='lat' dir='ltr'><strong>oportet:</strong></span> <span class='ocrx_word' id='word_1_541' title='bbox 2375 3311 2505 3345; x_wconf 90' lang='lat' dir='ltr'><strong>nun-</strong></span> 
     </span>
     <span class='ocr_line' id='line_1_90' title="bbox 1442 3372 2503 3443; baseline -0.003 -17"><span class='ocrx_word' id='word_1_542' title='bbox 1442 3379 1564 3443; x_wconf 85' lang='lat' dir='ltr'><strong>quid</strong></span> <span class='ocrx_word' id='word_1_543' title='bbox 1619 3377 1937 3440; x_wconf 86' lang='lat' dir='ltr'><strong>ejulantem?</strong></span> <span class='ocrx_word' id='word_1_544' title='bbox 2006 3376 2093 3424; x_wconf 88' lang='lat' dir='ltr'><strong>Ire</strong></span> <span class='ocrx_word' id='word_1_545' title='bbox 2145 3375 2197 3423; x_wconf 90' lang='lat' dir='ltr'><strong>iu</strong></span> <span class='ocrx_word' id='word_1_546' title='bbox 2261 3372 2503 3423; x_wconf 83' lang='lat' dir='ltr'><strong>exilium:</strong></span> 
     </span>
     <span class='ocr_line' id='line_1_91' title="bbox 1441 3450 2505 3518; baseline -0.005 -16"><span class='ocrx_word' id='word_1_547' title='bbox 1441 3454 1619 3518; x_wconf 88' lang='lat' dir='ltr'><strong>ecquis</strong></span> <span class='ocrx_word' id='word_1_548' title='bbox 1654 3454 1894 3517; x_wconf 86' lang='lat' dir='ltr'><strong>prohibet</strong></span> <span class='ocrx_word' id='word_1_549' title='bbox 1921 3453 1996 3500; x_wconf 88' lang='lat' dir='ltr'><strong>ire</strong></span> <span class='ocrx_word' id='word_1_550' title='bbox 2034 3467 2148 3501; x_wconf 90' lang='lat' dir='ltr'><strong>cum</strong></span> <span class='ocrx_word' id='word_1_551' title='bbox 2185 3452 2311 3511; x_wconf 87' lang='lat' dir='ltr'><strong>risu,</strong></span> <span class='ocrx_word' id='word_1_552' title='bbox 2333 3450 2505 3498; x_wconf 82' lang='lat' dir='ltr'><strong>hilari-</strong></span> 
     </span>
     <span class='ocr_line' id='line_1_92' title="bbox 1445 3525 2508 3579; baseline -0.007 0"><span class='ocrx_word' id='word_1_553' title='bbox 1445 3538 1554 3579; x_wconf 84' lang='lat' dir='ltr'><strong>tate</strong></span> <span class='ocrx_word' id='word_1_554' title='bbox 1580 3538 1635 3578; x_wconf 91' lang='lat' dir='ltr'><strong>et</strong></span> <span class='ocrx_word' id='word_1_555' title='bbox 1659 3528 1969 3578; x_wconf 82' lang='lat' dir='ltr'><strong>alacritate?</strong></span> <span class='ocrx_word' id='word_1_556' title='bbox 2005 3528 2104 3576; x_wconf 90' lang='lat' dir='ltr'><strong>Dic</strong></span> <span class='ocrx_word' id='word_1_557' title='bbox 2131 3540 2338 3576; x_wconf 83' lang='lat' dir='ltr'><strong>arcana.</strong></span> <span class='ocrx_word' id='word_1_558' title='bbox 2386 3525 2508 3573; x_wconf 87' lang='lat' dir='ltr'><strong>Non</strong></span> 
     </span>
     <span class='ocr_line' id='line_1_93' title="bbox 1442 3602 2500 3668; baseline -0.004 -15"><span class='ocrx_word' id='word_1_559' title='bbox 1442 3605 1687 3655; x_wconf 77' lang='lat' dir='ltr'><strong>dico.lioc</strong></span> <span class='ocrx_word' id='word_1_560' title='bbox 1699 3606 1834 3654; x_wconf 89' lang='lat' dir='ltr'><strong>enim</strong></span> <span class='ocrx_word' id='word_1_561' title='bbox 1855 3618 2012 3668; x_wconf 85' lang='lat' dir='ltr'><strong>penes</strong></span> <span class='ocrx_word' id='word_1_562' title='bbox 2023 3618 2106 3652; x_wconf 89' lang='lat' dir='ltr'><strong>me</strong></span> <span class='ocrx_word' id='word_1_563' title='bbox 2117 3610 2213 3652; x_wconf 86' lang='lat' dir='ltr'><strong>est.</strong></span> <span class='ocrx_word' id='word_1_564' title='bbox 2240 3602 2313 3651; x_wconf 92' lang='lat' dir='ltr'><strong>At</strong></span> <span class='ocrx_word' id='word_1_565' title='bbox 2327 3602 2377 3649; x_wconf 91' lang='lat' dir='ltr'><strong>in</strong></span> <span class='ocrx_word' id='word_1_566' title='bbox 2390 3602 2500 3650; x_wconf 84' lang='lat' dir='ltr'><strong>vin-</strong></span> 
     </span>
     <span class='ocr_line' id='line_1_94' title="bbox 1443 3676 2500 3744; baseline -0.003 -14"><span class='ocrx_word' id='word_1_567' title='bbox 1443 3683 1561 3730; x_wconf 89' lang='lat' dir='ltr'><strong>cula</strong></span> <span class='ocrx_word' id='word_1_568' title='bbox 1589 3690 1642 3730; x_wconf 91' lang='lat' dir='ltr'><strong>te</strong></span> <span class='ocrx_word' id='word_1_569' title='bbox 1682 3680 1976 3744; x_wconf 90' lang='lat' dir='ltr'><strong>conjiciam.</strong></span> <span class='ocrx_word' id='word_1_570' title='bbox 2045 3680 2212 3727; x_wconf 86' lang='lat' dir='ltr'><strong>Homo</strong></span> <span class='ocrx_word' id='word_1_571' title='bbox 2235 3677 2359 3743; x_wconf 88' lang='lat' dir='ltr'><strong>quid</strong></span> <span class='ocrx_word' id='word_1_572' title='bbox 2386 3676 2500 3727; x_wconf 87' lang='lat' dir='ltr'><strong>ais?</strong></span> 
     </span>
     <span class='ocr_line' id='line_1_95' title="bbox 1442 3754 2505 3820; baseline -0.005 -14"><span class='ocrx_word' id='word_1_573' title='bbox 1442 3759 1558 3806; x_wconf 87' lang='lat' dir='ltr'><strong>me?</strong></span> <span class='ocrx_word' id='word_1_574' title='bbox 1592 3757 1777 3820; x_wconf 89' lang='lat' dir='ltr'><strong>pedem</strong></span> <span class='ocrx_word' id='word_1_575' title='bbox 1824 3771 1993 3805; x_wconf 81' lang='lat' dir='ltr'><strong>meum</strong></span> <span class='ocrx_word' id='word_1_576' title='bbox 2041 3754 2253 3816; x_wconf 85' lang='lat' dir='ltr'><strong>vincies,</strong></span> <span class='ocrx_word' id='word_1_577' title='bbox 2300 3755 2505 3803; x_wconf 85' lang='lat' dir='ltr'><strong>institu-</strong></span> 
     </span>
     <span class='ocr_line' id='line_1_96' title="bbox 1447 3829 2509 3894; baseline -0.005 -12"><span class='ocrx_word' id='word_1_578' title='bbox 1447 3840 1556 3882; x_wconf 90' lang='lat' dir='ltr'><strong>tum</strong></span> <span class='ocrx_word' id='word_1_579' title='bbox 1579 3839 1754 3882; x_wconf 89' lang='lat' dir='ltr'><strong>autem</strong></span> <span class='ocrx_word' id='word_1_580' title='bbox 1779 3847 1947 3881; x_wconf 86' lang='lat' dir='ltr'><strong>meum</strong></span> <span class='ocrx_word' id='word_1_581' title='bbox 1969 3845 2034 3880; x_wconf 87' lang='lat' dir='ltr'><strong>ne</strong></span> <span class='ocrx_word' id='word_1_582' title='bbox 2060 3831 2167 3894; x_wconf 86' lang='lat' dir='ltr'><strong>ipse</strong></span> <span class='ocrx_word' id='word_1_583' title='bbox 2193 3830 2401 3893; x_wconf 83' lang='lat' dir='ltr'><strong>quidem</strong></span> <span class='ocrx_word' id='word_1_584' title='bbox 2414 3829 2509 3880; x_wconf 86' lang='lat' dir='ltr'><strong>Ju-</strong></span> 
     </span>
     <span class='ocr_line' id='line_1_97' title="bbox 1444 3906 2507 3973; baseline -0.002 -16"><span class='ocrx_word' id='word_1_585' title='bbox 1444 3911 1581 3973; x_wconf 88' lang='lat' dir='ltr'><strong>piter</strong></span> <span class='ocrx_word' id='word_1_586' title='bbox 1604 3909 1887 3972; x_wconf 85' lang='lat' dir='ltr'><strong>superabit.</strong></span> <span class='ocrx_word' id='word_1_587' title='bbox 1956 3908 2017 3957; x_wconf 84' lang='lat' dir='ltr'><strong>In</strong></span> <span class='ocrx_word' id='word_1_588' title='bbox 2037 3907 2324 3957; x_wconf 60' lang='lat' dir='ltr'><strong>‘custodiam</strong></span> <span class='ocrx_word' id='word_1_589' title='bbox 2341 3914 2393 3955; x_wconf 86' lang='lat' dir='ltr'><strong>te</strong></span> <span class='ocrx_word' id='word_1_590' title='bbox 2417 3906 2507 3955; x_wconf 86' lang='lat' dir='ltr'><strong>da·</strong></span> 
     </span>
     <span class='ocr_line' id='line_1_98' title="bbox 1448 3982 2507 4048; baseline -0.004 -13"><span class='ocrx_word' id='word_1_591' title='bbox 1448 3986 1547 4035; x_wconf 88' lang='lat' dir='ltr'><strong>bo:</strong></span> <span class='ocrx_word' id='word_1_592' title='bbox 1606 3986 1965 4048; x_wconf 85' lang='lat' dir='ltr'><strong>corpusculum</strong></span> <span class='ocrx_word' id='word_1_593' title='bbox 2017 3984 2191 4048; x_wconf 86' lang='lat' dir='ltr'><strong>capite</strong></span> <span class='ocrx_word' id='word_1_594' title='bbox 2240 3982 2507 4032; x_wconf 87' lang='lat' dir='ltr'><strong>truncabo.</strong></span> 
     </span>
     <span class='ocr_line' id='line_1_99' title="bbox 1444 4060 2506 4125; baseline -0.004 -11"><span class='ocrx_word' id='word_1_595' title='bbox 1444 4062 1666 4115; x_wconf 83' lang='lat' dir='ltr'><strong>Quando</strong></span> <span class='ocrx_word' id='word_1_596' title='bbox 1711 4076 1837 4125; x_wconf 84' lang='lat' dir='ltr'><strong>ergo</strong></span> <span class='ocrx_word' id='word_1_597' title='bbox 1883 4061 1980 4110; x_wconf 90' lang='lat' dir='ltr'><strong>tibi</strong></span> <span class='ocrx_word' id='word_1_598' title='bbox 2020 4060 2127 4109; x_wconf 86' lang='lat' dir='ltr'><strong>dixi</strong></span> <span class='ocrx_word' id='word_1_599' title='bbox 2165 4074 2308 4108; x_wconf 88' lang='lat' dir='ltr'><strong>meas</strong></span> <span class='ocrx_word' id='word_1_600' title='bbox 2355 4061 2506 4110; x_wconf 89' lang='lat' dir='ltr'><strong>unius</strong></span> 
     </span>
     <span class='ocr_line' id='line_1_100' title="bbox 1442 4135 2501 4199; baseline -0.003 -11"><span class='ocrx_word' id='word_1_601' title='bbox 1442 4138 1671 4199; x_wconf 83' lang='lat' dir='ltr'><strong>cervices</strong></span> <span class='ocrx_word' id='word_1_602' title='bbox 1726 4135 1865 4186; x_wconf 78' lang='lat' dir='ltr'><strong>ferro</strong></span> <span class='ocrx_word' id='word_1_603' title='bbox 1922 4151 2034 4184; x_wconf 88' lang='lat' dir='ltr'><strong>esse</strong></span> <span class='ocrx_word' id='word_1_604' title='bbox 2103 4136 2421 4185; x_wconf 83' lang='lat' dir='ltr'><strong>inviolabiles</strong></span> <span class='ocrx_word' id='word_1_605' title='bbox 2454 4137 2501 4185; x_wconf 84' lang='lat'><strong>?&#39;</strong></span> 
     </span>
     <span class='ocr_line' id='line_1_101' title="bbox 1443 4212 2504 4276; baseline -0.002 -13"><span class='ocrx_word' id='word_1_606' title='bbox 1443 4214 1886 4264; x_wconf 83' lang='lat' dir='ltr'><strong>Christianismum</strong></span> <span class='ocrx_word' id='word_1_607' title='bbox 1902 4213 2015 4261; x_wconf 80' lang='lat' dir='ltr'><strong>haec</strong></span> <span class='ocrx_word' id='word_1_608' title='bbox 2030 4212 2253 4274; x_wconf 86' lang='lat' dir='ltr'><strong>spirant,</strong></span> <span class='ocrx_word' id='word_1_609' title='bbox 2269 4212 2359 4260; x_wconf 88' lang='lat' dir='ltr'><strong>sed</strong></span> <span class='ocrx_word' id='word_1_610' title='bbox 2379 4227 2504 4276; x_wconf 84' lang='lat' dir='ltr'><strong>pau·</strong></span> 
     </span>
     <span class='ocr_line' id='line_1_102' title="bbox 1442 4287 2504 4340; baseline -0.003 0"><span class='ocrx_word' id='word_1_611' title='bbox 1442 4291 1517 4340; x_wconf 82' lang='lat' dir='ltr'><strong>cis</strong></span> <span class='ocrx_word' id='word_1_612' title='bbox 1541 4290 1857 4339; x_wconf 83' lang='lat' dir='ltr'><strong>immutatis:</strong></span> <span class='ocrx_word' id='word_1_613' title='bbox 1896 4288 2105 4338; x_wconf 78' lang='lat' dir='ltr'><strong>abesset</strong></span> <span class='ocrx_word' id='word_1_614' title='bbox 2136 4287 2290 4336; x_wconf 92' lang='lat' dir='ltr'><strong>modo</strong></span> <span class='ocrx_word' id='word_1_615' title='bbox 2324 4288 2387 4337; x_wconf 85' lang='lat' dir='ltr'><strong>ab</strong></span> <span class='ocrx_word' id='word_1_616' title='bbox 2412 4289 2504 4338; x_wconf 79' lang='lat' dir='ltr'><strong>hac</strong></span> 
     </span>
    </p>
   </div>
  </div>
 </body>
</html>
