3049 4928
714 831 1056 909 ANICII
1141 832 1388 909 MAN
1392 831 1538 909 Lu
1617 835 2176 925 TORQUATI

332 1077 1434 1200 SEVERINI
1561 1082 2537 1203 BOETHII

990 1369 1116 1434 DE
1162 1370 1915 1437 CONSOLATIONE

714 1589 2234 1684 PHILOSOPHIAE*

1194 1867 1531 1945 LIBER
1613 1869 1687 1944 1.

1165 2349 1592 2417 METRUM
1641 2353 1702 2417 Ι.

329 2474 732 2568 CARMINA
753 2503 779 2531 ⁸
808 2495 922 2581 qui
953 2496 1289 2581 quondam
1320 2497 1552 2563 studio
1583 2497 1858 2563 florente
1886 2497 2133 2584 peregi,

414 2598 726 2679 Flebilis,
755 2600 908 2678 heu,
939 2604 1217 2670 moestos
1243 2619 1450 2684 cogor
1476 2601 1647 2666 inire
1676 2601 1974 2667 modom*

389 2780 520 2843 Ego,
560 2779 643 2845 φη·
678 2782 793 2831 olim
822 2780 1007 2846 perfeci
1032 2783 1270 2847 polimenta,
1299 2785 1413 2833 dum
1447 2783 1612 2834 studia
1650 2800 1756 2834 mec
1778 2784 2030 2849 florerent,
2061 2784 2169 2849 heu,
2201 2783 2302 2847 ipse
2335 2782 2539 2848 afflictas

1334 2916 1382 2966 N
1390 2915 1559 2969 01·AE

388 3017 412 3044 ⁸
433 3010 690 3074 Carmina]
738 3011 958 3061 Carmen
978 3028 1009 3063 a
1030 3013 1265 3064 canendo
1286 3012 1393 3064 dic·

329 3092 435 3137 tum
456 3104 468 3136 ε
493 3093 579 3150 ut,
597 3087 751 3150 sicut,
766 3093 978 3139 anctore
992 3089 1199 3152 Vossio,
1221 3105 1252 3139 a
1268 3091 1285 3119 ‘
1305 3105 1392 3154 ge·

325 3161 517 3213 nimen’
541 3171 623 3212 est
637 3163 654 3191 ‘
671 3164 924 3228 ζει-αωοβ
958 3166 1030 3215 sic
1048 3181 1078 3214 a
1096 3165 1111 3192 ⁸
1130 3165 1391 3215 canimen'

325 3241 392 3291 sit
412 3241 429 3269 ⁶
454 3241 699 3306 carmen,'
728 3258 761 3292 a
791 3243 848 3293 in
869 3258 895 3291 r·
917 3257 1184 3308 converso,
1214 3259 1390 3311 quem-

327 3319 606 3370 admodum
655 3320 711 3369 in
762 3320 995 3385 pluribus
1034 3322 1163 3371 aliis.
1247 3322 1388 3372 Hine

325 3396 547 3446 Carmen
582 3405 666 3449 est
702 3398 886 3448 stricta
922 3398 1107 3463 oratio,
1143 3413 1208 3448 ex
1235 3400 1390 3463 pluri-

325 3471 417 3522 bus
440 3473 677 3524 versibus
701 3473 1010 3539 composita,
1028 3489 1178 3540 quam
1203 3474 1389 3525 Poiitae

323 3559 510 3599 canere
534 3550 817 3600 dicuntur:
869 3550 1007 3600 sicut
1026 3550 1274 3615 Virgilius
1308 3551 1390 3600 ΙΕ-

319 3625 472 3676 neida
504 3625 762 3690 incipiens
783 3627 876 3690 ait,
897 3627 916 3655 ⁴
939 3625 1100 3676 Arma
1120 3628 1389 3693 virumque

321 3702 503 3752 cano?
535 3703 757 3754 Carmen
780 3703 917 3753 enim
950 3710 1167 3755 vocatur
1190 3704 1388 3769 longius

319 3777 581 3842 quoddam
623 3778 755 3847 vatis
800 3793 962 3842 opus:
1011 3787 1073 3830 nt
1116 3781 1388 3845 Epigram-

317 3866 435 3916 ma3
468 3854 546 3904 sie
569 3855 766 3905 Catulli
787 3855 1178 3922 Epigrammata
1209 3856 1387 3906 inscri-

318 3927 512 3981 buntur
536 3930 553 3958 ‘
572 3929 815 3981 Carmina
829 3931 863 3981 τ’
891 3939 953 3983 nt
972 3932 1090 3982 Ode
1110 3949 1125 3994 ς
1157 3932 1231 3983 sic
1250 3932 1385 3983 Odae

321 4003 535 4056 Horatii
588 4008 919 4072 appellantur
954 4009 1281 4059 ‘Car-minum
1322 4008 1384 4058 li-

320 4079 396 4130 bri
418 4081 452 4131 :⁹
501 4088 562 4132 ut
599 4083 863 4148 quodlibet
899 4082 1108 4148 ροὸωες
1139 4085 1214 4134 sic
1250 4084 1384 4134 liber

319 4156 515 4218 primns
563 4159 791 4209 Lucretii
844 4159 911 4209 ab
959 4160 1141 4210 eodem
1188 4158 1386 4211 dicitur

315 4229 330 4257 ‘
353 4231 611 4296 Carmeu,'
629 4233 664 4281 l.
681 4247 758 4283 vr.
789 4233 807 4260 ‘
822 4230 1232 4284 Commemorate'
1247 4234 1383 4299 quod

323 4308 373 4360 iu
396 4312 562 4377 primo
583 4327 786 4382 qnoque
810 4314 1039 4365 carmine
1057 4314 1255 4366 claret-⁹
1306 4315 1382 4365 At

1474 3014 1656 3065 unicus
1677 3026 1852 3063 versus
1870 3026 1972 3062 non
1987 3012 2118 3061 solet
2136 3008 2390 3075 appellari
2414 3009 2541 3059 Car-

1473 3104 1590 3140 men
1611 3108 1624 3140 :
1659 3090 1759 3139 nisi
1780 3088 1915 3139 forte
1930 3088 2034 3151 hic,
2047 3087 2311 3138 sententia
2325 3085 2544 3149 inclusa,

1474 3167 1705 3232 polimati
1744 3182 1847 3217 non
1887 3167 2056 3230 impar
2088 3163 2358 3215 videatur:
2406 3163 2541 3214 sicut

1477 3244 1726 3308 Virgilius
1775 3258 1863 3293 ιιι.
1912 3242 2030 3292 AEn.
2064 3257 2137 3292 vs.
2188 3245 2303 3291 28⁷.
2361 3233 2537 3291 canit':

1475 3320 1491 3349 ‘
1513 3320 1762 3369 Postibus
1784 3320 2015 3370 adversis
2047 3318 2166 3383 figo,
2197 3326 2253 3367 et
2284 3332 2391 3367 reru
2423 3331 2536 3367 car-

1468 3396 1609 3446 mine
1649 3397 1829 3460 signo:
1879 3396 2068 3445 AEneas
2100 3397 2214 3445 haec
2249 3394 2315 3444 de
2339 3394 2539 3443 Danais

1470 3473 1752 3523 victoribus
1778 3473 1956 3524 arma!

1535 3546 1560 3582 δ
1591 3550 1785 3613 Modos]
1819 3539 2046 3599 Versus:
2081 3550 2265 3599 modus
2288 3547 2424 3598 enim
2447 3562 2538 3612 ge·

1471 3628 1689 3677 neratim
1712 3635 1796 3678 est
1833 3627 2180 3684 mediocritas,
2219 3641 2372 3692 quam
2399 3628 2539 3676 ultra

1469 3704 1707 3769 citraque
1746 3718 1850 3753 uon
1885 3709 1965 3753 est
2004 3710 2248 3754 rectum:
2293 3703 2540 3769 quemad·

1465 3782 1674 3832 modum
1699 3782 1853 3831 docet
1890 3781 2158 3843 Horatius,
2183 3781 2274 3831 lib.
2298 3796 2338 3831 1.
2373 3780 2535 3830 Serm-

1465 3858 1578 3908 Sat.
1602 3862 1647 3907 1.
1714 3858 1731 3886 ‘
1759 3858 1856 3906 Est
1887 3857 2067 3906 modus
2099 3856 2153 3905 in
2187 3856 2375 3907 rebus:
2412 3864 2537 3906 sunt

1465 3933 1599 3984 certi
1620 3933 1846 3998 denique
1870 3932 2022 3995 fines,
2045 3933 2190 3985 Quos
2212 3933 2351 3982 ultra
2376 3932 2535 3981 citra·

1465 4024 1565 4075 que
1591 4010 1770 4075 nequit
1804 4009 2089 4059 consistere
2111 4006 2348 4059 rectum!
2393 4007 2536 4057 Hinc

1469 4087 1770 4137 moderatus
1804 4086 1940 4137 idem
1999 4085 2137 4151 quod
2181 4092 2535 4150 temperatus3

1468 4163 1753 4226 modestus,
1820 4163 1967 4228 quasi
2023 4161 2232 4211 modum
2285 4173 2532 4219 servans;

1468 4239 1809 4304 commodum,
1824 4238 1970 4304 quasi
1994 4253 2111 4289 cum
2131 4236 2300 4286 modo.
2363 4235 2420 4284 Si
2443 4249 2534 4284 au·

1466 4323 1573 4368 tem
1596 4316 1808 4382 alicubi,
1823 4314 2046 4366 maxime
2064 4314 2120 4365 in
2144 4327 2318 4377 sensu,
2334 4311 2534 4362 medio-
