<?xml version="1.0" encoding="UTF-8"?>
<!DOCTYPE html PUBLIC "-//W3C//DTD XHTML 1.0 Transitional//EN"
    "http://www.w3.org/TR/xhtml1/DTD/xhtml1-transitional.dtd">
<html xmlns="http://www.w3.org/1999/xhtml" xml:lang="en" lang="en">
 <head>
  <title>
</title>
<meta http-equiv="Content-Type" content="text/html;charset=utf-8" />
  <meta name='ocr-system' content='tesseract 3.04.00' />
  <meta name='ocr-capabilities' content='ocr_page ocr_carea ocr_par ocr_line ocrx_word'/>
</head>
<body>
  <div class='ocr_page' id='page_1' title='image "./deconsolationep00boetgoog_0368.png"; bbox 0 0 3049 4928; ppageno 0'>
   <div class='ocr_carea' id='block_1_1' title="bbox 1145 433 1957 490">
    <p class='ocr_par' dir='ltr' id='par_1_1' title="bbox 1145 433 1957 490">
     <span class='ocr_line' id='line_1_1' title="bbox 1145 433 1957 490; baseline 0.01 -8"><span class='ocrx_word' id='word_1_1' title='bbox 1145 433 1450 483; x_wconf 71' lang='lat' dir='ltr'><strong>non&#39;rml</strong></span> <span class='ocrx_word' id='word_1_2' title='bbox 1498 436 1597 485; x_wconf 82' lang='lat' dir='ltr'><strong>DE</strong></span> <span class='ocrx_word' id='word_1_3' title='bbox 1645 436 1957 490; x_wconf 67' lang='lat' dir='ltr'><strong>consol,-</strong></span> 
     </span>
    </p>
   </div>
   <div class='ocr_carea' id='block_1_2' title="bbox 929 577 2156 867">
    <p class='ocr_par' dir='ltr' id='par_1_2' title="bbox 929 577 2156 867">
     <span class='ocr_line' id='line_1_2' title="bbox 929 577 2156 665; baseline 0.003 -20"><span class='ocrx_word' id='word_1_4' title='bbox 929 577 1189 645; x_wconf 85' lang='lat' dir='ltr'><strong>Eadem</strong></span> <span class='ocrx_word' id='word_1_5' title='bbox 1218 580 1491 665; x_wconf 88' lang='lat' dir='ltr'><strong>rapiens</strong></span> <span class='ocrx_word' id='word_1_6' title='bbox 1522 581 1782 662; x_wconf 88' lang='lat' dir='ltr'><strong>condit,</strong></span> <span class='ocrx_word' id='word_1_7' title='bbox 1811 590 1881 648; x_wconf 87' lang='lat' dir='ltr'><strong>et</strong></span> <span class='ocrx_word' id='word_1_8' title='bbox 1914 584 2156 662; x_wconf 80' lang='lat' dir='ltr'><strong>aufert,</strong></span> 
     </span>
     <span class='ocr_line' id='line_1_3' title="bbox 931 683 2017 777; baseline 0.001 -29"><span class='ocrx_word' id='word_1_9' title='bbox 931 683 1146 749; x_wconf 89' lang='lat' dir='ltr'><strong>Obitu</strong></span> <span class='ocrx_word' id='word_1_10' title='bbox 1174 702 1477 766; x_wconf 86' lang='lat' dir='ltr'><strong>mergens</strong></span> <span class='ocrx_word' id='word_1_11' title='bbox 1500 691 1648 777; x_wconf 82' lang='lat' dir='ltr'><strong>orta</strong></span> <span class='ocrx_word' id='word_1_12' title='bbox 1678 705 2017 770; x_wconf 84' lang='lat' dir='ltr'><strong>supremo.</strong></span> 
     </span>
     <span class='ocr_line' id='line_1_4' title="bbox 930 786 2060 867; baseline 0.003 -16"><span class='ocrx_word' id='word_1_13' title='bbox 930 786 1139 852; x_wconf 80' lang='lat' dir='ltr'><strong>Sedet</strong></span> <span class='ocrx_word' id='word_1_14' title='bbox 1170 787 1424 852; x_wconf 89' lang='lat' dir='ltr'><strong>interea</strong></span> <span class='ocrx_word' id='word_1_15' title='bbox 1444 796 1472 823; x_wconf 71' lang='lat'>&#39;</span> <span class='ocrx_word' id='word_1_16' title='bbox 1514 787 1827 853; x_wconf 86' lang='lat' dir='ltr'><strong>conditor</strong></span> <span class='ocrx_word' id='word_1_17' title='bbox 1858 788 2060 867; x_wconf 75' lang='lat' dir='ltr'><strong>altuS,</strong></span> 
     </span>
    </p>
   </div>
   <div class='ocr_carea' id='block_1_3' title="bbox 932 888 2174 974">
    <p class='ocr_par' dir='ltr' id='par_1_3' title="bbox 932 888 2174 974">
     <span class='ocr_line' id='line_1_5' title="bbox 932 888 2174 974; baseline 0 -19"><span class='ocrx_word' id='word_1_18' title='bbox 932 888 1324 974; x_wconf 87' lang='lat' dir='ltr'><strong>Rerumque</strong></span> <span class='ocrx_word' id='word_1_19' title='bbox 1350 909 1584 973; x_wconf 87' lang='lat' dir='ltr'><strong>regens</strong></span> <span class='ocrx_word' id='word_1_20' title='bbox 1611 891 1823 955; x_wconf 88' lang='lat' dir='ltr'><strong>flectit</strong></span> <span class='ocrx_word' id='word_1_21' title='bbox 1848 890 2174 970; x_wconf 77' lang='lat' dir='ltr'><strong>habenaS,</strong></span> 
     </span>
    </p>
   </div>
   <div class='ocr_carea' id='block_1_4' title="bbox 932 990 2113 1383">
    <p class='ocr_par' dir='ltr' id='par_1_4' title="bbox 932 990 2113 1383">
     <span class='ocr_line' id='line_1_6' title="bbox 935 990 2082 1080; baseline 0.001 -23"><span class='ocrx_word' id='word_1_22' title='bbox 935 990 1098 1057; x_wconf 85' lang='lat' dir='ltr'><strong>Rex</strong></span> <span class='ocrx_word' id='word_1_23' title='bbox 1128 997 1196 1057; x_wconf 86' lang='lat' dir='ltr'><strong>et</strong></span> <span class='ocrx_word' id='word_1_24' title='bbox 1224 992 1562 1080; x_wconf 80' lang='lat' dir='ltr'><strong>dominuS,</strong></span> <span class='ocrx_word' id='word_1_25' title='bbox 1591 991 1753 1057; x_wconf 83' lang='lat' dir='ltr'><strong>sons</strong></span> <span class='ocrx_word' id='word_1_26' title='bbox 1775 997 1840 1057; x_wconf 90' lang='lat' dir='ltr'><strong>et</strong></span> <span class='ocrx_word' id='word_1_27' title='bbox 1873 993 2082 1076; x_wconf 86' lang='lat' dir='ltr'><strong>orig0,</strong></span> 
     </span>
     <span class='ocr_line' id='line_1_7' title="bbox 933 1093 2016 1178; baseline -0.001 -19"><span class='ocrx_word' id='word_1_28' title='bbox 933 1093 1086 1159; x_wconf 87' lang='lat' dir='ltr'><strong>Lex</strong></span> <span class='ocrx_word' id='word_1_29' title='bbox 1115 1100 1183 1159; x_wconf 90' lang='lat' dir='ltr'><strong>et</strong></span> <span class='ocrx_word' id='word_1_30' title='bbox 1212 1095 1477 1178; x_wconf 86' lang='lat' dir='ltr'><strong>sapiens</strong></span> <span class='ocrx_word' id='word_1_31' title='bbox 1518 1095 1766 1158; x_wconf 80' lang='lat' dir='ltr'><strong>arbiter</strong></span> <span class='ocrx_word' id='word_1_32' title='bbox 1794 1093 2016 1177; x_wconf 78' lang='lat' dir='ltr'><strong>aequi3</strong></span> 
     </span>
     <span class='ocr_line' id='line_1_8' title="bbox 932 1196 1916 1281; baseline 0 -20"><span class='ocrx_word' id='word_1_33' title='bbox 932 1196 1023 1263; x_wconf 92' lang='lat' dir='ltr'><strong>Et</strong></span> <span class='ocrx_word' id='word_1_34' title='bbox 1053 1217 1208 1281; x_wconf 86' lang='lat' dir='ltr'><strong>quae</strong></span> <span class='ocrx_word' id='word_1_35' title='bbox 1240 1205 1433 1262; x_wconf 91' lang='lat' dir='ltr'><strong>motu</strong></span> <span class='ocrx_word' id='word_1_36' title='bbox 1466 1199 1767 1263; x_wconf 86' lang='lat' dir='ltr'><strong>concitat</strong></span> <span class='ocrx_word' id='word_1_37' title='bbox 1795 1198 1916 1276; x_wconf 89' lang='lat' dir='ltr'><strong>ire,</strong></span> 
     </span>
     <span class='ocr_line' id='line_1_9' title="bbox 932 1288 2113 1383; baseline 0.002 -20"><span class='ocrx_word' id='word_1_38' title='bbox 932 1299 1134 1364; x_wconf 87' lang='lat' dir='ltr'><strong>Sistit</strong></span> <span class='ocrx_word' id='word_1_39' title='bbox 1161 1301 1528 1379; x_wconf 86' lang='lat' dir='ltr'><strong>retrahens,</strong></span> <span class='ocrx_word' id='word_1_40' title='bbox 1556 1319 1636 1365; x_wconf 84' lang='lat' dir='ltr'><strong>ac</strong></span> <span class='ocrx_word' id='word_1_41' title='bbox 1667 1288 1842 1383; x_wconf 83' lang='lat' dir='ltr'><strong>vaga</strong></span> <span class='ocrx_word' id='word_1_42' title='bbox 1869 1299 2113 1365; x_wconf 88' lang='lat' dir='ltr'><strong>firmat.</strong></span> 
     </span>
    </p>
   </div>
   <div class='ocr_carea' id='block_1_5' title="bbox 933 1400 2087 1483">
    <p class='ocr_par' dir='ltr' id='par_1_5' title="bbox 933 1400 2087 1483">
     <span class='ocr_line' id='line_1_10' title="bbox 933 1400 2087 1483; baseline 0.001 -16"><span class='ocrx_word' id='word_1_43' title='bbox 933 1400 1120 1468; x_wconf 83' lang='lat' dir='ltr'><strong>Nam</strong></span> <span class='ocrx_word' id='word_1_44' title='bbox 1145 1403 1277 1468; x_wconf 89' lang='lat' dir='ltr'><strong>nisi</strong></span> <span class='ocrx_word' id='word_1_45' title='bbox 1306 1409 1530 1468; x_wconf 87' lang='lat' dir='ltr'><strong>rectos</strong></span> <span class='ocrx_word' id='word_1_46' title='bbox 1559 1424 1894 1469; x_wconf 85' lang='lat' dir='ltr'><strong>revocans</strong></span> <span class='ocrx_word' id='word_1_47' title='bbox 1924 1404 2087 1483; x_wconf 76' lang='lat' dir='ltr'><strong>ituS,</strong></span> 
     </span>
    </p>
   </div>
   <div class='ocr_carea' id='block_1_6' title="bbox 2623 1404 2704 1472">
    <p class='ocr_par' dir='ltr' id='par_1_6' title="bbox 2623 1404 2704 1472">
     <span class='ocr_line' id='line_1_11' title="bbox 2623 1404 2704 1472; baseline 0 0"><span class='ocrx_word' id='word_1_48' title='bbox 2623 1404 2704 1472; x_wconf 75' lang='lat'><strong>40</strong></span> 
     </span>
    </p>
   </div>
   <div class='ocr_carea' id='block_1_7' title="bbox 934 1506 2192 1895">
    <p class='ocr_par' dir='ltr' id='par_1_7' title="bbox 934 1506 2182 1797">
     <span class='ocr_line' id='line_1_12' title="bbox 937 1506 2046 1591; baseline 0 -19"><span class='ocrx_word' id='word_1_49' title='bbox 937 1506 1193 1573; x_wconf 84' lang='lat' dir='ltr'><strong>Flexos</strong></span> <span class='ocrx_word' id='word_1_50' title='bbox 1223 1508 1459 1573; x_wconf 87' lang='lat' dir='ltr'><strong>iterum</strong></span> <span class='ocrx_word' id='word_1_51' title='bbox 1490 1514 1695 1591; x_wconf 83' lang='lat' dir='ltr'><strong>cogat</strong></span> <span class='ocrx_word' id='word_1_52' title='bbox 1724 1509 1793 1572; x_wconf 90' lang='lat' dir='ltr'><strong>in</strong></span> <span class='ocrx_word' id='word_1_53' title='bbox 1824 1509 2046 1587; x_wconf 61' lang='lat' dir='ltr'><strong>orbes»,</strong></span> 
     </span>
     <span class='ocr_line' id='line_1_13' title="bbox 941 1607 2182 1689; baseline 0.002 -15"><span class='ocrx_word' id='word_1_54' title='bbox 941 1607 1119 1689; x_wconf 84' lang='lat' dir='ltr'><strong>Quae</strong></span> <span class='ocrx_word' id='word_1_55' title='bbox 1149 1630 1327 1676; x_wconf 91' lang='lat' dir='ltr'><strong>nunc</strong></span> <span class='ocrx_word' id='word_1_56' title='bbox 1358 1613 1629 1677; x_wconf 88' lang='lat' dir='ltr'><strong>stabilis</strong></span> <span class='ocrx_word' id='word_1_57' title='bbox 1660 1612 1962 1677; x_wconf 87' lang='lat' dir='ltr'><strong>continet</strong></span> <span class='ocrx_word' id='word_1_58' title='bbox 1993 1612 2182 1689; x_wconf 88' lang='lat' dir='ltr'><strong>ordo,</strong></span> 
     </span>
     <span class='ocr_line' id='line_1_14' title="bbox 934 1712 1995 1797; baseline 0.001 -20"><span class='ocrx_word' id='word_1_59' title='bbox 934 1712 1266 1797; x_wconf 86' lang='lat' dir='ltr'><strong>Dissepta</strong></span> <span class='ocrx_word' id='word_1_60' title='bbox 1296 1733 1419 1778; x_wconf 88' lang='lat' dir='ltr'><strong>suo</strong></span> <span class='ocrx_word' id='word_1_61' title='bbox 1449 1714 1631 1778; x_wconf 88' lang='lat' dir='ltr'><strong>sonte</strong></span> <span class='ocrx_word' id='word_1_62' title='bbox 1654 1712 1995 1778; x_wconf 85' lang='lat' dir='ltr'><strong>fatiscant.</strong></span> 
     </span>
    </p>

    <p class='ocr_par' dir='ltr' id='par_1_8' title="bbox 937 1815 2192 1895">
     <span class='ocr_line' id='line_1_15' title="bbox 937 1815 2192 1895; baseline 0.002 -17"><span class='ocrx_word' id='word_1_63' title='bbox 937 1815 1081 1880; x_wconf 91' lang='lat' dir='ltr'><strong>Hic</strong></span> <span class='ocrx_word' id='word_1_64' title='bbox 1112 1822 1220 1880; x_wconf 85' lang='lat' dir='ltr'><strong>est</strong></span> <span class='ocrx_word' id='word_1_65' title='bbox 1249 1816 1509 1883; x_wconf 86' lang='lat' dir='ltr'><strong>cunctis</strong></span> <span class='ocrx_word' id='word_1_66' title='bbox 1536 1816 1914 1882; x_wconf 85' lang='lat' dir='ltr'><strong>communis</strong></span> <span class='ocrx_word' id='word_1_67' title='bbox 1947 1823 2192 1895; x_wconf 82' lang='lat' dir='ltr'><strong>amor,&#39;</strong></span> 
     </span>
    </p>
   </div>
   <div class='ocr_carea' id='block_1_8' title="bbox 936 1917 2034 2004">
    <p class='ocr_par' dir='ltr' id='par_1_9' title="bbox 936 1917 2034 2004">
     <span class='ocr_line' id='line_1_16' title="bbox 936 1917 2034 2004; baseline 0.003 -22"><span class='ocrx_word' id='word_1_68' title='bbox 936 1917 1414 2004; x_wconf 85' lang='lat' dir='ltr'><strong>Repetuntque</strong></span> <span class='ocrx_word' id='word_1_69' title='bbox 1443 1920 1604 1986; x_wconf 89' lang='lat' dir='ltr'><strong>boni</strong></span> <span class='ocrx_word' id='word_1_70' title='bbox 1632 1920 1762 1985; x_wconf 84' lang='lat' dir='ltr'><strong>fine</strong></span> <span class='ocrx_word' id='word_1_71' title='bbox 1788 1921 2034 1986; x_wconf 85' lang='lat' dir='ltr'><strong>teneri:</strong></span> 
     </span>
    </p>
   </div>
   <div class='ocr_carea' id='block_1_9' title="bbox 2630 1924 2717 1988">
    <p class='ocr_par' dir='ltr' id='par_1_10' title="bbox 2630 1924 2717 1988">
     <span class='ocr_line' id='line_1_17' title="bbox 2630 1924 2717 1988; baseline 0 0"><span class='ocrx_word' id='word_1_72' title='bbox 2630 1924 2717 1988; x_wconf 87' lang='grc'><strong>45</strong></span> 
     </span>
    </p>
   </div>
   <div class='ocr_carea' id='block_1_10' title="bbox 503 2119 2717 2317">
    <p class='ocr_par' dir='ltr' id='par_1_11' title="bbox 503 2119 2717 2317">
     <span class='ocr_line' id='line_1_18' title="bbox 503 2119 2717 2186; baseline 0.002 -19"><span class='ocrx_word' id='word_1_73' title='bbox 503 2119 753 2182; x_wconf 74' lang='lat' dir='ltr'><strong>temperies</strong></span> <span class='ocrx_word' id='word_1_74' title='bbox 772 2119 899 2168; x_wconf 73' lang='lat' dir='ltr'><strong>teuit</strong></span> <span class='ocrx_word' id='word_1_75' title='bbox 924 2124 972 2169; x_wconf 82' lang='lat' dir='ltr'><strong>et</strong></span> <span class='ocrx_word' id='word_1_76' title='bbox 1004 2122 1207 2172; x_wconf 74' lang='lat' dir='ltr'><strong>occultat</strong></span> <span class='ocrx_word' id='word_1_77' title='bbox 1229 2121 1353 2172; x_wconf 81' lang='lat' dir='ltr'><strong>idem</strong></span> <span class='ocrx_word' id='word_1_78' title='bbox 1372 2137 1543 2186; x_wconf 72' lang='lat' dir='ltr'><strong>corpus</strong></span> <span class='ocrx_word' id='word_1_79' title='bbox 1562 2122 1743 2183; x_wconf 69' lang='lat' dir='ltr'><strong>vicens,</strong></span> <span class='ocrx_word' id='word_1_80' title='bbox 1762 2122 1883 2173; x_wconf 71' lang='lat' dir='ltr'><strong>iuna</strong></span> <span class='ocrx_word' id='word_1_81' title='bbox 1902 2123 2064 2172; x_wconf 72' lang='lat' dir='ltr'><strong>delens</strong></span> <span class='ocrx_word' id='word_1_82' title='bbox 2083 2125 2233 2171; x_wconf 74' lang='lat' dir='ltr'><strong>morte</strong></span> <span class='ocrx_word' id='word_1_83' title='bbox 2251 2120 2443 2171; x_wconf 76' lang='lat' dir='ltr'><strong>ultima.</strong></span> <span class='ocrx_word' id='word_1_84' title='bbox 2512 2120 2717 2171; x_wconf 71' lang='lat' dir='ltr'><strong>Interim</strong></span> 
     </span>
     <span class='ocr_line' id='line_1_19' title="bbox 505 2184 2712 2251; baseline 0.002 -20"><span class='ocrx_word' id='word_1_85' title='bbox 505 2184 665 2245; x_wconf 71' lang='lat' dir='ltr'><strong>Deus,</strong></span> <span class='ocrx_word' id='word_1_86' title='bbox 683 2199 891 2234; x_wconf 67' lang='lat' dir='ltr'><strong>unimus</strong></span> <span class='ocrx_word' id='word_1_87' title='bbox 910 2187 1115 2235; x_wconf 74' lang='lat' dir='ltr'><strong>omnium</strong></span> <span class='ocrx_word' id='word_1_88' title='bbox 1134 2193 1336 2249; x_wconf 78' lang='lat' dir='ltr'><strong>creator,</strong></span> <span class='ocrx_word' id='word_1_89' title='bbox 1355 2191 1506 2249; x_wconf 78' lang='lat' dir='ltr'><strong>sedet,</strong></span> <span class='ocrx_word' id='word_1_90' title='bbox 1527 2192 1575 2237; x_wconf 80' lang='lat' dir='ltr'><strong>et</strong></span> <span class='ocrx_word' id='word_1_91' title='bbox 1593 2188 1843 2251; x_wconf 72' lang='lat' dir='ltr'><strong>disponens</strong></span> <span class='ocrx_word' id='word_1_92' title='bbox 1871 2190 2138 2238; x_wconf 73' lang='lat' dir='ltr'><strong>moderatur</strong></span> <span class='ocrx_word' id='word_1_93' title='bbox 2167 2186 2507 2247; x_wconf 73' lang='lat' dir='ltr'><strong>velutisraenis</strong></span> <span class='ocrx_word' id='word_1_94' title='bbox 2526 2203 2602 2236; x_wconf 80' lang='lat' dir='ltr'><strong>res</strong></span> <span class='ocrx_word' id='word_1_95' title='bbox 2619 2202 2712 2235; x_wconf 84' lang='lat' dir='ltr'><strong>om-</strong></span> 
     </span>
     <span class='ocr_line' id='line_1_20' title="bbox 503 2249 2712 2317; baseline 0.003 -23"><span class='ocrx_word' id='word_1_96' title='bbox 503 2262 605 2309; x_wconf 77' lang='lat' dir='ltr'><strong>nes,</strong></span> <span class='ocrx_word' id='word_1_97' title='bbox 626 2249 727 2313; x_wconf 78' lang='lat' dir='ltr'><strong>ipse</strong></span> <span class='ocrx_word' id='word_1_98' title='bbox 751 2250 985 2314; x_wconf 77' lang='lat' dir='ltr'><strong>princeps,</strong></span> <span class='ocrx_word' id='word_1_99' title='bbox 1004 2252 1237 2314; x_wconf 79' lang='lat' dir='ltr'><strong>dominus,</strong></span> <span class='ocrx_word' id='word_1_100' title='bbox 1259 2253 1569 2317; x_wconf 77' lang='lat' dir='ltr'><strong>principium,</strong></span> <span class='ocrx_word' id='word_1_101' title='bbox 1590 2253 1743 2316; x_wconf 79' lang='lat' dir='ltr'><strong>origo,</strong></span> <span class='ocrx_word' id='word_1_102' title='bbox 1765 2254 1862 2315; x_wconf 76' lang='lat' dir='ltr'><strong>lex,</strong></span> <span class='ocrx_word' id='word_1_103' title='bbox 1893 2258 1942 2303; x_wconf 78' lang='lat' dir='ltr'><strong>et</strong></span> <span class='ocrx_word' id='word_1_104' title='bbox 1960 2256 2169 2316; x_wconf 72' lang='lat' dir='ltr'><strong>prudens</strong></span> <span class='ocrx_word' id='word_1_105' title='bbox 2188 2254 2455 2301; x_wconf 79' lang='lat' dir='ltr'><strong>moderator</strong></span> <span class='ocrx_word' id='word_1_106' title='bbox 2474 2252 2598 2315; x_wconf 72' lang='grc' dir='ltr'><strong>σκιαὶ</strong></span> <span class='ocrx_word' id='word_1_107' title='bbox 2607 2269 2627 2310; x_wconf 89' lang='lat'><em>;</em></span> <span class='ocrx_word' id='word_1_108' title='bbox 2659 2267 2712 2300; x_wconf 80' lang='lat' dir='ltr'><strong>ac</strong></span> 
     </span>
    </p>
   </div>
   <div class='ocr_carea' id='block_1_11' title="bbox 503 2317 2372 2383">
    <p class='ocr_par' dir='ltr' id='par_1_12' title="bbox 503 2317 2372 2383">
     <span class='ocr_line' id='line_1_21' title="bbox 503 2317 2372 2383; baseline 0.004 -23"><span class='ocrx_word' id='word_1_109' title='bbox 503 2325 796 2378; x_wconf 72' lang='lat' dir='ltr'><strong>quacumque</strong></span> <span class='ocrx_word' id='word_1_110' title='bbox 819 2317 902 2366; x_wconf 80' lang='lat' dir='ltr'><strong>dat</strong></span> <span class='ocrx_word' id='word_1_111' title='bbox 922 2322 1056 2367; x_wconf 78' lang='lat' dir='ltr'><strong>motu</strong></span> <span class='ocrx_word' id='word_1_112' title='bbox 1076 2318 1211 2381; x_wconf 78' lang='lat' dir='ltr'><strong>cieri,</strong></span> <span class='ocrx_word' id='word_1_113' title='bbox 1233 2320 1335 2369; x_wconf 76' lang='lat' dir='ltr'><strong>hec</strong></span> <span class='ocrx_word' id='word_1_114' title='bbox 1354 2320 1598 2368; x_wconf 72' lang='lat' dir='ltr'><strong>continens</strong></span> <span class='ocrx_word' id='word_1_115' title='bbox 1617 2323 1831 2368; x_wconf 76' lang='lat' dir='ltr'><strong>moratur</strong></span> <span class='ocrx_word' id='word_1_116' title='bbox 1846 2318 2106 2383; x_wconf 77' lang='lat' dir='ltr'><strong>firmatque</strong></span> <span class='ocrx_word' id='word_1_117' title='bbox 2127 2322 2372 2369; x_wconf 77' lang='lat' dir='ltr'><strong>commota.</strong></span> 
     </span>
    </p>
   </div>
   <div class='ocr_carea' id='block_1_12' title="bbox 2442 2317 2711 2366">
    <p class='ocr_par' dir='ltr' id='par_1_13' title="bbox 2442 2317 2711 2366">
     <span class='ocr_line' id='line_1_22' title="bbox 2442 2317 2711 2366; baseline -0.004 0"><span class='ocrx_word' id='word_1_118' title='bbox 2442 2317 2559 2366; x_wconf 73' lang='lat' dir='ltr'><strong>Nisi</strong></span> <span class='ocrx_word' id='word_1_119' title='bbox 2589 2317 2711 2366; x_wconf 78' lang='lat' dir='ltr'><strong>enim</strong></span> 
     </span>
    </p>
   </div>
   <div class='ocr_carea' id='block_1_13' title="bbox 502 2376 2713 2517">
    <p class='ocr_par' dir='ltr' id='par_1_14' title="bbox 502 2376 2713 2517">
     <span class='ocr_line' id='line_1_23' title="bbox 505 2376 2713 2449; baseline 0.002 -23"><span class='ocrx_word' id='word_1_120' title='bbox 505 2376 641 2427; x_wconf 78' lang='lat' dir='ltr'><strong>Deus</strong></span> <span class='ocrx_word' id='word_1_121' title='bbox 652 2381 902 2443; x_wconf 77' lang='lat' dir='ltr'><strong>prohibens</strong></span> <span class='ocrx_word' id='word_1_122' title='bbox 920 2383 1091 2433; x_wconf 79' lang='lat' dir='ltr'><strong>itiones</strong></span> <span class='ocrx_word' id='word_1_123' title='bbox 1111 2389 1285 2448; x_wconf 72' lang='lat' dir='ltr'><strong>rectos,</strong></span> <span class='ocrx_word' id='word_1_124' title='bbox 1306 2399 1473 2434; x_wconf 75' lang='lat' dir='ltr'><strong>rursus</strong></span> <span class='ocrx_word' id='word_1_125' title='bbox 1489 2390 1783 2449; x_wconf 78' lang='lat' dir='ltr'><strong>promoveret</strong></span> <span class='ocrx_word' id='word_1_126' title='bbox 1804 2384 2125 2440; x_wconf 75' lang='lat' dir='ltr'><strong>circuitiones.</strong></span> <span class='ocrx_word' id='word_1_127' title='bbox 2148 2399 2221 2447; x_wconf 80' lang='lat' dir='ltr'><strong>ea,</strong></span> <span class='ocrx_word' id='word_1_128' title='bbox 2239 2384 2461 2447; x_wconf 77' lang='lat' dir='ltr'><strong>quaejam</strong></span> <span class='ocrx_word' id='word_1_129' title='bbox 2482 2383 2713 2433; x_wconf 70' lang='lat' dir='ltr'><strong>coherent</strong></span> 
     </span>
     <span class='ocr_line' id='line_1_24' title="bbox 502 2443 2712 2517; baseline 0.001 -21"><span class='ocrx_word' id='word_1_130' title='bbox 502 2443 808 2514; x_wconf 65' lang='lat' dir='ltr'><strong>Seriefirmo,</strong></span> <span class='ocrx_word' id='word_1_131' title='bbox 844 2463 876 2498; x_wconf 79' lang='lat' dir='ltr'><strong>a</strong></span> <span class='ocrx_word' id='word_1_132' title='bbox 894 2462 975 2499; x_wconf 74' lang='lat' dir='ltr'><strong>suo</strong></span> <span class='ocrx_word' id='word_1_133' title='bbox 1002 2449 1237 2515; x_wconf 74' lang='lat' dir='ltr'><strong>principio</strong></span> <span class='ocrx_word' id='word_1_134' title='bbox 1272 2452 1437 2502; x_wconf 73' lang='lat' dir='ltr'><strong>auulsa</strong></span> <span class='ocrx_word' id='word_1_135' title='bbox 1452 2450 1680 2516; x_wconf 72' lang='lat' dir='ltr'><strong>perirent.</strong></span> <span class='ocrx_word' id='word_1_136' title='bbox 1755 2449 1860 2501; x_wconf 81' lang='lat' dir='ltr'><strong>Hoc</strong></span> <span class='ocrx_word' id='word_1_137' title='bbox 1888 2455 1979 2517; x_wconf 74' lang='lat' dir='ltr'><strong>est,</strong></span> <span class='ocrx_word' id='word_1_138' title='bbox 1997 2449 2209 2501; x_wconf 77' lang='lat' dir='ltr'><strong>studium</strong></span> <span class='ocrx_word' id='word_1_139' title='bbox 2230 2462 2469 2501; x_wconf 76' lang='lat' dir='ltr'><strong>commune</strong></span> <span class='ocrx_word' id='word_1_140' title='bbox 2490 2448 2712 2510; x_wconf 75' lang='lat' dir='ltr'><strong>omnibus,</strong></span> 
     </span>
    </p>
   </div>
   <div class='ocr_carea' id='block_1_14' title="bbox 1502 2596 1720 2650">
    <p class='ocr_par' dir='ltr' id='par_1_15' title="bbox 1502 2596 1720 2650">
     <span class='ocr_line' id='line_1_25' title="bbox 1502 2596 1720 2650; baseline -0.005 -1"><span class='ocrx_word' id='word_1_141' title='bbox 1502 2596 1720 2650; x_wconf 81' lang='lat' dir='ltr'><strong>No&#39;rAE</strong></span> 
     </span>
    </p>
   </div>
   <div class='ocr_carea' id='block_1_15' title="bbox 500 2707 1573 4390">
    <p class='ocr_par' dir='ltr' id='par_1_16' title="bbox 500 2707 1573 4390">
     <span class='ocr_line' id='line_1_26' title="bbox 568 2707 1571 2779; baseline 0.009 -23"><span class='ocrx_word' id='word_1_142' title='bbox 568 2714 592 2739; x_wconf 79' lang='lat' dir='ltr'>v</span> <span class='ocrx_word' id='word_1_143' title='bbox 625 2707 768 2759; x_wconf 80' lang='lat' dir='ltr'><strong>Sedet</strong></span> <span class='ocrx_word' id='word_1_144' title='bbox 787 2709 988 2775; x_wconf 76' lang='lat' dir='ltr'><strong>interea,</strong></span> <span class='ocrx_word' id='word_1_145' title='bbox 1005 2713 1114 2777; x_wconf 54' lang='lat' dir='ltr'><strong>qm]</strong></span> <span class='ocrx_word' id='word_1_146' title='bbox 1149 2728 1202 2764; x_wconf 80' lang='lat' dir='ltr'><strong>v.</strong></span> <span class='ocrx_word' id='word_1_147' title='bbox 1233 2714 1571 2779; x_wconf 79' lang='lat' dir='ltr'><strong>Philosophia</strong></span> 
     </span>
     <span class='ocr_line' id='line_1_27' title="bbox 504 2783 1567 2853; baseline 0.008 -20"><span class='ocrx_word' id='word_1_148' title='bbox 504 2783 681 2849; x_wconf 89' lang='lat' dir='ltr'><strong>docet,</strong></span> <span class='ocrx_word' id='word_1_149' title='bbox 715 2786 829 2836; x_wconf 88' lang='lat' dir='ltr'><strong>illas</strong></span> <span class='ocrx_word' id='word_1_150' title='bbox 866 2803 1143 2853; x_wconf 86' lang='lat' dir='ltr'><strong>corporum</strong></span> <span class='ocrx_word' id='word_1_151' title='bbox 1186 2791 1567 2842; x_wconf 79' lang='lat' dir='ltr'><strong>vicissitudines</strong></span> 
     </span>
     <span class='ocr_line' id='line_1_28' title="bbox 505 2860 1567 2928; baseline 0.01 -20"><span class='ocrx_word' id='word_1_152' title='bbox 505 2860 626 2909; x_wconf 86' lang='lat' dir='ltr'><strong>oriri</strong></span> <span class='ocrx_word' id='word_1_153' title='bbox 650 2876 681 2910; x_wconf 83' lang='lat' dir='ltr'><strong>a</strong></span> <span class='ocrx_word' id='word_1_154' title='bbox 718 2863 834 2912; x_wconf 90' lang='lat' dir='ltr'><strong>Deo</strong></span> <span class='ocrx_word' id='word_1_155' title='bbox 858 2866 1183 2928; x_wconf 82' lang='lat' dir='ltr'><strong>providente.</strong></span> <span class='ocrx_word' id='word_1_156' title='bbox 1251 2868 1391 2918; x_wconf 90' lang='lat' dir='ltr'><strong>Hinc</strong></span> <span class='ocrx_word' id='word_1_157' title='bbox 1424 2868 1567 2919; x_wconf 83' lang='lat' dir='ltr'><strong>Deus</strong></span> 
     </span>
     <span class='ocr_line' id='line_1_29' title="bbox 503 2935 1568 3008; baseline 0.011 -24"><span class='ocrx_word' id='word_1_158' title='bbox 503 2935 571 2985; x_wconf 87' lang='lat' dir='ltr'><strong>ab</strong></span> <span class='ocrx_word' id='word_1_159' title='bbox 590 2939 770 2988; x_wconf 85' lang='lat' dir='ltr'><strong>eadem</strong></span> <span class='ocrx_word' id='word_1_160' title='bbox 804 2940 1135 3008; x_wconf 81' lang='lat' dir='ltr'><strong>Philosophia</strong></span> <span class='ocrx_word' id='word_1_161' title='bbox 1163 2952 1378 2995; x_wconf 84' lang='lat' dir='ltr'><strong>vocatur</strong></span> <span class='ocrx_word' id='word_1_162' title='bbox 1408 2946 1426 2973; x_wconf 89' lang='lat'>‘</span> <span class='ocrx_word' id='word_1_163' title='bbox 1444 2960 1568 2995; x_wconf 90' lang='lat' dir='ltr'><strong>con-</strong></span> 
     </span>
     <span class='ocr_line' id='line_1_30' title="bbox 503 3011 1567 3084; baseline 0.008 -24"><span class='ocrx_word' id='word_1_164' title='bbox 503 3011 680 3073; x_wconf 86' lang='lat' dir='ltr'><strong>ditor,’</strong></span> <span class='ocrx_word' id='word_1_165' title='bbox 716 3014 733 3042; x_wconf 99' lang='grc'><strong>4</strong></span> <span class='ocrx_word' id='word_1_166' title='bbox 761 3016 1097 3082; x_wconf 88' lang='lat' dir='ltr'><strong>moderator,&#39;</strong></span> <span class='ocrx_word' id='word_1_167' title='bbox 1119 3019 1136 3048; x_wconf 91' lang='lat'>‘</span> <span class='ocrx_word' id='word_1_168' title='bbox 1171 3018 1329 3084; x_wconf 83' lang='lat' dir='ltr'><strong>Rex,&#39;</strong></span> <span class='ocrx_word' id='word_1_169' title='bbox 1370 3025 1385 3049; x_wconf 86' lang='grc'><strong>4</strong></span> <span class='ocrx_word' id='word_1_170' title='bbox 1405 3021 1567 3070; x_wconf 89' lang='lat' dir='ltr'><strong>domi-</strong></span> 
     </span>
     <span class='ocr_line' id='line_1_31' title="bbox 502 3088 1569 3162; baseline 0.01 -26"><span class='ocrx_word' id='word_1_171' title='bbox 502 3088 636 3151; x_wconf 84' lang='lat' dir='ltr'><strong>nus,&#39;</strong></span> <span class='ocrx_word' id='word_1_172' title='bbox 666 3089 683 3117; x_wconf 99' lang='grc'><strong>4</strong></span> <span class='ocrx_word' id='word_1_173' title='bbox 699 3089 856 3155; x_wconf 84' lang='lat' dir='ltr'><strong>fons,&#39;</strong></span> <span class='ocrx_word' id='word_1_174' title='bbox 876 3095 892 3123; x_wconf 89' lang='lat'>‘</span> <span class='ocrx_word' id='word_1_175' title='bbox 909 3095 1091 3159; x_wconf 63' lang='lat' dir='ltr'><strong>origo:</strong></span> <span class='ocrx_word' id='word_1_176' title='bbox 1113 3097 1130 3125; x_wconf 99' lang='grc'><strong>4</strong></span> <span class='ocrx_word' id='word_1_177' title='bbox 1149 3096 1276 3160; x_wconf 85' lang='lat' dir='ltr'><strong>lex,’</strong></span> <span class='ocrx_word' id='word_1_178' title='bbox 1306 3105 1362 3149; x_wconf 88' lang='lat' dir='ltr'><strong>et</strong></span> <span class='ocrx_word' id='word_1_179' title='bbox 1396 3099 1412 3127; x_wconf 90' lang='lat'>‘</span> <span class='ocrx_word' id='word_1_180' title='bbox 1432 3099 1569 3162; x_wconf 85' lang='lat' dir='ltr'><strong>sapi·</strong></span> 
     </span>
     <span class='ocr_line' id='line_1_32' title="bbox 503 3166 1567 3225; baseline 0.009 -11"><span class='ocrx_word' id='word_1_181' title='bbox 503 3178 595 3215; x_wconf 87' lang='lat' dir='ltr'><strong>ens</strong></span> <span class='ocrx_word' id='word_1_182' title='bbox 628 3166 827 3218; x_wconf 86' lang='lat' dir='ltr'><strong>arbiter</strong></span> <span class='ocrx_word' id='word_1_183' title='bbox 846 3169 881 3218; x_wconf 85' lang='lat'><strong>:&#39;</strong></span> <span class='ocrx_word' id='word_1_184' title='bbox 904 3179 963 3220; x_wconf 90' lang='lat' dir='ltr'><strong>ut</strong></span> <span class='ocrx_word' id='word_1_185' title='bbox 991 3173 1197 3224; x_wconf 88' lang='lat' dir='ltr'><strong>scilicet</strong></span> <span class='ocrx_word' id='word_1_186' title='bbox 1233 3174 1313 3224; x_wconf 90' lang='lat' dir='ltr'><strong>his</strong></span> <span class='ocrx_word' id='word_1_187' title='bbox 1350 3176 1567 3225; x_wconf 89' lang='lat' dir='ltr'><strong>nomini-</strong></span> 
     </span>
     <span class='ocr_line' id='line_1_33' title="bbox 500 3241 1570 3310; baseline 0.012 -20"><span class='ocrx_word' id='word_1_188' title='bbox 500 3241 599 3292; x_wconf 84' lang='lat' dir='ltr'><strong>bus</strong></span> <span class='ocrx_word' id='word_1_189' title='bbox 622 3257 735 3293; x_wconf 87' lang='lat' dir='ltr'><strong>eam</strong></span> <span class='ocrx_word' id='word_1_190' title='bbox 768 3261 919 3310; x_wconf 83' lang='lat' dir='ltr'><strong>quam</strong></span> <span class='ocrx_word' id='word_1_191' title='bbox 952 3247 1155 3299; x_wconf 86' lang='lat' dir='ltr'><strong>insitam</strong></span> <span class='ocrx_word' id='word_1_192' title='bbox 1189 3250 1436 3302; x_wconf 83' lang='lat' dir='ltr'><strong>habemus</strong></span> <span class='ocrx_word' id='word_1_193' title='bbox 1468 3255 1570 3303; x_wconf 88' lang='lat' dir='ltr'><strong>Dei</strong></span> 
     </span>
     <span class='ocr_line' id='line_1_34' title="bbox 500 3319 1573 3392; baseline 0.013 -25"><span class='ocrx_word' id='word_1_194' title='bbox 500 3319 669 3369; x_wconf 84' lang='lat' dir='ltr'><strong>ideam</strong></span> <span class='ocrx_word' id='word_1_195' title='bbox 691 3323 1042 3387; x_wconf 87' lang='lat' dir='ltr'><strong>notionemve,</strong></span> <span class='ocrx_word' id='word_1_196' title='bbox 1058 3327 1149 3376; x_wconf 88' lang='lat' dir='ltr'><strong>sed</strong></span> <span class='ocrx_word' id='word_1_197' title='bbox 1170 3329 1573 3392; x_wconf 83' lang='lat' dir='ltr'><strong>perturbationi-</strong></span> 
     </span>
     <span class='ocr_line' id='line_1_35' title="bbox 501 3395 1572 3472; baseline 0.013 -27"><span class='ocrx_word' id='word_1_198' title='bbox 501 3395 598 3445; x_wconf 83' lang='lat' dir='ltr'><strong>bus</strong></span> <span class='ocrx_word' id='word_1_199' title='bbox 620 3396 967 3462; x_wconf 78' lang='lat' dir='ltr'><strong>obscuratam,</strong></span> <span class='ocrx_word' id='word_1_200' title='bbox 987 3409 1043 3452; x_wconf 85' lang='lat' dir='ltr'><strong>et</strong></span> <span class='ocrx_word' id='word_1_201' title='bbox 1067 3404 1228 3454; x_wconf 84' lang='lat' dir='ltr'><strong>veluti</strong></span> <span class='ocrx_word' id='word_1_202' title='bbox 1247 3407 1492 3472; x_wconf 79' lang='lat' dir='ltr'><strong>sopitam,</strong></span> <span class='ocrx_word' id='word_1_203' title='bbox 1511 3409 1572 3458; x_wconf 88' lang='lat' dir='ltr'><strong>il-</strong></span> 
     </span>
     <span class='ocr_line' id='line_1_36' title="bbox 503 3472 1573 3547; baseline 0.014 -27"><span class='ocrx_word' id='word_1_204' title='bbox 503 3472 715 3536; x_wconf 81' lang='lat' dir='ltr'><strong>lustret,</strong></span> <span class='ocrx_word' id='word_1_205' title='bbox 733 3476 1080 3541; x_wconf 87' lang='lat' dir='ltr'><strong>suscitetque:</strong></span> <span class='ocrx_word' id='word_1_206' title='bbox 1115 3479 1212 3530; x_wconf 87' lang='lat' dir='ltr'><strong>hac</strong></span> <span class='ocrx_word' id='word_1_207' title='bbox 1237 3483 1432 3547; x_wconf 88' lang='lat' dir='ltr'><strong>quippe</strong></span> <span class='ocrx_word' id='word_1_208' title='bbox 1453 3484 1573 3535; x_wconf 78' lang='lat' dir='ltr'><strong>idea</strong></span> 
     </span>
     <span class='ocr_line' id='line_1_37' title="bbox 503 3549 1571 3620; baseline 0.014 -23"><span class='ocrx_word' id='word_1_209' title='bbox 503 3562 595 3598; x_wconf 79' lang='lat' dir='ltr'><strong>seu</strong></span> <span class='ocrx_word' id='word_1_210' title='bbox 619 3549 792 3614; x_wconf 84' lang='lat' dir='ltr'><strong>potius</strong></span> <span class='ocrx_word' id='word_1_211' title='bbox 818 3552 938 3602; x_wconf 88' lang='lat' dir='ltr'><strong>Deo</strong></span> <span class='ocrx_word' id='word_1_212' title='bbox 959 3553 1070 3618; x_wconf 87' lang='lat' dir='ltr'><strong>ipso</strong></span> <span class='ocrx_word' id='word_1_213' title='bbox 1090 3555 1336 3620; x_wconf 82' lang='lat' dir='ltr'><strong>docente,</strong></span> <span class='ocrx_word' id='word_1_214' title='bbox 1360 3561 1571 3612; x_wconf 84' lang='lat' dir='ltr'><strong>tandem</strong></span> 
     </span>
     <span class='ocr_line' id='line_1_38' title="bbox 500 3626 1567 3695; baseline 0.013 -21"><span class='ocrx_word' id='word_1_215' title='bbox 500 3626 778 3691; x_wconf 77' lang='lat' dir='ltr'><strong>aliquando</strong></span> <span class='ocrx_word' id='word_1_216' title='bbox 802 3643 1189 3695; x_wconf 76' lang='lat' dir='ltr'><strong>cognoscemus,</strong></span> <span class='ocrx_word' id='word_1_217' title='bbox 1209 3634 1372 3684; x_wconf 88' lang='lat' dir='ltr'><strong>solum</strong></span> <span class='ocrx_word' id='word_1_218' title='bbox 1397 3636 1567 3689; x_wconf 90' lang='lat' dir='ltr'><strong>Deum</strong></span> 
     </span>
     <span class='ocr_line' id='line_1_39' title="bbox 503 3705 1566 3775; baseline 0.013 -25"><span class='ocrx_word' id='word_1_219' title='bbox 503 3706 620 3752; x_wconf 83' lang='lat' dir='ltr'><strong>esse</strong></span> <span class='ocrx_word' id='word_1_220' title='bbox 661 3705 872 3770; x_wconf 88' lang='lat' dir='ltr'><strong>proprie</strong></span> <span class='ocrx_word' id='word_1_221' title='bbox 931 3720 1139 3759; x_wconf 82' lang='lat' dir='ltr'><strong>causam</strong></span> <span class='ocrx_word' id='word_1_222' title='bbox 1198 3712 1566 3775; x_wconf 77' lang='lat' dir='ltr'><strong>praedictorum</strong></span> 
     </span>
     <span class='ocr_line' id='line_1_40' title="bbox 501 3781 1568 3846; baseline 0.013 -19"><span class='ocrx_word' id='word_1_223' title='bbox 501 3785 737 3829; x_wconf 88' lang='lat' dir='ltr'><strong>motuum</strong></span> <span class='ocrx_word' id='word_1_224' title='bbox 758 3796 886 3846; x_wconf 85' lang='lat' dir='ltr'><strong>quos</strong></span> <span class='ocrx_word' id='word_1_225' title='bbox 916 3781 1162 3835; x_wconf 87' lang='lat' dir='ltr'><strong>miramur</strong></span> <span class='ocrx_word' id='word_1_226' title='bbox 1183 3787 1289 3837; x_wconf 86' lang='lat' dir='ltr'><strong>sive</strong></span> <span class='ocrx_word' id='word_1_227' title='bbox 1311 3789 1363 3838; x_wconf 88' lang='lat' dir='ltr'><strong>in</strong></span> <span class='ocrx_word' id='word_1_228' title='bbox 1387 3790 1568 3841; x_wconf 86' lang='lat' dir='ltr'><strong>sideri·</strong></span> 
     </span>
     <span class='ocr_line' id='line_1_41' title="bbox 501 3852 1567 3927; baseline 0.015 -25"><span class='ocrx_word' id='word_1_229' title='bbox 501 3852 619 3917; x_wconf 86' lang='lat' dir='ltr'><strong>bns,</strong></span> <span class='ocrx_word' id='word_1_230' title='bbox 654 3855 763 3906; x_wconf 74' lang='lat' dir='ltr'><strong>sive</strong></span> <span class='ocrx_word' id='word_1_231' title='bbox 801 3857 853 3908; x_wconf 90' lang='lat' dir='ltr'><strong>in</strong></span> <span class='ocrx_word' id='word_1_232' title='bbox 895 3859 1186 3927; x_wconf 87' lang='lat' dir='ltr'><strong>elementis,</strong></span> <span class='ocrx_word' id='word_1_233' title='bbox 1220 3864 1328 3915; x_wconf 85' lang='lat' dir='ltr'><strong>sive</strong></span> <span class='ocrx_word' id='word_1_234' title='bbox 1362 3866 1414 3916; x_wconf 91' lang='lat' dir='ltr'><strong>in</strong></span> <span class='ocrx_word' id='word_1_235' title='bbox 1453 3868 1567 3918; x_wconf 89' lang='lat' dir='ltr'><strong>aliis</strong></span> 
     </span>
     <span class='ocr_line' id='line_1_42' title="bbox 502 3929 1566 3998; baseline 0.015 -21"><span class='ocrx_word' id='word_1_236' title='bbox 502 3929 757 3993; x_wconf 82' lang='lat' dir='ltr'><strong>ejusmodi</strong></span> <span class='ocrx_word' id='word_1_237' title='bbox 793 3934 1127 3998; x_wconf 73' lang='lat' dir='ltr'><strong>corporibus:</strong></span> <span class='ocrx_word' id='word_1_238' title='bbox 1165 3939 1301 3991; x_wconf 86' lang='lat' dir='ltr'><strong>sicut</strong></span> <span class='ocrx_word' id='word_1_239' title='bbox 1331 3956 1432 3991; x_wconf 89' lang='lat' dir='ltr'><strong>non</strong></span> <span class='ocrx_word' id='word_1_240' title='bbox 1471 3945 1566 3993; x_wconf 89' lang='lat' dir='ltr'><strong>mi-</strong></span> 
     </span>
     <span class='ocr_line' id='line_1_43' title="bbox 501 4008 1568 4076; baseline 0.015 -22"><span class='ocrx_word' id='word_1_241' title='bbox 501 4021 599 4056; x_wconf 88' lang='lat' dir='ltr'><strong>nus</strong></span> <span class='ocrx_word' id='word_1_242' title='bbox 644 4008 730 4072; x_wconf 87' lang='lat' dir='ltr'><strong>pie</strong></span> <span class='ocrx_word' id='word_1_243' title='bbox 776 4025 927 4076; x_wconf 87' lang='lat' dir='ltr'><strong>quam</strong></span> <span class='ocrx_word' id='word_1_244' title='bbox 977 4012 1135 4065; x_wconf 87' lang='lat' dir='ltr'><strong>docte</strong></span> <span class='ocrx_word' id='word_1_245' title='bbox 1191 4016 1568 4070; x_wconf 85' lang='lat' dir='ltr'><strong>demonstravit</strong></span> 
     </span>
     <span class='ocr_line' id='line_1_44' title="bbox 501 4083 1566 4158; baseline 0.013 -25"><span class='ocrx_word' id='word_1_246' title='bbox 501 4083 706 4136; x_wconf 84' lang='lat' dir='ltr'><strong>Auctor</strong></span> <span class='ocrx_word' id='word_1_247' title='bbox 727 4088 843 4138; x_wconf 88' lang='lat' dir='ltr'><strong>libri</strong></span> <span class='ocrx_word' id='word_1_248' title='bbox 866 4090 933 4141; x_wconf 91' lang='lat' dir='ltr'><strong>de</strong></span> <span class='ocrx_word' id='word_1_249' title='bbox 955 4091 1287 4158; x_wconf 81' lang='lat' dir='ltr'><strong>inquisitione</strong></span> <span class='ocrx_word' id='word_1_250' title='bbox 1310 4098 1566 4147; x_wconf 82' lang='lat' dir='ltr'><strong>veritatis.</strong></span> 
     </span>
     <span class='ocr_line' id='line_1_45' title="bbox 501 4161 1566 4239; baseline 0.012 -28"><span class='ocrx_word' id='word_1_251' title='bbox 501 4161 644 4213; x_wconf 85' lang='lat' dir='ltr'><strong>Hinc</strong></span> <span class='ocrx_word' id='word_1_252' title='bbox 673 4165 857 4216; x_wconf 85' lang='lat' dir='ltr'><strong>eadem</strong></span> <span class='ocrx_word' id='word_1_253' title='bbox 881 4168 1216 4235; x_wconf 82' lang='lat' dir='ltr'><strong>Philosophia</strong></span> <span class='ocrx_word' id='word_1_254' title='bbox 1239 4186 1373 4221; x_wconf 86' lang='lat' dir='ltr'><strong>nunc</strong></span> <span class='ocrx_word' id='word_1_255' title='bbox 1396 4172 1566 4239; x_wconf 85' lang='lat' dir='ltr'><strong>docet,</strong></span> 
     </span>
     <span class='ocr_line' id='line_1_46' title="bbox 501 4241 1567 4309; baseline 0.016 -24"><span class='ocrx_word' id='word_1_256' title='bbox 501 4251 604 4287; x_wconf 91' lang='lat' dir='ltr'><strong>non</strong></span> <span class='ocrx_word' id='word_1_257' title='bbox 627 4241 789 4292; x_wconf 89' lang='lat' dir='ltr'><strong>solum</strong></span> <span class='ocrx_word' id='word_1_258' title='bbox 807 4244 1049 4309; x_wconf 86' lang='lat' dir='ltr'><strong>quietem,</strong></span> <span class='ocrx_word' id='word_1_259' title='bbox 1073 4247 1165 4297; x_wconf 87' lang='lat' dir='ltr'><strong>sed</strong></span> <span class='ocrx_word' id='word_1_260' title='bbox 1190 4248 1347 4298; x_wconf 84' lang='lat' dir='ltr'><strong>etiam</strong></span> <span class='ocrx_word' id='word_1_261' title='bbox 1370 4258 1567 4302; x_wconf 84' lang='lat' dir='ltr'><strong>motum</strong></span> 
     </span>
     <span class='ocr_line' id='line_1_47' title="bbox 501 4321 1570 4390; baseline 0.012 -26"><span class='ocrx_word' id='word_1_262' title='bbox 501 4328 775 4381; x_wconf 76' lang='lat' dir='ltr'><strong>corporum</strong></span> <span class='ocrx_word' id='word_1_263' title='bbox 796 4336 810 4383; x_wconf 76' lang='grc' dir='ltr'>ς</span> <span class='ocrx_word' id='word_1_264' title='bbox 828 4321 982 4373; x_wconf 89' lang='lat' dir='ltr'><strong>immo</strong></span> <span class='ocrx_word' id='word_1_265' title='bbox 996 4330 1051 4375; x_wconf 87' lang='lat' dir='ltr'><strong>et</strong></span> <span class='ocrx_word' id='word_1_266' title='bbox 1066 4324 1243 4376; x_wconf 86' lang='lat' dir='ltr'><strong>modos</strong></span> <span class='ocrx_word' id='word_1_267' title='bbox 1259 4326 1443 4390; x_wconf 75' lang='lat' dir='ltr'><strong>quibus</strong></span> <span class='ocrx_word' id='word_1_268' title='bbox 1457 4343 1570 4380; x_wconf 89' lang='lat' dir='ltr'><strong>cor·</strong></span> 
     </span>
    </p>
   </div>
   <div class='ocr_carea' id='block_1_16' title="bbox 1645 2714 2714 4396">
    <p class='ocr_par' dir='ltr' id='par_1_17' title="bbox 1648 2714 2714 3702">
     <span class='ocr_line' id='line_1_48' title="bbox 1650 2714 2709 2778; baseline -0.003 -14"><span class='ocrx_word' id='word_1_269' title='bbox 1650 2728 1778 2778; x_wconf 83' lang='lat' dir='ltr'><strong>pora</strong></span> <span class='ocrx_word' id='word_1_270' title='bbox 1798 2719 2091 2778; x_wconf 84' lang='lat' dir='ltr'><strong>moventur,</strong></span> <span class='ocrx_word' id='word_1_271' title='bbox 2110 2730 2227 2765; x_wconf 87' lang='lat' dir='ltr'><strong>esse</strong></span> <span class='ocrx_word' id='word_1_272' title='bbox 2243 2714 2310 2765; x_wconf 89' lang='lat' dir='ltr'><strong>ab</strong></span> <span class='ocrx_word' id='word_1_273' title='bbox 2333 2714 2446 2778; x_wconf 84' lang='lat' dir='ltr'><strong>ipso</strong></span> <span class='ocrx_word' id='word_1_274' title='bbox 2463 2714 2584 2763; x_wconf 87' lang='lat' dir='ltr'><strong>Deo</strong></span> <span class='ocrx_word' id='word_1_275' title='bbox 2599 2727 2709 2777; x_wconf 87' lang='lat' dir='ltr'><strong>pro·</strong></span> 
     </span>
     <span class='ocr_line' id='line_1_49' title="bbox 1649 2791 2709 2853; baseline -0.002 -14"><span class='ocrx_word' id='word_1_276' title='bbox 1649 2791 1882 2842; x_wconf 85' lang='lat' dir='ltr'><strong>vidente.</strong></span> <span class='ocrx_word' id='word_1_277' title='bbox 1949 2792 1965 2820; x_wconf 90' lang='lat'>‘</span> <span class='ocrx_word' id='word_1_278' title='bbox 1984 2791 2136 2842; x_wconf 80' lang='lat' dir='ltr'><strong>Sistit</strong></span> <span class='ocrx_word' id='word_1_279' title='bbox 2177 2792 2464 2852; x_wconf 84' lang='lat' dir='ltr'><strong>retrahens,</strong></span> <span class='ocrx_word' id='word_1_280' title='bbox 2487 2804 2550 2839; x_wconf 88' lang='lat' dir='ltr'><strong>ac</strong></span> <span class='ocrx_word' id='word_1_281' title='bbox 2581 2804 2709 2853; x_wconf 82' lang='lat' dir='ltr'><strong>vaga</strong></span> 
     </span>
     <span class='ocr_line' id='line_1_50' title="bbox 1648 2863 2710 2934; baseline -0.003 -16"><span class='ocrx_word' id='word_1_282' title='bbox 1648 2868 1864 2920; x_wconf 76' lang='lat' dir='ltr'><strong>firmatz&#39;</strong></span> <span class='ocrx_word' id='word_1_283' title='bbox 1896 2883 2024 2919; x_wconf 85' lang='lat' dir='ltr'><strong>ecce</strong></span> <span class='ocrx_word' id='word_1_284' title='bbox 2042 2863 2306 2934; x_wconf 79' lang='lat' dir='ltr'><strong>quietem:</strong></span> <span class='ocrx_word' id='word_1_285' title='bbox 2341 2868 2358 2897; x_wconf 91' lang='lat'>‘</span> <span class='ocrx_word' id='word_1_286' title='bbox 2385 2873 2523 2916; x_wconf 88' lang='lat' dir='ltr'><strong>motu</strong></span> <span class='ocrx_word' id='word_1_287' title='bbox 2542 2865 2710 2916; x_wconf 90' lang='lat' dir='ltr'><strong>conci-</strong></span> 
     </span>
     <span class='ocr_line' id='line_1_51' title="bbox 1650 2945 2707 3008; baseline -0.006 -11"><span class='ocrx_word' id='word_1_288' title='bbox 1650 2953 1731 2997; x_wconf 78' lang='lat' dir='ltr'><strong>tat</strong></span> <span class='ocrx_word' id='word_1_289' title='bbox 1763 2947 1839 2996; x_wconf 87' lang='lat' dir='ltr'><strong>ire</strong></span> <span class='ocrx_word' id='word_1_290' title='bbox 1858 2945 1892 2997; x_wconf 89' lang='lat'><strong>:’</strong></span> <span class='ocrx_word' id='word_1_291' title='bbox 1926 2960 2050 2995; x_wconf 89' lang='lat' dir='ltr'><strong>ecce</strong></span> <span class='ocrx_word' id='word_1_292' title='bbox 2084 2951 2283 2996; x_wconf 88' lang='lat' dir='ltr'><strong>motum</strong></span> <span class='ocrx_word' id='word_1_293' title='bbox 2322 2945 2527 3008; x_wconf 85' lang='lat' dir='ltr'><strong>ipsum:</strong></span> <span class='ocrx_word' id='word_1_294' title='bbox 2562 2946 2577 2972; x_wconf 89' lang='lat'>‘</span> <span class='ocrx_word' id='word_1_295' title='bbox 2603 2957 2707 2992; x_wconf 86' lang='lat' dir='ltr'><strong>rec-</strong></span> 
     </span>
     <span class='ocr_line' id='line_1_52' title="bbox 1652 3020 2711 3084; baseline -0.004 -11"><span class='ocrx_word' id='word_1_296' title='bbox 1652 3030 1732 3074; x_wconf 89' lang='lat' dir='ltr'><strong>tos</strong></span> <span class='ocrx_word' id='word_1_297' title='bbox 1757 3038 2006 3074; x_wconf 83' lang='lat' dir='ltr'><strong>revocans</strong></span> <span class='ocrx_word' id='word_1_298' title='bbox 2037 3023 2160 3084; x_wconf 89' lang='lat' dir='ltr'><strong>itus,</strong></span> <span class='ocrx_word' id='word_1_299' title='bbox 2181 3023 2374 3071; x_wconf 84' lang='lat' dir='ltr'><strong>Flexos</strong></span> <span class='ocrx_word' id='word_1_300' title='bbox 2408 3020 2598 3069; x_wconf 88' lang='lat' dir='ltr'><strong>iterum</strong></span> <span class='ocrx_word' id='word_1_301' title='bbox 2631 3034 2711 3070; x_wconf 87' lang='lat' dir='ltr'><strong>co·</strong></span> 
     </span>
     <span class='ocr_line' id='line_1_53' title="bbox 1651 3097 2709 3165; baseline -0.004 -14"><span class='ocrx_word' id='word_1_302' title='bbox 1651 3108 1742 3165; x_wconf 86' lang='lat' dir='ltr'><strong>gat</strong></span> <span class='ocrx_word' id='word_1_303' title='bbox 1784 3102 1837 3151; x_wconf 89' lang='lat' dir='ltr'><strong>in</strong></span> <span class='ocrx_word' id='word_1_304' title='bbox 1883 3101 2037 3151; x_wconf 85' lang='lat' dir='ltr'><strong>orbes</strong></span> <span class='ocrx_word' id='word_1_305' title='bbox 2056 3099 2090 3150; x_wconf 69' lang='grc' dir='ltr'><strong>ι’</strong></span> <span class='ocrx_word' id='word_1_306' title='bbox 2138 3114 2262 3149; x_wconf 89' lang='lat' dir='ltr'><strong>ecce</strong></span> <span class='ocrx_word' id='word_1_307' title='bbox 2305 3097 2487 3148; x_wconf 87' lang='lat' dir='ltr'><strong>modos</strong></span> <span class='ocrx_word' id='word_1_308' title='bbox 2530 3102 2709 3147; x_wconf 75' lang='lat' dir='ltr'><strong>motus.</strong></span> 
     </span>
     <span class='ocr_line' id='line_1_54' title="bbox 1654 3173 2710 3242; baseline -0.006 -15"><span class='ocrx_word' id='word_1_309' title='bbox 1654 3175 1831 3242; x_wconf 82' lang='lat' dir='ltr'><strong>Atque</strong></span> <span class='ocrx_word' id='word_1_310' title='bbox 1871 3192 1937 3227; x_wconf 89' lang='lat' dir='ltr'><strong>ne</strong></span> <span class='ocrx_word' id='word_1_311' title='bbox 1987 3182 2201 3240; x_wconf 86' lang='lat' dir='ltr'><strong>putares</strong></span> <span class='ocrx_word' id='word_1_312' title='bbox 2246 3176 2417 3225; x_wconf 87' lang='lat' dir='ltr'><strong>Deum</strong></span> <span class='ocrx_word' id='word_1_313' title='bbox 2459 3173 2513 3223; x_wconf 87' lang='lat' dir='ltr'><strong>id</strong></span> <span class='ocrx_word' id='word_1_314' title='bbox 2557 3173 2710 3224; x_wconf 87' lang='lat' dir='ltr'><strong>officii</strong></span> 
     </span>
     <span class='ocr_line' id='line_1_55' title="bbox 1653 3249 2710 3312; baseline -0.005 -7"><span class='ocrx_word' id='word_1_315' title='bbox 1653 3255 1971 3305; x_wconf 80' lang='lat' dir='ltr'><strong>commisisse</strong></span> <span class='ocrx_word' id='word_1_316' title='bbox 1992 3255 2008 3281; x_wconf 89' lang='lat'>‘</span> <span class='ocrx_word' id='word_1_317' title='bbox 2031 3260 2230 3303; x_wconf 76' lang='lat' dir='ltr'><strong>natnrae</strong></span> <span class='ocrx_word' id='word_1_318' title='bbox 2248 3251 2264 3277; x_wconf 86' lang='lat'><em>&#39;</em></span> <span class='ocrx_word' id='word_1_319' title='bbox 2301 3252 2507 3303; x_wconf 83' lang='lat' dir='ltr'><strong>cuidam</strong></span> <span class='ocrx_word' id='word_1_320' title='bbox 2527 3267 2542 3312; x_wconf 89' lang='lat'>;</span> <span class='ocrx_word' id='word_1_321' title='bbox 2578 3252 2595 3280; x_wconf 99' lang='grc'><strong>4</strong></span> <span class='ocrx_word' id='word_1_322' title='bbox 2612 3249 2710 3301; x_wconf 88' lang='lat' dir='ltr'><strong>for·</strong></span> 
     </span>
     <span class='ocr_line' id='line_1_56' title="bbox 1653 3326 2713 3398; baseline -0.005 -16"><span class='ocrx_word' id='word_1_323' title='bbox 1653 3332 1789 3394; x_wconf 82' lang='lat' dir='ltr'><strong>mae,&#39;</strong></span> <span class='ocrx_word' id='word_1_324' title='bbox 1828 3332 1845 3360; x_wconf 88' lang='grc'><strong>4</strong></span> <span class='ocrx_word' id='word_1_325' title='bbox 1871 3330 2246 3398; x_wconf 86' lang='lat' dir='ltr'><strong>qualitatibus,&#39;</strong></span> <span class='ocrx_word' id='word_1_326' title='bbox 2285 3330 2302 3358; x_wconf 99' lang='grc'><strong>4</strong></span> <span class='ocrx_word' id='word_1_327' title='bbox 2325 3326 2713 3381; x_wconf 83' lang='lat' dir='ltr'><strong>accidentibus&#39;</strong></span> 
     </span>
     <span class='ocr_line' id='line_1_57' title="bbox 1654 3403 2711 3472; baseline -0.006 -12"><span class='ocrx_word' id='word_1_328' title='bbox 1654 3417 1711 3459; x_wconf 86' lang='lat' dir='ltr'><strong>et</strong></span> <span class='ocrx_word' id='word_1_329' title='bbox 1744 3409 1935 3460; x_wconf 82' lang='lat' dir='ltr'><strong>ceteris</strong></span> <span class='ocrx_word' id='word_1_330' title='bbox 1967 3408 2237 3472; x_wconf 83' lang='lat' dir='ltr'><strong>ejusmodi,</strong></span> <span class='ocrx_word' id='word_1_331' title='bbox 2257 3405 2598 3468; x_wconf 87' lang='lat' dir='ltr'><strong>Philosophia</strong></span> <span class='ocrx_word' id='word_1_332' title='bbox 2629 3403 2711 3454; x_wconf 85' lang='lat' dir='ltr'><strong>ad·</strong></span> 
     </span>
     <span class='ocr_line' id='line_1_58' title="bbox 1655 3483 2712 3548; baseline -0.005 -13"><span class='ocrx_word' id='word_1_333' title='bbox 1655 3485 1753 3548; x_wconf 92' lang='lat' dir='ltr'><strong>dit,</strong></span> <span class='ocrx_word' id='word_1_334' title='bbox 1771 3484 1884 3535; x_wconf 80' lang='lat' dir='ltr'><strong>fore</strong></span> <span class='ocrx_word' id='word_1_335' title='bbox 1906 3492 1983 3547; x_wconf 86' lang='lat' dir='ltr'><strong>nt,</strong></span> <span class='ocrx_word' id='word_1_336' title='bbox 2006 3484 2106 3534; x_wconf 90' lang='lat' dir='ltr'><strong>nisi</strong></span> <span class='ocrx_word' id='word_1_337' title='bbox 2130 3484 2274 3533; x_wconf 88' lang='lat' dir='ltr'><strong>Deus</strong></span> <span class='ocrx_word' id='word_1_338' title='bbox 2297 3483 2410 3545; x_wconf 86' lang='lat' dir='ltr'><strong>ipse</strong></span> <span class='ocrx_word' id='word_1_339' title='bbox 2442 3483 2557 3531; x_wconf 83' lang='lat' dir='ltr'><strong>haec</strong></span> <span class='ocrx_word' id='word_1_340' title='bbox 2586 3495 2712 3546; x_wconf 79' lang='lat' dir='ltr'><strong>prae·</strong></span> 
     </span>
     <span class='ocr_line' id='line_1_59' title="bbox 1654 3558 2714 3625; baseline -0.008 -14"><span class='ocrx_word' id='word_1_341' title='bbox 1654 3563 2026 3625; x_wconf 77' lang='lat' dir='ltr'><strong>staret,‘Quae</strong></span> <span class='ocrx_word' id='word_1_342' title='bbox 2064 3575 2203 3610; x_wconf 84' lang='lat' dir='ltr'><strong>nnnc</strong></span> <span class='ocrx_word' id='word_1_343' title='bbox 2240 3559 2438 3609; x_wconf 85' lang='lat' dir='ltr'><strong>stabilis</strong></span> <span class='ocrx_word' id='word_1_344' title='bbox 2483 3558 2714 3608; x_wconf 85' lang='lat' dir='ltr'><strong>continet</strong></span> 
     </span>
     <span class='ocr_line' id='line_1_60' title="bbox 1653 3632 2654 3702; baseline -0.008 -13"><span class='ocrx_word' id='word_1_345' title='bbox 1653 3640 1802 3701; x_wconf 89' lang='lat' dir='ltr'><strong>ordo,</strong></span> <span class='ocrx_word' id='word_1_346' title='bbox 1824 3639 2076 3702; x_wconf 85' lang='lat' dir='ltr'><strong>Dissepta</strong></span> <span class='ocrx_word' id='word_1_347' title='bbox 2096 3652 2187 3687; x_wconf 86' lang='lat' dir='ltr'><strong>suo</strong></span> <span class='ocrx_word' id='word_1_348' title='bbox 2205 3635 2351 3685; x_wconf 86' lang='lat' dir='ltr'><strong>fonte</strong></span> <span class='ocrx_word' id='word_1_349' title='bbox 2372 3632 2654 3684; x_wconf 85' lang='lat' dir='ltr'><strong>fatiscant.’</strong></span> 
     </span>
    </p>

    <p class='ocr_par' dir='ltr' id='par_1_18' title="bbox 1645 3710 2709 4396">
     <span class='ocr_line' id='line_1_61' title="bbox 1712 3710 2706 3773; baseline -0.005 -8"><span class='ocrx_word' id='word_1_350' title='bbox 1712 3723 1745 3748; x_wconf 73' lang='lat'><strong>&#39;¹</strong></span> <span class='ocrx_word' id='word_1_351' title='bbox 1778 3716 1880 3765; x_wconf 79' lang='lat' dir='ltr'><strong>Hic</strong></span> <span class='ocrx_word' id='word_1_352' title='bbox 1918 3721 1989 3766; x_wconf 77' lang='lat' dir='ltr'><strong>est</strong></span> <span class='ocrx_word' id='word_1_353' title='bbox 2037 3714 2220 3765; x_wconf 75' lang='lat' dir='ltr'><strong>eunetis</strong></span> <span class='ocrx_word' id='word_1_354' title='bbox 2259 3711 2518 3761; x_wconf 79' lang='lat' dir='ltr'><strong>communis</strong></span> <span class='ocrx_word' id='word_1_355' title='bbox 2560 3710 2706 3773; x_wconf 80' lang='lat' dir='ltr'><strong>amor]</strong></span> 
     </span>
     <span class='ocr_line' id='line_1_62' title="bbox 1649 3787 2709 3857; baseline -0.008 -14"><span class='ocrx_word' id='word_1_356' title='bbox 1649 3791 1812 3842; x_wconf 86' lang='lat' dir='ltr'><strong>Amor</strong></span> <span class='ocrx_word' id='word_1_357' title='bbox 1856 3792 2066 3857; x_wconf 88' lang='lat' dir='ltr'><strong>proprie</strong></span> <span class='ocrx_word' id='word_1_358' title='bbox 2105 3805 2207 3840; x_wconf 89' lang='lat' dir='ltr'><strong>non</strong></span> <span class='ocrx_word' id='word_1_359' title='bbox 2253 3796 2334 3838; x_wconf 87' lang='lat' dir='ltr'><strong>est</strong></span> <span class='ocrx_word' id='word_1_360' title='bbox 2368 3787 2467 3844; x_wconf 80' lang='lat' dir='ltr'><strong>nisi</strong></span> <span class='ocrx_word' id='word_1_361' title='bbox 2512 3787 2709 3848; x_wconf 84' lang='lat' dir='ltr'><strong>mentis,</strong></span> 
     </span>
     <span class='ocr_line' id='line_1_63' title="bbox 1646 3863 2706 3937; baseline -0.009 -16"><span class='ocrx_word' id='word_1_362' title='bbox 1646 3871 1890 3937; x_wconf 70' lang='lat' dir='ltr'><strong>huc,‘qno</strong></span> <span class='ocrx_word' id='word_1_363' title='bbox 1922 3872 2073 3921; x_wconf 87' lang='lat' dir='ltr'><strong>Deus</strong></span> <span class='ocrx_word' id='word_1_364' title='bbox 2095 3868 2280 3918; x_wconf 86' lang='lat' dir='ltr'><strong>saltem</strong></span> <span class='ocrx_word' id='word_1_365' title='bbox 2306 3864 2598 3928; x_wconf 85' lang='lat' dir='ltr'><strong>generatim</strong></span> <span class='ocrx_word' id='word_1_366' title='bbox 2620 3863 2706 3912; x_wconf 88' lang='lat' dir='ltr'><strong>im·</strong></span> 
     </span>
     <span class='ocr_line' id='line_1_64' title="bbox 1648 3940 2709 4012; baseline -0.009 -15"><span class='ocrx_word' id='word_1_367' title='bbox 1648 3947 1820 4012; x_wconf 86' lang='lat' dir='ltr'><strong>pellit,</strong></span> <span class='ocrx_word' id='word_1_368' title='bbox 1869 3944 2250 4012; x_wconf 86' lang='lat' dir='ltr'><strong>propendentis</strong></span> <span class='ocrx_word' id='word_1_369' title='bbox 2280 3958 2294 3992; x_wconf 74' lang='lat' dir='ltr'><strong>t</strong></span> <span class='ocrx_word' id='word_1_370' title='bbox 2350 3940 2443 3990; x_wconf 89' lang='lat' dir='ltr'><strong>sed</strong></span> <span class='ocrx_word' id='word_1_371' title='bbox 2501 3946 2709 4005; x_wconf 86' lang='lat' dir='ltr'><strong>propter</strong></span> 
     </span>
     <span class='ocr_line' id='line_1_65' title="bbox 1649 4017 2709 4089; baseline -0.008 -16"><span class='ocrx_word' id='word_1_372' title='bbox 1649 4024 1907 4089; x_wconf 81' lang='lat' dir='ltr'><strong>quandam</strong></span> <span class='ocrx_word' id='word_1_373' title='bbox 1940 4021 2328 4074; x_wconf 88' lang='lat' dir='ltr'><strong>similitudinem</strong></span> <span class='ocrx_word' id='word_1_374' title='bbox 2356 4032 2500 4068; x_wconf 83' lang='lat' dir='ltr'><strong>amor</strong></span> <span class='ocrx_word' id='word_1_375' title='bbox 2527 4017 2709 4067; x_wconf 86' lang='lat' dir='ltr'><strong>dicitur</strong></span> 
     </span>
     <span class='ocr_line' id='line_1_66' title="bbox 1649 4095 2705 4166; baseline -0.006 -17"><span class='ocrx_word' id='word_1_376' title='bbox 1649 4102 1807 4152; x_wconf 82' lang='lat' dir='ltr'><strong>etiam</strong></span> <span class='ocrx_word' id='word_1_377' title='bbox 1847 4115 2141 4166; x_wconf 85' lang='lat' dir='ltr'><strong>corporum,</strong></span> <span class='ocrx_word' id='word_1_378' title='bbox 2186 4103 2444 4163; x_wconf 82' lang='lat' dir='ltr'><strong>quatenus</strong></span> <span class='ocrx_word' id='word_1_379' title='bbox 2489 4095 2576 4145; x_wconf 88' lang='lat' dir='ltr'><strong>illa</strong></span> <span class='ocrx_word' id='word_1_380' title='bbox 2611 4095 2705 4143; x_wconf 86' lang='lat' dir='ltr'><strong>hoc</strong></span> 
     </span>
     <span class='ocr_line' id='line_1_67' title="bbox 1647 4172 2703 4244; baseline -0.009 -15"><span class='ocrx_word' id='word_1_381' title='bbox 1647 4180 1825 4242; x_wconf 83' lang='lat' dir='ltr'><strong>etiarn,</strong></span> <span class='ocrx_word' id='word_1_382' title='bbox 1847 4193 1951 4244; x_wconf 90' lang='lat' dir='ltr'><strong>quo</strong></span> <span class='ocrx_word' id='word_1_383' title='bbox 1973 4178 2118 4227; x_wconf 87' lang='lat' dir='ltr'><strong>Deus</strong></span> <span class='ocrx_word' id='word_1_384' title='bbox 2154 4173 2394 4238; x_wconf 85' lang='lat' dir='ltr'><strong>impellit,</strong></span> <span class='ocrx_word' id='word_1_385' title='bbox 2418 4172 2510 4222; x_wconf 89' lang='lat' dir='ltr'><strong>sed</strong></span> <span class='ocrx_word' id='word_1_386' title='bbox 2539 4177 2703 4221; x_wconf 78' lang='lat' dir='ltr'><strong>mente</strong></span> 
     </span>
     <span class='ocr_line' id='line_1_68' title="bbox 1645 4248 2702 4304; baseline -0.009 -1"><span class='ocrx_word' id='word_1_387' title='bbox 1645 4255 1871 4304; x_wconf 86' lang='lat' dir='ltr'><strong>humana</strong></span> <span class='ocrx_word' id='word_1_388' title='bbox 1892 4253 2085 4304; x_wconf 86' lang='lat' dir='ltr'><strong>rectius</strong></span> <span class='ocrx_word' id='word_1_389' title='bbox 2109 4250 2348 4301; x_wconf 87' lang='lat' dir='ltr'><strong>tendunt.</strong></span> <span class='ocrx_word' id='word_1_390' title='bbox 2396 4248 2574 4300; x_wconf 77' lang='lat' dir='ltr'><strong>Quare</strong></span> <span class='ocrx_word' id='word_1_391' title='bbox 2594 4260 2702 4296; x_wconf 89' lang='lat' dir='ltr'><strong>cum</strong></span> 
     </span>
     <span class='ocr_line' id='line_1_69' title="bbox 1649 4320 2705 4396; baseline -0.012 -14"><span class='ocrx_word' id='word_1_392' title='bbox 1649 4333 1801 4382; x_wconf 83' lang='lat' dir='ltr'><strong>Deus</strong></span> <span class='ocrx_word' id='word_1_393' title='bbox 1820 4345 1923 4381; x_wconf 89' lang='lat' dir='ltr'><strong>non</strong></span> <span class='ocrx_word' id='word_1_394' title='bbox 1956 4334 2077 4396; x_wconf 78' lang='lat' dir='ltr'><strong>agat</strong></span> <span class='ocrx_word' id='word_1_395' title='bbox 2098 4326 2195 4379; x_wconf 86' lang='lat' dir='ltr'><strong>nisi</strong></span> <span class='ocrx_word' id='word_1_396' title='bbox 2226 4331 2445 4390; x_wconf 87' lang='lat' dir='ltr'><strong>propter</strong></span> <span class='ocrx_word' id='word_1_397' title='bbox 2478 4320 2705 4384; x_wconf 81' lang='lat' dir='ltr'><strong>semetip-</strong></span> 
     </span>
    </p>
   </div>
  </div>
 </body>
</html>
