3049 4928
2399 395 2529 461 2⁵1

326 548 481 628 Qua
510 567 680 618 vero
709 557 901 637 parte
924 556 1161 619 beatos
1190 553 1446 620 faciens
1478 552 1726 619 desinit
1774 559 2104 637 potestas,
2135 551 2264 619 hac
2306 554 2524 638 impo-

322 656 527 719 tentia
557 657 918 734 subintrat,
940 677 1094 741 quae
1120 659 1398 723 miseros
1425 656 1635 722 facit:
1682 656 1811 722 hoc
1843 658 2050 739 igitur
2075 658 2282 723 modo
2310 658 2526 742 majo·

317 775 452 820 rem
483 757 797 842 Regibus
825 761 1046 824 inesse
1093 780 1368 827 necesse
1420 768 1526 826 est
1574 761 1863 826 miseriae
1907 761 2300 845 portionem.
2386 760 2527 825 Ex-

320 866 555 942 pertus
619 864 825 926 sortis
883 882 1028 927 suae
1048 871 1074 900 ⁰
1116 864 1569 948 periculorum
1619 861 2017 948 TyrannuS,⁸'
2062 865 2248 947 regni
2306 870 2526 929 metus

316 962 682 1044 pendentis
714 984 921 1049 supra
951 968 1265 1032 verticem
1283 967 1309 1006 ¹
1354 966 1564 1048 gladii
1615 972 1860 1032 terrore
1891 966 2256 1032 simulavit.
2348 965 2526 1046 Quae

321 1072 429 1130 est
453 1066 669 1149 igitur
696 1068 848 1133 haec
890 1077 1196 1154 potestas
1244 1088 1399 1154 quac
1447 1068 1948 1135 solicitudinum
1993 1087 2250 1135 morsus
2301 1071 2531 1155 expel-

318 1166 475 1247 lere,
520 1189 685 1253 quae
742 1171 1168 1263 formidinum
1198 1174 1480 1239 aculeos
1511 1174 1725 1240 vitare
1766 1173 2049 1257 nequit?
2140 1171 2349 1258 Atqui
2392 1174 2530 1242 vel·

316 1268 457 1335 lent
483 1272 630 1356 ipsi
658 1275 921 1340 vixisse
947 1278 1186 1355 securi,
1217 1277 1336 1342 sed
1364 1282 1725 1362 nequeunt:
1772 1275 2011 1341 dehinc
2060 1277 2145 1341 de
2191 1281 2529 1360 potestate

319 1371 705 1452 gloriantur.
836 1375 947 1441 An
991 1385 1063 1442 tu
1109 1384 1447 1461 potentem
1503 1397 1745 1444 censes
1802 1397 1997 1462 quem
2051 1376 2293 1443 videas
2362 1379 2537 1443 velle

318 1475 503 1556 quod
550 1496 687 1542 non
729 1479 949 1562 possit
976 1478 1278 1546 efficere?
1369 1480 1727 1546 Potentem
1780 1498 2014 1545 censes
2062 1481 2179 1563 qui
2231 1480 2526 1548 satellite

318 1575 496 1641 latus
531 1580 785 1646 ambit:
812 1581 927 1665 qui
959 1602 1134 1666 quos
1164 1586 1365 1647 terret
1393 1582 1542 1666 ipse
1564 1582 1721 1666 plus
1750 1582 2018 1648 metuit:
2047 1585 2163 1668 qui
2185 1590 2263 1646 ut
2283 1589 2527 1667 potens

318 1696 471 1743 esse
501 1681 834 1761 videatur,
864 1684 935 1747 in
967 1684 1398 1750 servientium
1426 1702 1624 1749 manu
1652 1684 1858 1749 situm
1888 1687 2038 1750 est‘l
2060 1692 2107 1724 ¹¹
2158 1684 2337 1749 Nam
2357 1681 2525 1769 quid

984 407 1110 459 Pin
1125 405 1504 459 LosoPmAE
1554 408 1704 458 1⁴1ss.
1756 409 1867 460 111.

380 1870 401 1902 ί
429 1872 704 1939 Dionysius
725 1874 907 1925 Sicilie
930 1876 1060 1926 Rex.
1200 1875 1226 1909 Ι
1259 1876 1502 1927 Damoclis
1523 1890 1587 1925 ex
1607 1875 1705 1937 <ius
1723 1880 2069 1926 assentatorum
2091 1890 2296 1927 numero.

1246 2019 1604 2041 OOOOOOOOOOO

322 2120 377 2166 11
409 2116 557 2168 Vict.
580 2118 839 2168 secundus
873 2125 928 2169 et
946 2119 1086 2170 Flor.
1124 2119 1247 2170 situs
1280 2124 1499 2171 est.—l2
1531 2119 1652 2171 ‘Sic
1667 2119 1810 2171 Vict.
1834 2119 2109 2184 secundus,
2130 2118 2312 2171 recte.'
2353 2120 2529 2173 Vama.

1314 2267 1529 2320 NOTAE

315 2370 567 2434 gentibus
618 2371 858 2437 imperet,
919 2373 1153 2438 pluribus
1207 2381 1383 2424 tamen

315 2461 419 2499 nnn
461 2450 728 2514 imperat:
787 2462 949 2515 quare
991 2451 1035 2502 si
1077 2449 1383 2503 felicitatem

316 2524 545 2590 imperio
581 2527 831 2592 metiaris,
869 2529 987 2593 plus
1025 2529 1078 2579 in
1118 2531 1214 2580 hoc
1236 2529 1385 2593 Rege

1464 2372 1777 2424 ministrare.
1839 2371 2077 2422 Aderant
2120 2374 2403 2435 unguenta,
2442 2380 2527 2416 co-

1465 2464 1636 2504 roaae:
1662 2452 2074 2503 incendebantur
2095 2450 2310 2501 odores:
2335 2457 2529 2497 mensoe

1465 2531 1915 2597 conquisitissimis
1923 2530 2090 2595 epulis
2106 2524 2532 2579 exstruebantur.

317 2603 545 2654 miseriae
568 2603 724 2667 inest,
744 2619 896 2669 quam
917 2603 1203 2655 felicitatis.

379 2686 404 2712 ⁸
423 2681 681 2742 Expertus
699 2681 845 2730 sortis
857 2679 977 2743 πω]
1023 2694 1113 2731 111.
1149 2680 1387 2743 Regnum

317 2753 545 2805 hominis
567 2771 805 2806 securum
837 2772 941 2807 non
963 2769 1076 2806 esse
1099 2755 1225 2805 satis
1246 2755 1385 2804 evin-

319 2832 396 2883 cit
429 2832 708 2884 notissima
747 2834 993 2898 Dionysii
1020 2832 1250 2897 Tyranni
1285 2831 1386 2882 his·

319 2910 456 2962 toria
478 2925 494 2958 z
531 2910 546 2937 ‘
570 2909 724 2972 nam‚’
748 2911 915 2975 inquit
949 2910 1134 2961 Cicero
1158 2924 1214 2960 v.
1234 2909 1386 2959 'hisc-

320 2986 336 3014 ‘
358 3001 483 3038 cnm
506 2987 715 3053 quidam
737 3003 807 3039 ex
843 2988 954 3054 ejus
976 2988 1386 3038 assentatoribus

319 3067 624 3130 Damocles,
643 3074 1070 3118 commemoraret
1082 3068 1133 3117 in
1153 3083 1387 3119 sermone

320 3145 502 3208 copias
541 3145 677 3209 ejus,
721 3159 867 3208 opes,
906 3144 1254 3208 maiestatem,
1292 3144 1385 3194 do·

320 3221 568 3284 minatus,
608 3236 782 3271 rernm
817 3220 1208 3283 abundantiam,
1244 3236 1385 3286 mag-

268 3366 273 3369 ·
321 3295 645 3348 nificentiam
698 3298 891 3347 sedium
952 3298 1231 3361 regiarum,
1292 3312 1385 3347 ne·

320 3380 573 3439 geretque
623 3389 847 3439 unquam
897 3375 1183 3426 beatiorem
1227 3389 1386 3440 queu-

325 3465 479 3514 qnam
518 3450 716 3503 fuisse:
767 3453 930 3502 Visne
976 3452 1155 3517 igitur,
1202 3452 1388 3517 inquit,

325 3526 609 3592 Damocle,
676 3528 920 3593 qnoniam
974 3528 1088 3579 baec
1150 3534 1204 3578 te
1281 3528 1388 3579 vita

327 3602 586 3669 delectat,
630 3605 743 3670 ipse
803 3605 1027 3655 eandem
1088 3605 1387 3669 degustare,

322 3680 660 3733 etfortunam
680 3682 914 3746 experiri
936 3683 1140 3731 meam?
1176 3682 1308 3731 Cum
1331 3696 1388 3733 se

324 3757 413 3810 ille
455 3775 655 3825 cupere
685 3760 921 3821 dixisset,
963 3758 1225 3811 collocari.
1233 3759 1392 3822 jussit

324 3837 584 3888 hminem
615 3837 670 3887 in
706 3852 863 3887 aureo
902 3837 1058 3900 lecto,
1091 3843 1257 3886 strato
1277 3836 1391 3899 pul-

328 3916 585 3966 cherrimo
615 3916 785 3965 textili
822 3914 1068 3978 stragulo,
1102 3912 1391 3975 magnificis

327 3994 571 4059 operibus
589 3993 766 4057 picto:
793 3993 1082 4056 abacosque
1103 3992 1391 4054 complures

329 4071 534 4120 ornavit
606 4075 821 4134 argento
893 4082 1118 4132 auroque
1187 4067 1390 4116 coelato.

328 4146 464 4196 Tum
497 4146 560 4196 ad
601 4156 831 4196 mensam
861 4144 1057 4195 eximia
1078 4142 1246 4194 forma
1267 4158 1391 4207 pue-

332 4226 413 4271 r'os
434 4222 666 4272 dehctos
692 4222 856 4286 jussit
876 4221 1180 4281 consistere,
1202 4232 1393 4284 eosque

1466 2608 1780 2658 Fortunatus
1803 2608 1901 2658 sibi
1923 2606 2203 2656 Damocles
2234 2601 2534 2652 videbatur.

1465 2683 1533 2734 Iu
1573 2683 1673 2734 hoc
1714 2683 1887 2733 medio
1939 2686 2192 2746 apparatu
2248 2678 2533 2741 fulgentem

1466 2759 1695 2823 gladium
1734 2775 1763 2808 e
1794 2759 2028 2809 lacunari
2064 2762 2180 2806 seta
2222 2754 2408 2819 equina
2441 2764 2531 2815 ap-

1466 2849 1682 2901 pensum
1705 2833 1909 2885 demitti
1932 2833 2111 2897 jussit,
2133 2838 2192 2881 ut
2211 2827 2537 2893 impenderet

1467 2912 1605 2961 illius
1646 2911 1785 2962 beati
1824 2907 2133 2959 cervicibuS.
2208 2906 2397 2968 Itaque
2433 2916 2531 2952 nec

1469 2990 1711 3053 pulchros
1732 2989 1849 3038 illos
1884 2986 2326 3036 administratores
2347 2981 2533 3046 aspici-

1468 3068 1608 3130 ebat,
1630 3079 1730 3117 nec
1752 3066 1961 3130 plenum
1984 3062 2112 3113 artis
2128 3065 2414 3125 argentum,
2435 3071 2534 3107 nec

1466 3159 1675 3194 manium
1696 3142 1993 3209 porrigebat
2027 3140 2080 3189 in
2112 3151 2376 3188 mensam:
2419 3135 2532 3199 jam

1467 3221 1599 3286 ipsae
1660 3219 1963 3270 defluebant
2014 3230 2255 3268 coronae:
2312 3211 2534 3277 denique

1466 3297 1706 3348 exoravit
1724 3298 2048 3362 Tyrannum,
2079 3299 2139 3344 ut
2171 3292 2313 3342 abire
2333 3291 2537 3354 liceret,

1468 3373 1608 3438 quod
1623 3374 1737 3437 jam
1760 3374 1939 3423 beatus
1961 3373 2125 3422 nollet
2143 3385 2277 3421 esse.
2325 3368 2534 3419 Satisne

1470 3451 1676 3500 videtur
1728 3450 2022 3500 declarasse
2075 3445 2360 3510 Dionysius
2411 3444 2538 3494 nibil

1468 3541 1584 3577 esse
1618 3527 1669 3577 ei
1709 3527 1941 3590 beatum,
1984 3526 2068 3575 cui
2114 3537 2319 3588 semper
2350 3521 2534 3586 aliquis

1466 3609 1641 3655 terror
1699 3603 1999 3669 impendeat
2021 3601 2058 3651 ?'
2122 3602 2186 3651 Id
2248 3598 2534 3665 respiciens

1468 3681 1722 3732 Horatius
1766 3683 1801 3733 l.
1824 3696 1912 3733 111.
1945 3683 2119 3732 Carm.
2158 3679 2263 3730 od.
2288 3684 2337 3730 1.
2360 3678 2534 3729 canitz

1472 3760 1489 3789 ‘
1514 3760 1797 3826 Distu-ictus
1838 3759 1976 3809 ensis
2030 3758 2116 3808 cui
2168 3770 2325 3820 super
2376 3757 2533 3821 impia

1474 3835 1693 3884 Cervice
1742 3833 1956 3900 pendet,
1994 3847 2097 3884 nou
2138 3832 2327 3883 Siculae
2372 3832 2534 3896 dapes

1473 3911 1699 3961 Dulcem
1738 3909 2082 3961 elaborabunt
2116 3924 2373 3974 saporem,
2411 3910 2534 3960 Non

1472 3988 1646 4037 avium
1699 3986 2020 4052 citharaeque
2061 3994 2245 4037 cantus
2287 3986 2533 4036 Somnum

1472 4064 1761 4115 reducent!
1810 4065 1964 4114 Falsa
1983 4063 2140 4126 igitur
2158 4063 2248 4111 illa
2266 4061 2538 4122 assumtio,

1472 4156 1575 4206 qua
1592 4142 1800 4206 judicas
1838 4150 2088 4191 summum
2123 4139 2314 4188 bonam
2337 4137 2532 4186 versari

1469 4218 1527 4268 in
1566 4232 1744 4280 regno.
1812 4216 1916 4265 Sed
1947 4214 2151 4266 felicior
2174 4227 2275 4264 non
2308 4217 2391 4262 est
2432 4213 2531 4264 Re-

334 4298 398 4348 ad
420 4305 601 4350 nutum
631 4299 768 4349 illius
812 4297 1078 4349 intuentes
1116 4297 1396 4361 diligenter
1474 4310 1597 4361 gum
1619 4292 1959 4346 familiaritas.
