3049 4928
934 385 1057 433 PH!
1073 384 1379 435 Losopffl
1396 385 1452 433 ΑΞ
1505 385 1649 432 [ΑΒ.
1703 385 1779 433 H.

2333 368 2463 433 209

587 530 1151 596 Censor.extincti
1184 530 1403 613 potuit
1430 529 1713 594 decoris,

590 634 727 698 Hic
759 641 981 701 tamen
1000 634 1024 671 ‘¹
1071 639 1345 716 seeptro
1376 634 1669 717 populos
1700 632 1976 714 regebat

588 736 778 813 Quos
807 735 999 801 videt·
1023 736 1317 800 condens
1357 734 1583 799 rad-ios
1612 735 1739 799 sub
1770 734 1986 797 undas

582 838 906 917 Phoebus,
937 847 1237 917 extremo
1270 837 1544 903 veniens
1569 839 1655 902 ab
1687 836 1856 900 Ortu
1885 858 1903 916 ;

2369 838 2450 902 10

581 941 779 1020 Quos
810 948 1113 1026 premunt
1143 948 1399 1027 septem
1428 941 1638 1024 gelidi
1669 941 1958 1020 triones;

583 1043 778 1122 Quos
808 1044 1038 1112 Notus
1068 1047 1259 1110 sicco
1294 1044 1625 1110 violentus
1658 1050 1830 1108 aestu

581 1146 836 1225 Torret,
867 1147 1172 1212 ardentes
1199 1165 1570 1229 recoquens
1600 1166 1857 1210 arenas·

581 1248 786 1315 Celsa
813 1271 970 1315 num
999 1250 1270 1315 tandem
1305 1249 1522 1317 valuit
1551 1253 1859 1331 potestas
1880 1255 1902 1282 ⁰

577 1345 857 1419 Vertere
887 1354 1105 1419 insani
1125 1350 1177 1392 ¹⁶
1221 1353 1473 1418 rabiem
1506 1350 1796 1416 Neronis
1824 1352 1852 1413 ‘l

2417 1358 2447 1377 μ-

2370 1356 2453 1421 lo

271 1537 313 1579 Μ
329 1538 600 1609 mprubuit
616 1555 714 1591 esse
732 1552 896 1591 eemr
912 1539 1175 1602 majestatis
1194 1541 1472 1591 interemtae.
1542 1539 1866 1590 Nihilominus
1888 1538 1967 1588 iaie
1987 1542 2219 1602 tyrannus
2241 1543 2452 1592 modera-

271 1595 386 1645 batur
404 1606 589 1666 imperio
605 1610 794 1668 gentes,
815 1622 930 1670 quas
953 1606 1037 1655 Sol
1059 1607 1215 1655 oriens
1234 1606 1529 1668 occidensque
1550 1606 1721 1666 cernit,
1742 1620 1859 1668 quas
1881 1608 2059 1667 septem
2083 1604 2262 1655 triones
2277 1612 2449 1667 urgent

269 1670 336 1709 *ἴω
354 1661 544 1731 frigore,
579 1677 786 1736 quasque
821 1670 999 1720 Auster
1026 1672 1179 1720 calore
1213 1671 1350 1719 arido
1387 1672 1631 1719 vehemens
1666 1671 1785 1730 urit,
1816 1671 1973 1731 magis
1995 1684 2051 1717 ac
2074 1672 2231 1733 magis
2253 1685 2450 1734 coquens

268 1740 410 1777 «renas
431 1732 686 1791 ferventes.
755 1737 834 1786 An
870 1750 1013 1800 porro
1052 1736 1268 1799 potentia
1296 1734 1510 1785 sublimis
1558 1735 1718 1799 potuit
1757 1740 1941 1785 mutare
1975 1732 2195 1794 furorem
2241 1734 2451 1786 Neronis

1162 1875 1530 1896 OmWOOO

323 1957 376 2006 16
405 1960 528 2011 Mss.
550 1968 609 2013 et
630 1961 714 2013 ed.
739 1959 978 2013 Norimb.
1009 1960 1202 2012 Vertere
1222 1961 1401 2024 pravi„

1229 2090 1442 2145 NOTAE

317 2179 337 2219 ⁸¹
366 2188 462 2239 Hic
503 2196 682 2255 tamea,
718 2192 828 2256 ξω]
894 2173 1305 2262 Scelestissimum

267 2266 413 2314 tamen
429 2266 516 2317 ille
544 2268 708 2331 Nero,
734 2276 923 2333 utpote
952 2265 1323 2320 Romanorum

264 2337 547 2408 Imperator,
569 2346 789 2408 populos
803 2347 869 2396 ab
891 2346 1030 2396 Ortu
1053 2345 1118 2395 ad
1139 2346 1307 2396 Occa-

265 2429 374 2480 sum,
401 2426 459 2470 et
485 2435 517 2469 a
544 2420 932 2486 septemtrione
967 2422 1033 2473 ad
1059 2421 1327 2481 ¹Austrum¹

262 2494 468 2556 regebat.
538 2498 799 2548 Nimirum
817 2500 1107 2550 Romanum
1132 2500 1304 2567 ‚impe-

261 2563 369 2619 rium
389 2571 544 2637 longe
568 2574 782 2639 la‘t'eque
802 2568 1040 2625 diffusum
1075 2576 1139 2625 ad
1182 2591 1303 2640 qua-

264 2648 360 2694 tuor
371 2650 668 2714 praeeipuas
677 2652 867 2702 Mundi
882 2659 1083 2716 partes,
1094 2652 1304 2713 Ortum,

263 2719 524 2786 Oceanum,
557 2727 1022 2791 Septemtrionem,
1051 2735 1108 2779 et
1145 2728 1306 2779 Meri·

258 2795 372 2848 diem
416 2808 764 2864 pervenerat:
822 2803 961 2854 unde
1000 2803 1148 2868 Virg.
1185 2803 1303 2854 AEn.

248 2880 318 2923 Ἢ.
344 2891 420 2926 vs.
450 2879 616 2926 ⁷82.ss
636 2878 737 2942 En,
774 2879 942 2944 hujus,
965 2886 1109 2942 nate,
1133 2880 1305 2945 auspi·

257 2949 327 2999 ciis
345 2951 439 3002 illa
470 2953 672 3018 inclyta
693 2954 857 3005 Roma
876 2957 1164 3020 Imperium
1198 2964 1303 3007 ter-

255 3026 328 3091 ris,
357 3029 558 3079 animos
581 3031 809 3097 aequabit
833 3033 1060 3099 Olympo
1081 3069 1094 3084 .
1120 3069 1136 3085 .
1160 3066 1174 3082 .
1196 3035 1302 3084 Hic

251 3101 325 3165 vir,
342 3105 431 3154 hie
454 3114 554 3168 est,
577 3107 675 3157 tibi
689 3122 841 3173 quem
859 3110 1092 3173 promitti
1111 3110 1301 3174 saepins

250 3180 394 3246 nudis,
437 3182 700 3247 Augustus
745 3186 941 3250 Caesar,
977 3187 1174 3237 Divum
1198 3194 1303 3252 'ge-

249 3269 326 3306 nus
349 3277 362 3305 z
389 3274 552 3310 aurea
574 3262 765 3312 condet
788 3263 990 3313 Saeeula
1011 3265 1097 3328 qui
1124 3279 1301 3313 rursus

249 3333 404 3400 Latio,
459 3344 680 3401 regnata
704 3350 707 3353 ·
733 3354 827 3404 per
886 3355 1010 3390 arva
1074 3340 1302 3390 Saturno
1360 3382 1365 3387 .

247 3411 532 3473 quondam:
568 3428 723 3478 super
768 3422 825 3465 et
868 3416 1214 3468 Garamantas
1247 3422 1304 3465 et

250 3485 398 3538 Indos
426 3488 671 3540 Proferet
683 3490 996 3554 imperium:
1026 3492 1177 3556 ja‘eet
1212 3507 1302 3541 ex·

244 3568 312 3614 tra
334 3565 509 3615 sidera
527 3566 704 3629 tellus,
728 3569 896 3617 Extra
929 3568 1050 3616 anni
1066 3568 1302 3632 Solisque

243 3640 357 3705 vias,
375 3642 466 3692 ubi
488 3643 695 3694 eoelifer
720 3643 871 3693 Atlas
897 3642 1064 3693 Axem
1087 3645 1301 3694 humero

244 3721 447 3781 torquet
499 3721 667 3770 stellis
722 3719 1028 3770 ardentibus
1082 3718 1302 3784 aptum!

245 3790 337 3842 11ae
360 3800 537 3845 autem
558 3803 782 3861 quatuor
801 3796 991 3846 Mundi
1013 3803 1187 3860 partes
1219 3797 1302 3846 hie

243 3868 434 3933 optime
467 3876 719 3920 notantur
729 3888 753 3920 1:
789 3870 955 3922 Ortus
993 3872 1206 3936 quidem
1245 3879 1304 3923 et

244 3944 488 4007 Occasus,
519 3950 535 3975 ‘
556 3947 763 3997 Phoebo
779 3948 868 4012 qui
885 3949 1100 3998 veniens
1120 3949 1187 3998 ab
1209 3963 1299 3999 ex-

243 4026 398 4072 tremo
419 4023 576 4085 Orto,
591 4023 771 4074 condit
784 4025 956 4074 radios
970 4025 1070 4074 sub
1086 4026 1250 4075 undas
1271 4027 1303 4077 ι’

240 4097 319 4163 Sic
340 4100 492 4163 Virg.
508 4114 548 4149 1.
568 4100 770 4165 Georg.
793 4116 869 4151 vs.
890 4105 1009 4150 438.
1043 4101 1299 4167 ‘Solque-

242 4186 334 4235 qne
366 4182 423 4225 et
445 4176 706 4240 exoriens,
727 4183 784 4227 et
805 4191 922 4227 eum
945 4191 1001 4227 se
1023 4178 1215 4229 condet
1245 4178 1299 4228 in

243 4249 416 4309 undas,
436 4251 595 4315 Signa
610 4251 761 4303 dabit
779 4270 795 4302 τ
815 4254 992 4305 Solem
1013 4254 1300 4307 certissima

367 4329 539 4394 Delph.
561 4336 609 4381 et
629 4332 747 4381 γαν.
765 4333 892 4386 ctas.

1386 2191 1533 2256 signa
1570 2195 1887 2257 sequentur?
1968 2195 2287 2260 septemtrio
2329 2204 2452 2246 vero

1378 2273 1443 2316 ‘et
1487 2267 1760 2333 Meridies,
1816 2270 2058 2335 ‘Septem
2110 2271 2363 2321 trionibus
2396 2279 2452 2323 et

1386 2342 1527 2391 Noto
1543 2349 1783 2394 torrente
1808 2360 1992 2395 arenas
2010 2346 2043 2395 ι’
2065 2361 2181 2395 nam
2203 2347 2219 2374 ‘
2237 2347 2451 2411 Septem

1385 2418 1585 2469 triones
1601 2417 1616 2440 ’
1671 2410 1799 2471 ‘eunt
1842 2419 2173 2479 eonbteilatio
2204 2422 2451 2488 borealis,

1387 2513 1500 2562 quae
1519 2500 1672 2563 vulgo
1691 2502 1707 2528 ‘
1726 2501 1893 2564 major
1911 2501 2053 2551 ursa'
2077 2502 2291 2558 dicitur,
2312 2517 2451 2567 qum·

1383 2591 1484 2640 que
1507 2591 1574 2624 ex
1598 2584 1798 2641 septem
1825 2578 2105 2641 praecipuis
2131 2571 2295 2628 stellis
2328 2594 2448 2627 con-

1382 2658 1544 2716 stans,
1568 2649 1768 2702 referre
1791 2652 2000 2703 videtur
2021 2654 2330 2716 plaustrum,
2356 2653 2447 2702 bo-

1384 2743 1474 2779 ves
1515 2730 1800 2791 trahentes,
1842 2736 1899 2779 et
1937 2729 2216 2779 bubulcum
2254 2729 2450 2779 ducen-

1386 2811 1522 2855 tem:
1570 2805 1728 2855 boves
1764 2804 1961 2870 quippe
2008 2805 2071 2854 ab
2115 2803 2285 2855 officio
2327 2804 2450 2854 olim

1382 2879 1693 2930 dicebantur
1729 2880 1976 2944 teriones,
2010 2881 2135 2946 quia
2177 2881 2339 2947 solum
2373 2887 2449 2930 te-

1383 2963 1522 3020 runt,
1539 2962 1628 3006 aut
1645 2956 1920 3021 terriones,
1935 2956 2057 3021 quia
2073 2962 2265 3025 terram
2278 2962 2449 3018 arant,

1383 3039 1475 3096 aut
1491 3033 1735 3096 strioneS,
1752 3033 1871 3097 quia
1889 3033 2068 3082 striam
2085 3031 2301 3082 faciunt.
2339 3033 2448 3081 No-

1383 3115 1465 3159 tus
1489 3117 1666 3160 autem
1689 3117 1872 3160 ventus
1894 3115 1976 3160 est
2005 3125 2035 3159 a
2057 3109 2284 3158 Meridie
2302 3107 2451 3172 flans,

1382 3186 1470 3250 qui
1494 3186 1613 3236 ideo
1637 3201 1754 3236 cnm
1776 3201 1964 3251 magno
1987 3187 2162 3236 calore
2204 3185 2448 3249 conjunc-

1358 3294 1369 3301 .
1386 3267 1474 3310 tus
1500 3262 1713 3312 dicitur.

1445 3344 1469 3370 θ
1503 3339 1645 3388 Celsa
1675 3353 1788 3388 num
1813 3341 2005 3390 tandem
2025 3339 2178 3389 valuit
2211 3341 2444 3405 potestas]

1383 3412 1501 3462 Hoc
1519 3414 1806 3475 praesertim
1827 3415 2051 3464 Neronis
2070 3417 2313 3480 exemplo
2332 3431 2446 3479 pro-

1380 3487 1537 3538 batur
1560 3496 1789 3552 potestas
1807 3490 2086 3541 habentem
2109 3507 2211 3541 non
2235 3492 2446 3544 efficere

1381 3565 1668 3627 meliorem,
1697 3566 1837 3631 quod
1861 3581 2093 3630 praesens
2118 3575 2198 3618 est
2214 3569 2449 3619 Philoso-

1380 3640 1518 3706 p’biae
1538 3641 1835 3691 institutum
1857 3658 1869 3688 x
1907 3643 1953 3691 si
1975 3658 2076 3707 qua
2100 3644 2235 3693 enim
2259 3660 2445 3708 magna

1380 3733 1604 3786 unquam
1647 3719 1810 3771 fuerit
1847 3721 1987 3770 inter
2008 3720 2240 3769 homines
2273 3726 2447 3783 potes·

1379 3805 1484 3861 tas,
1505 3812 1725 3863 quaeque
1757 3797 1888 3846 adeo
1911 3797 2142 3860 potuerit
2175 3802 2441 3859 potentem

1380 3872 1601 3923 reddere
1637 3871 1924 3934 meliorem,
1944 3871 2056 3919 baee
2091 3868 2194 3920 fuit
2213 3877 2442 3934 potestas

1380 3951 1628 4012 Neronis„
1649 3952 1842 4015 quippe
1861 3950 1950 4014 qui
1964 3951 2265 4000 universum
2278 3958 2442 4000 terra-

1379 4042 1493 4076 rum
1511 4027 1691 4076 orbem
1712 4027 1934 4090 imperio
1950 4041 2041 4076 suo
2057 4026 2274 4089 regebat
2291 4043 2305 4086 ;
2329 4026 2441 4074 haee

1379 4110 1554 4152 tamen
1580 4109 1834 4166 potestas,
1872 4108 2065 4166 quanta
2097 4108 2288 4165 quanta
2319 4099 2442 4160 fuit,

1376 4180 1392 4206 ‘
1413 4179 1579 4227 insani
1621 4179 1843 4228 Neronis
1888 4177 2083 4226 rabiem
2128 4190 2229 4224 non
2264 4176 2438 4237 potuit

1378 4253 1625 4305 vertere?
1713 4253 1905 4303 Rabies
1960 4252 2168 4326 proprie
2228 4250 2448 4304 morbus.

1251 4334 1426 4385 Bo‘efth.
1681 4403 1688 4410 ι
2257 4332 2304 4380 Ο
