3049 4928
570 402 701 469 416
1195 414 1647 467 rflnononus
1696 414 2170 474 runnu-mus

572 565 740 626 bicus
768 561 1178 625 Areliilocbius
1208 561 1453 624 dimeter
1494 560 1917 623 catalecticus:
1960 562 2138 642 eujus
2166 564 2333 624 xlv.
2364 562 2529 624 metri
2553 580 2741 642 genere

572 645 957 706 meminimus.
1045 645 1179 703 Hoc
1209 643 1481 704 Carmine
1510 643 1688 702 semel
1718 644 1921 703 utitur.

1025 786 1114 823 m.
1148 778 1195 823 8.
1231 773 1394 836 Eheu,
1419 787 1572 837 qnam
1595 773 1810 822 miseros
1834 773 2040 825 tramite
2064 774 2211 824 devio

1282 837 1516 887 Abducit
1538 838 1863 903 ignorantia!

1216 930 1292 938 ·“““·
1355 927 1502 955 -W‘
1566 927 1717 955 ‘w-
1779 928 1859 955 U*

1278 994 1357 1004 -·-
1418 993 1495 1020 υ-
1557 996 1635 1005 --
1696 992 1782 1021 w

647 1096 827 1194 XXI.
874 1099 1250 1159 Monocolon.
1335 1101 1553 1160 Versus
1595 1109 1682 1160 est
1726 1098 1999 1159 heroicus
2029 1100 2397 1159 hexameter:
2443 1118 2559 1179 quo
2586 1097 2754 1158 semel

573 1191 778 1242 utitur.

957 1289 1041 1325 nr.
1077 1281 1125 1326 9.
1163 1276 1211 1327 0
1236 1277 1322 1342 qui
1345 1282 1600 1341 perpetua
1622 1273 1868 1325 mnndum
1890 1274 2089 1326 ratione
2112 1275 2383 1340 gubernas.

1150 1369 1228 1377 --
1290 1366 1410 1394 -υυ
1473 1369 1556 1377 --
1618 1365 1738 1393 -υυ
1798 1364 1918 1392 -w
1980 1367 2058 1377 --

655 1471 852 1534 XXII.
897 1472 1147 1531 Dicolon
1178 1473 1549 1552 distrophon.
1629 1474 1857 1533 Primus
1888 1472 2139 1550 quisque
2169 1491 2367 1531 versus
2391 1481 2484 1532 est
2519 1470 2756 1551 dactyli·

571 1575 681 1614 cus
709 1555 1050 1614 Alcmanius
1091 1564 1430 1615 tetrameter
1468 1554 1930 1623 acatalecticus;
1976 1554 2147 1631 cujus
2180 1554 2289 1613 111.
2344 1554 2511 1614 metri
2560 1572 2757 1630 genere

575 1637 928 1694 mentionem
960 1634 1220 1694 fecimus.
1307 1634 1616 1695 Secundus
1641 1644 1729 1695 est
1758 1635 2049 1695 iambicus
2079 1634 2492 1695 Archilochius
2522 1633 2756 1693 dimeter

571 1718 972 1775 acatalectus:
1016 1718 1091 1775 de
1136 1735 1254 1793 quo
1302 1736 1481 1793 supra
1508 1716 1673 1775 XIV.
1724 1715 2013 1776 Carminis
2042 1735 2249 1794 genere
2276 1714 2552 1777 diximus.
2637 1716 2758 1774 Hoc

572 1807 764 1856 metro
795 1797 970 1856 semel
998 1797 1196 1855 utitur.

1028 1939 1110 1973 xv,
1150 1931 1193 1974 l.
1227 1925 1360 1974 Sunt
1380 1926 1574 1975 etenim
1595 1939 1783 1990 pennae
1804 1927 2046 1976 volueres
2061 1925 2204 1989 mihi,

1282 1991 1415 2043 Quae
1432 1992 1580 2041 celsa
1599 1991 1955 2043 conscendant
1973 1992 2100 2056 poli.

1220 2078 1337 2107 *w
1399 2083 1480 2092 -“·
1543 2079 1660 2108 ‘W
1722 2079 1841 2108 *w

1280 2147 1359 2156 -·-
1416 2145 1498 2174 υ-
1561 2148 1640 2158 --
1700 2146 1778 2173 υ-

660 2246 893 2308 xxm.
940 2248 1194 2309 Dicolon
1243 2249 1613 2331 distrophon.
1700 2250 1929 2311 Primus
1975 2251 2228 2329 quisque
2275 2269 2476 2310 versus
2515 2257 2610 2309 est
2656 2258 2766 2309 tro·

577 2330 821 2390 chaicus
851 2329 1186 2390 Alcmanius
1215 2331 1465 2393 dimeter
1493 2332 1876 2392 acatalectus.
1962 2332 2204 2411 Recipit
2253 2332 2405 2390 locis
2451 2330 2766 2410 imparibus

579 2412 929 2483 trochaeum,
963 2411 1324 2492 tribrachyn,
1357 2432 1779 2492 nonnunquam
1810 2412 2149 2493 dactylum:
2194 2412 2438 2494 paribus
2478 2431 2616 2471 vero
2639 2429 2763 2473 cum

575 2493 969 2573 supradictos,
1003 2502 1124 2552 tum
1158 2494 1331 2554 etiam
1356 2494 1701 2572 spondaeum
1731 2504 1791 2554 et
1819 2508 2205 2572 anapaestum.
2288 2494 2602 2554 Secundus
2627 2493 2765 2552 Phe·

492 2640 497 2643 ,
577 2574 894 2712 recratiuslz
936 2574 1105 2667 cujus
1134 2584 1272 2634 ante
1303 2575 1409 2635 IX.
1462 2574 1750 2635 Carminis
1777 2595 1989 2653 genere
2018 2575 2395 2639 meminimus.
2472 2575 2607 2634 Hoc
2654 2592 2763 2632 me-

577 2664 668 2713 tro
699 2675 855 2714 seme
908 2664 1107 2714 utitur.

1028 2797 1110 2833 tv·
1146 2787 1196 2833 2.
1232 2785 1377 2836 Quos
1400 2782 1544 2832 vides
1569 2782 1754 2833 sedere
1779 2783 1920 2833 celso

1280 2847 1407 2897 Solii
1429 2849 1655 2898 culmine
1681 2850 1870 2913 Reges.

1221 2936 1297 2964 -ν
1360 2936 1436 2964 -υ
1498 2935 1574 2964 -υ
1636 2939 1716 2950 --

1284 3000 1402 3028 υυ-
1465 3000 1582 3029 -υυ
1645 3003 1726 3013 -·-

659 3104 886 3169 XXIV.
930 3108 1182 3168 Dicolon
1209 3107 1575 3187 distrophon.
1657 3106 1889 3167 Primus
1915 3106 2171 3186 quisque
2198 3124 2407 3166 versus
2447 3115 2544 3166 est
2570 3104 2764 3185 dacty-

577 3190 730 3250 licus
761 3191 1085 3250 Pbaloecius
1114 3199 1476 3269 pentameter
1512 3187 2084 3267 >hendecasyllabum
2124 3186 2198 3245 de
2228 3207 2348 3265 quo
2377 3206 2555 3266 supra
2583 3186 2762 3247 xvu.

579 3273 749 3364 metri
779 3292 988 3350 genere
1017 3270 1293 3330 diximus.
1380 3268 1690 3330 Secundus
1718 3278 1808 3329 est
1835 3267 2150 3346 elegiacus.
2223 3269 2358 3329 Hoc
2388 3279 2579 3329 metro
2606 3264 2767 3327 semel

578 3362 780 3411 utitur.

1035 3462 1112 3497 ιν.
1145 3452 1194 3498 4.
1232 3446 1371 3500 Quid
1394 3453 1567 3497 tantos
1583 3448 1740 3512 juvat
1761 3444 1991 3495 excitare
2011 3452 2203 3503 motus,

1289 3513 1362 3561 Et
1381 3514 1593 3576 propria
1613 3512 1777 3562 fatum
1799 3512 2061 3561 solicitare
2079 3509 2263 3558 manu?

1224 3600 1307 3612 ““”“
1373 3602 1488 3628 ’w
1552 3602 1628 3630 “V
1687 3600 1766 3629 ὐ
1828 3604 1909 3615 ’““““

1289 3663 1409 3692 -w
1470 3668 1550 3678 --
1614 3670 1647 3679 -
1710 3665 1829 3693 -υυ
1888 3663 2007 3691 -uu
2069 3665 2103 3674 -

664 3770 861 3831 XXV.
903 3770 1156 3830 Dicolon
1207 3769 1579 3850 distrophon.
1662 3773 1890 3832 Primus
1937 3787 2134 3829 versus
2181 3765 2384 3827 mistus
2432 3764 2666 3827 videtur
2704 3783 2766 3823 ex

584 3851 884 3930 Sapphico
930 3862 990 3911 et
1018 3852 1349 3925 Alcmauio,
1403 3863 1684 3913 constans
1714 3851 1997 3921 trochaeo,
2047 3847 2351 3927 spondaeo,
2401 3847 2495 3908 vel
2544 3846 2766 3924 dactylo

584 3952 720 3992 cum
751 3933 997 4011 syllaba,
1025 3932 1292 4010 dactylo,
1321 3945 1383 3994 et
1410 3933 1719 4014 spondaeo,
1750 3935 1838 3992 vel
1869 3932 2148 3992 trochaeo.
2203 3928 2515 3989 Secundus
2558 3937 2649 3985 est
2680 3925 2765 3984 Al·

586 4013 786 4073 caicus
815 4023 1146 4074 tetrameter
1191 4014 1496 4084 iambicus,
1554 4026 1827 4074 constans
1877 4033 1947 4072 ex
2003 4008 2464 4090 penthemimere
2508 4006 2763 4074 iambica,

585 4094 843 4173 dacty10,
871 4105 931 4155 et
959 4094 1267 4176 spondaeo.
1353 4095 1510 4163 Quid
1558 4095 1602 4153 si
1633 4095 1789 4154 hunc
1818 4092 2129 4152 dixerimus
2153 4088 2548 4167 compositum
2579 4107 2650 4144 ex
2676 4085 2764 4145 Al-

584 4176 755 4235 caico
783 4176 1116 4249 dimidiato,
1170 4187 1227 4234 et
1268 4173 1580 4235 dimidiato
1620 4173 1978 4236 Alcmanio'i
2064 4173 2201 4232 Hoc
2251 4168 2526 4229 carminis
2575 4184 2763 4243 genere

586 4257 767 4317 semel
794 4257 1000 4318 utitur.
