3049 4928
954 418 1476 475 PHILOSOPHIAE
1528 420 1674 471 mn.
1719 419 1833 469 m.

725 571 1054 652 Quamvis
1083 570 1286 636 Poeni
1315 568 1604 654 pulchra
1629 568 1861 633 leones
1880 574 1910 602 ¹¹

725 673 1016 739 Vincula
1045 678 1329 757 gestent,
1355 672 1799 755 manibusque
1829 668 2028 733 datas

723 778 1011 861 Captent
1036 794 1256 853 escae,
1278 771 1697 858 metuantque
1721 780 1978 837 trucem

723 879 921 945 Soliti
948 881 1234 944 verbera
1259 878 1426 943 ferre
1455 877 1846 960 magistrum
1867 895 1887 955 3

2394 870 2480 934 10

717 982 791 1048 Si
820 1001 1015 1047 cruor
1039 981 1313 1047 horrida
1342 980 1608 1045 tinxerit
1633 997 1772 1057 ora,

717 1082 1009 1148 Resides
1039 1085 1199 1149 olim
1230 1082 1510 1148 redeunt
1542 1082 1799 1159 animi,⁰

713 1185 1141 1271 Fremituque
1170 1185 1354 1269 gravi
1383 1183 1737 1249 meminere
1765 1182 1911 1264 sui3

713 1286 987 1354 Laxant
1012 1288 1209 1354 nodis
1237 1286 1419 1352 oolla
1447 1286 1712 1365 solutis,

716 1391 1119 1478 Primusque
1147 1393 1329 1458 lacer
1359 1391 1564 1456 dente
1592 1395 1866 1455 cruento

2399 1389 2487 1455 15

716 1494 1031 1560 Domitor
1060 1495 1337 1562 rabidas
1363 1493 1609 1559 imbuit
1636 1494 1797 1558 iras.

290 1679 371 1738 φίο
389 1678 544 1753 omnia
564 1684 838 1731 connectens
865 1679 1048 1730 vincalo
1085 1680 1421 1731 indissolubili.
1479 1678 1619 1729 Licet
1657 1680 1810 1731 leones
1842 1677 2067 1740 Africani
2097 1678 2270 1738 gerant
2298 1678 2486 1723 catenas

288 1742 563 1818 ⁸Qd²d⁶82
579 1748 629 1792 et
642 1746 832 1809 capiant
849 1746 975 1795 cibos
993 1752 1232 1809 porrectos
1249 1747 1466 1797 manibus
1479 1745 1677 1808 domini,
1689 1752 1737 1796 et
1752 1747 1949 1796 timeant
1966 1746 2117 1808 ipsum
2133 1742 2372 1789 dominnm
2386 1746 2485 1789 ter-

288 1805 484 1882 ”b‘lfmae
501 1809 636 1858 00ῑίΐὶ
655 1811 715 1859 αὑ
735 1813 893 1862 eodem
913 1813 1133 1874 vapulare
1149 1827 1166 1861 .·
1187 1812 1231 1862 si
1254 1818 1410 1863 tomen
1431 1812 1647 1873 sanguis,
1666 1811 1931 1862 verberibus
1945 1807 2380 1873 prcesertimfusns‚
2392 1806 2482 1855 im·

289 1867 432 1946 ⁶⁸3¹·st
441 1874 600 1923 vultu
616 1891 773 1925 eoram
788 1877 1060 1939 timendos,
1072 1876 1270 1941 spiritus
1282 1877 1573 1942 ,iampridem
1589 1878 1729 1927 otiosi
1747 1881 2014 1938 recurrunt,
2029 1878 2076 1925 et
2092 1875 2245 1923 leones
2262 1884 2486 1920 memores

289 1948 372 2011 πῃ,
392 1953 632 1989 murmure
665 1941 868 2003 ingenti,
899 1941 1100 1992 liberant
1136 1958 1221 1991 sua
1257 1943 1394 2005 oolla,
1433 1942 1633 1991 vinculis
1669 1942 1843 2006 ruptis,
1865 1942 2032 2004 etipse
2052 1939 2281 1998 dominus,
2298 1936 2484 1998 prinzus

288 2001 538 2067 decerptus
578 2021 659 2055 ore
690 2007 886 2065 crudeli,
921 2007 1069 2057 satiat
1091 2005 1286 2068 furores
1299 2023 1447 2058 soeoos
1466 2010 1745 2058 eorumdem.
1813 2007 1875 2057 Si
1908 2005 2126 2070 volucris,
2162 2018 2267 2067 ‹1¹⁴oe
2307 2003 2481 2064 loquax

1268 2119 1491 2173 No'rAE

289 2212 448 2278 dignae
469 2223 777 2281 propterea,
798 2233 914 2284 quae
947 2223 1190 2284 tanquam
1213 2234 1336 2284 pro-

287 2292 391 2353 pria
407 2294 777 2360 philosophiam
796 2294 1152 2346 meditationis
1171 2304 1335 2347 mate·

286 2365 399 2432 ries,
412 2369 475 2419 ab
498 2371 615 2435 ipsa
637 2372 980 2436 Philosophia
1000 2372 1334 2423 consideren-

286 2448 383 2506 tur,
411 2446 622 2511 suisque
665 2446 987 2498 auditoribus
1020 2462 1109 2497 sen
1149 2449 1336 2500 stricta

285 2534 366 2571 seu
386 2523 541 2573 etiam
577 2524 748 2574 solnta
781 2525 1019 2575 oratione
1042 2541 1333 2590 proponan-

283 2602 393 2648 tur:
443 2599 695 2664 ‘arguto'
737 2608 911 2651 autem
963 2602 1063 2652 hoe
1111 2603 1128 2630 ‘
1161 2600 1335 2651 cantu’

281 2670 608 2740 Philosophia
629 2675 696 2726 ad
732 2677 1078 2742 probandum,
1099 2677 1153 2726 id
1190 2677 1330 2741 quod

281 2747 370 2798 sibi
385 2753 679 2817 proposuit,
695 2760 918 2817 quatuor
939 2751 1151 2803 adhibet
1180 2767 1331 2816 argu·

281 2833 559 2877 mentorum
596 2843 822 2892 genera:
859 2830 1081 2895 primum
1107 2845 1138 2879 a
1168 2829 1328 2879 leoni-

280 2899 383 2965 bus,
415 2903 699 2955 secundum
748 2921 779 2954 a
827 2906 1146 2970 volucribus,
1180 2907 1327 2956 terti·

279 2993 355 3029 um
389 2996 419 3030 a
452 2982 666 3047 plantis,
694 2990 936 3048 quartum
961 2983 1029 3034 ab
1059 2984 1176 3048 ipso
1204 2984 1325 3035 Sole

279 3055 578 3111 desumitur.

332 3142 356 3168 ⁸
386 3139 524 3187 Poeni
542 3137 746 3202 pulchra
781 3137 959 3201 leones]
1003 3151 1044 3190 1.
1082 3139 1323 3191 Philoso-

274 3210 385 3273 phia
418 3215 723 3277 probatura,
753 3223 1065 3279 perpetuum
1098 3230 1215 3266 esse
1237 3231 1325 3267 cu-

267 3286 472 3350 juslibet
505 3291 588 3342 rei
618 3291 683 3340 ad
720 3305 867 3340 suum
902 3291 1212 3357 principium
1244 3307 1325 3342 re-

271 3366 478 3417 meantis
527 3367 828 3431 circuitum,
860 3375 1255 3432 argumentatur
1297 3384 1329 3418 a

272 3440 515 3504 leonibus,
576 3459 702 3511 quos
736 3451 894 3495 vocat
946 3445 1138 3495 Poenos
1216 3445 1327 3497 sive

272 3515 558 3585 Africanos,
613 3522 751 3586 quod
789 3528 848 3571 ut
893 3521 1095 3586 populi,
1112 3521 1189 3571 sic
1222 3522 1329 3571 leo·

273 3608 357 3644 nes
393 3595 588 3648 Africae
627 3595 913 3647 ferociores
957 3611 1071 3647 esse
1105 3598 1327 3649 soleant.

271 3671 407 3740 virg.
449 3689 490 3726 1.
535 3675 740 3727 AEneid.
777 3691 852 3726 vs.
895 3679 1010 3726 306.
1082 3677 1185 3724 ‘Et
1211 3677 1323 3740 jam

265 3748 401 3811 jussa
440 3751 589 3816 facit,
619 3760 922 3818 ponuntque
950 3752 1147 3839 ferocia
1168 3753 1322 3803 Poeni

274 3826 451 3891 Corda,
468 3830 679 3880 volente
703 3828 864 3879 Deo.'
899 3830 1101 3880 Seneca
1121 3829 1173 3878 in
1188 3829 1322 3893 Hip-

272 3903 369 3966 poi.
388 3919 462 3956 vs.
498 3910 619 3958 347.
685 3907 701 3935 ‘
728 3907 879 3956 Poeni
911 3907 1152 3971 quatiunt
1185 3906 1322 3957 colla

274 3978 456 4045 leones,
473 3984 606 4034 Cum
629 3984 793 4033 movit
806 3999 949 4033 amor
971 4002 987 4046 ς
1037 3990 1150 4034 tum
1174 3984 1322 4048 sylva

274 4059 423 4118 gemit
436 4061 707 4110 Murmure
725 4060 898 4110 saevo?
965 4061 1128 4113 Quasi
1142 4060 1284 4110 dicat
1306 4079 1321 4113 z

276 4130 708 4187 Quemadmodum
728 4137 905 4209 leones
921 4136 1321 4201 feroces,vincu-

278 4205 357 4281 lis,
374 4212 519 4274 escis,
541 4219 599 4263 et
620 4212 922 4263 verberibus
955 4212 1319 4279 mansuefacti,

280 4287 445 4338 statim
459 4295 616 4354 atque
627 4289 928 4354 sanguinem
949 4291 1179 4356 missum,
1199 4305 1319 4342 ocu·

1417 2218 1501 2282 lis,
1533 2220 1823 2285 praesertim
1857 2216 2084 2274 naribus,
2109 2219 2481 2281 perceperunt,

1416 2295 1580 2344 veluti
1626 2294 1953 2345 immemores
1996 2308 2105 2343 suae
2140 2288 2479 2355 captivitatis,

1417 2371 1604 2436 prioris
1649 2385 1773 2420 vero
1812 2385 1919 2420 suae
1961 2369 2147 2420 indolis
2204 2380 2480 2427 memores,

1413 2446 1660 2512 fremunt,
1688 2447 1891 2498 vincula
1912 2452 2182 2510 rumpunt,
2217 2452 2273 2495 et
2308 2443 2477 2508 ipsum

1415 2526 1721 2577 domitorem
1757 2525 2024 2575 lacerant:
2071 2525 2145 2573 sic
2178 2523 2331 2573 homo
2368 2536 2476 2575 suae

1413 2603 1631 2666 originis
1659 2615 1860 2651 memor
1893 2602 1960 2651 ad
1994 2615 2141 2650 suum
2163 2599 2477 2663 principium

1414 2687 1634 2729 conatur
1668 2676 1903 2743 regredi:
1954 2678 2027 2728 sic
2051 2677 2311 2726 Martialis
2348 2676 2480 2739 Epi·

1411 2769 1575 2819 gram.
1592 2759 1676 2804 75.
1698 2754 1790 2802 lib.
1813 2767 1877 2802 ιι.
1900 2754 1994 2816 ait,
2019 2753 2223 2801 leonem
2248 2751 2474 2802 cicun-em

1409 2833 1657 2895 sanguine
1680 2830 1912 2883 ferarum
1943 2829 2387 2895 gladiatorumque
2419 2828 2475 2877 in

1409 2923 1569 2958 arena
1592 2907 1958 2971 amphitheatri
1979 2905 2145 2957 effuso
2163 2910 2474 2955 commotum

1409 2999 1596 3050 pueros
1632 2983 1883 3035 invasisse
1923 2991 1978 3034 et
2012 2981 2381 3037 miserabiliter
2418 2982 2469 3030 in

1407 3069 1694 3127 conspectu
1707 3062 1930 3110 omnium
1950 3060 2279 3111 laceravisse:
2315 3062 2329 3087 ‘
2341 3060 2473 3108 Ver·

1405 3137 1533 3198 hera
1554 3138 1721 3190 securi
1744 3138 1928 3189 solitus
1943 3139 2027 3189 leo
2047 3132 2190 3190 ferre.
2213 3134 2468 3199 magistri,

1406 3218 1770 3282 Insertamque
1795 3217 1909 3282 pati
1931 3214 2153 3266 blandus
2175 3214 2226 3262 in
2252 3228 2344 3262 ora
2360 3226 2469 3262 ma-

1406 3294 1826 3358 num‚Dedidicit
1842 3308 2044 3357 pacem,
2066 3290 2236 3340 subito
2255 3287 2471 3339 feritate

1407 3386 1634 3434 reversa,
1655 3371 1867 3423 Quanta
1889 3385 1987 3419 nec
2009 3368 2063 3418 in
2085 3366 2294 3430 Libycis
2313 3365 2473 3414 debu-

1407 3449 1453 3498 it
1479 3463 1593 3498 esse
1623 3447 1807 3512 jugis:
1858 3447 1995 3497 Nam
2031 3444 2133 3493 duo
2176 3442 2245 3492 de
2290 3447 2473 3491 tenera

1408 3525 1632 3590 puerilia
1671 3538 1896 3588 corpora
1934 3521 2091 3572 turba
2128 3518 2468 3582 Sanguineam

1406 3604 1588 3652 rastris
1631 3616 1745 3666 quae
1780 3599 2069 3649 renovabat
2099 3598 2331 3657 humum,
2366 3596 2472 3643 Sae-

1407 3695 1500 3728 vus
1526 3686 1581 3729 et
1602 3678 1786 3728 infelix
1809 3676 1984 3726 furiali
2018 3674 2178 3724 dente
2212 3670 2469 3735 peremit:

1403 3757 1602 3806 Martia
1644 3769 1746 3805 non
1796 3753 1931 3804 vidit
1966 3751 2131 3816 majus
2175 3763 2336 3799 arena
2375 3761 2469 3798 ne·

1403 3830 1519 3881 fas.'

1465 3913 1490 3940 ⁰
1523 3906 1726 3956 Resides
1766 3906 1880 3955 olim
1920 3905 2117 3954 redeunt
2160 3899 2332 3964 animi]
2364 3899 2466 3950 Illa

1407 3983 1612 4033 scilieet
1651 3981 1979 4045 corpuscula,
2017 3994 2133 4044 qnae
2179 3983 2300 4027 sunt
2340 3989 2465 4040 pars

1405 4060 1668 4125 sanguinis
1685 4058 1941 4120 subtilior,
1959 4069 2179 4122 quaeque
2193 4053 2465 4105 cerebrum

1403 4138 1636 4202 ingressa
1680 4149 1869 4185 nervos
1899 4134 2026 4185 hinc
2060 4137 2268 4182 exortos
2308 4128 2463 4179 sube-

1398 4220 1514 4276 unt,
1535 4221 1593 4263 ut
1637 4219 1824 4262 ventus
1859 4223 2056 4273 organa
2087 4207 2281 4256 musica
2301 4203 2462 4254 a-hoee

1399 4291 1596 4356 quippe
1627 4287 1941 4353 corpuscula
1965 4290 2183 4355 propter
2202 4280 2460 4348 quandam
