3049 4928
1243 422 1656 472 lantramno.
2463 409 2549 479 13

343 583 565 633 xvul.
599 585 751 630 cum
775 566 1057 630 aliorum
1089 565 1683 649 Philosophorum,
1732 578 1866 632 turn
1899 566 2289 635 Aristotelis
2334 571 2547 655 inpri-⁴

338 672 464 733 mis
525 674 735 753 atque
793 668 1092 733 Euclidis
1149 678 1219 732 et
1278 669 1658 746 Ptolemaei,
1690 670 1975 736 lectioni
2034 674 2325 738 vacavit.
2437 672 2544 738 Ac

339 772 609 837 videtur
667 772 936 856 quidem
994 771 1317 841 Eleaticae
1390 773 1704 856 primum,
1776 781 2013 858 postea
2085 775 2544 855 Academicae,

336 875 609 940 tandem
657 894 821 941 vero
868 875 1353 958 Peripateticae
1400 882 1607 940 sectae
1670 875 1982 941 addictus
2033 877 2266 943 fuisse.
2385 880 2544 946 Huc

336 978 504 1065 illud
534 978 751 1042 refero
771 977 948 1061 quod
973 977 1164 1042 initio
1198 976 1401 1062 hujus
1428 978 1599 1063 *libri
1636 978 1909 1061 legitur:
1956 981 2073 1045 ubi
2100 982 2545 1066 Philosophia

336 1081 679 1146 Poeticas'
713 1079 955 1145 Musas
1006 1080 1187 1165 apud
1240 1080 1596 1147 Boethium
1649 1082 1715 1145 iu
1776 1101 2038 1149 carcere
2097 1086 2543 1168 conspicienS,

332 1185 603 1266 fingitur
654 1203 831 1267 aegre
871 1183 1038 1248 ferre
1084 1184 1350 1248 illarum
1380 1184 1832 1267 praesentiam,
1862 1192 1928 1249 et
1960 1186 2220 1252 dicere:
2290 1189 2540 1253 ‘Hunc

331 1306 475 1365 νος,
503 1285 835 1351 Eleaticis
883 1292 1084 1369 atque
1113 1283 1558 1351 Academicis
1604 1286 1846 1351 studiis
1891 1287 2302 1369 innutritum,
2349 1311 2541 1357 ausae

328 1388 557 1457 fuistis
631 1387 817 1454 adire
839 1385 892 1452 ‘l'
953 1388 1175 1468 -Quod
1228 1388 1310 1453 de
1371 1389 1569 1453 annis
1623 1405 1849 1452 xvln.
1914 1388 2207 1458 Athenis
2272 1395 2546 1461 exactis

331 1489 498 1568 dixi,
532 1490 969 1557 confirmatur
1017 1492 1237 1575 ipsius
1286 1491 1561 1557 Bo‘ethii
1610 1477 2021 1570 testimonio,
2069 1513 2156 1560 ex
2214 1493 2389 1560 libro
2452 1496 2542 1563 de.

328 1591 717 1678 Disciplina
789 1593 1235 1660 Scholarium.
1356 1594 1685 1661 Exercuit
1744 1602 1972 1662 autem
2017 1598 2088 1661 in
2144 1598 2362 1681 prima
2417 1598 2539 1667 illa

329 1700 523 1763 aetate
554 1697 853 1763 studium
882 1696 1226 1777 Poeticae3
1271 1697 1501 1781 itaque
1530 1698 1683 1781 ipse
1717 1698 1802 1762 de
1830 1717 1939 1764 se:

497 1846 819 1915 Carmina
848 1849 961 1934 qui
992 1849 1328 1933 quondam
1361 1849 1586 1942 studio
1620 1845 1903 1914 florente
1935 1851 2186 1934 peregi,

596 1952 904 2029 Flebilis,
934 1952 1089 2029 heu,
1119 1955 1403 2017 moestos
1435 1963 1641 2034 cogor
1670 1952 1833 2016 inire
1864 1952 2120 2043 modos,

409 2103 535 2169 Sic
563 2123 720 2188 ergo
763 2101 1091 2169 Boethius
1138 2102 1485 2186 pueritiam
1538 2109 1606 2167 et
1644 2102 2020 2186 juvenilem
2068 2108 2330 2169 aetatem
2381 2126 2537 2171 con-

327 2208 591 2273 sumsit.
651 2204 878 2291 Atque
900 2207 1032 2273 huc
1062 2207 1390 2291 pertinent
1418 2207 1541 2273 illa
1574 2207 1895 2272 Fortunae
1926 2206 2014 2271 ad
2043 2207 2272 2289 ipsum
2298 2209 2497 2275 verba
2519 2230 2542 2273 z,

326 2313 348 2344 ‘
371 2309 549 2375 Cum
604 2316 671 2376 te
715 2310 942 2397 matris
989 2329 1078 2374 ex
1121 2315 1305 2375 utero
1351 2318 1590 2374 natura
1637 2309 1978 2394 produxit,
2036 2309 2287 2373 nudum
2340 2313 2536 2379 rebus

323 2413 637 2478 omnibus
664 2413 1068 2498 inopemque
1098 2412 1399 2496 suscepi,
1429 2412 1597 2477 meis
1628 2412 1876 2495 opibus
1910 2410 2075 2489 fovi,
2104 2416 2193 2489 et,
2251 2412 2436 2497 quod
2464 2421 2533 2488 te

326 2536 505 2585 nunc
550 2518 1009 2602 impatientem
1055 2517 1274 2581 nostri'
1301 2515 1491 2595 facit,
1542 2516 1771 2581 favore
1820 2534 2030 2598 prono
2076 2513 2531 2598 indulgentius

326 2618 641 2696 educavi,
672 2624 738 2684 et
766 2619 1060 2683 omnium
1092 2636 1249 2701 quae
1279 2619 1414 2683 mei
1447 2624 1609 2682 sunt
1629 2617 1807 2701 juris
1839 2616 2185 2681 affluentia
2210 2624 2278 2680 et
2309 2619 2533 2702 splen-

327 2720 488 2788 dore
518 2720 974 2787 circumdedi?
2531 2779 2535 2786 .

338 2866 347 2894 ς
406 2823 783 2889 Reversum
817 2822 1100 2889 Athenis
1124 2824 1198 2887 in
1247 2823 1521 2898 Urbem,
1575 2823 1804 2886 statim
1848 2822 2115 2904 egregia
2162 2822 2366 2885 animi
2401 2822 2531 2885 vir-

325 2929 455 3003 tus»,
487 2945 837 3009 moresque
868 2926 954 2990 ad
999 2926 1483 2994 humanitatem
1532 2924 1699 2990 facti
1752 2923 2306 3002 commendavere
2357 2946 2530 3008 prae-

327 3028 552 3111 cipuis
585 3029 653 3092 in
683 3028 1064 3113 Republica
1114 3030 1306 3107 viris,
1357 3029 1473 3112 qui
1503 3028 1814 3113 juvenem
1870 3025 2247 3106 adsumma
2294 3034 2534 3096 natum

325 3131 604 3208 ambire,
670 3136 740 3196 et
787 3130 1146 3196 affinitates
1198 3149 1359 3196 suas
1407 3132 1539 3214 ipsi
1597 3131 1771 3193 ultro
1824 3129 2025 3193 etiam
2085 3125 2340 3204 offerre,
2402 3148 2532 3196 non

325 3232 750 3304 inhonestum
780 3233 912 3297 sibi
941 3238 1284 3316 putavere.
1376 3232 1599 3297 Duxit
1647 3239 1882 3296 autema
1923 3249 2198 3294 uxorem
2247 3233 2532 3313 primam

328 3334 633 3418 Elpidem
680 3335 1004 3414 Siculam,
1054 3336 1377 3418 virginem
1415 3335 1730 3413 nobilem,
1783 3353 1871 3422 ex
1897 3353 2111 3416 eaque
2144 3332 2315 3397 duos
2347 3334 2527 3397 filios

326 3434 693 3516 Patricium
726 3444 794 3502 et
823 3437 1200 3521 Hypatium
1235 3436 1561 3520 suscepit.
1674 3436 1838 3501 Fuit
1886 3442 2115 3499 autem
2157 3436 2351 3518 Elpis
2396 3436 2529 3500 ista

325 3557 450 3601 non
478 3539 830 3623 probitatis
858 3544 1138 3617 tantum,
1179 3539 1300 3603 sed
1349 3539 1550 3607 etiam
1594 3539 1938 3612 literarum
1983 3536 2186 3601 laude
2217 3538 2524 3615 celebriS,

323 3639 756 3724 inprimisque
785 3640 1092 3706 Poeticae
1138 3661 1392 3707 amans·
1483 3641 1655 3725 Ejus
1702 3640 2062 3706 creduntur
2087 3659 2235 3704 esse
2271 3640 2530 3723 Hymni

325 3740 454 3805 duo
484 3743 601 3825 qui
632 3743 703 3806 in
740 3742 1055 3808 Ecclesia
1084 3748 1436 3823 canuntur,
1487 3749 1507 3778 ‘
1527 3741 1754 3807 Aurea
1780 3739 1970 3819 luce,’
2015 3744 2084 3804 et
2135 3743 2155 3773 ‘
2177 3739 2378 3804 Felix
2405 3761 2525 3825 per

326 3842 592 3908 omnes?

404 3944 672 4029 Elpidis
719 3946 918 4022 istius
965 3947 1116 4032 quis
1161 3954 1351 4033 pater
1378 3949 1601 4034 suerit,
1650 3947 1983 4014 nescitur:
2051 3945 2286 4028 primae
2334 3946 2532 4040 illum*

324 4044 660 4127 dignitatis
685 4051 901 4115 virum
936 4049 1170 4130 fuisse,
1219 4056 1487 4118 constat
1533 4073 1619 4117 ex
1665 4051 1770 4116 iis.
1805 4068 1959 4134 quae
1999 4048 2179 4111 libro
2222 4046 2526 4134 secundo⁴

320 4145 768 4235 Philosophia
820 4152 1182 4226 Boethium
1239 4155 1583 4237 alloquens
1617 4154 1820 4218 dicit:
1902 4155 1922 4184 ‘
1947 4145 2231 4240 Taceo,’
2281 4148 2526 4239 inquit,

324 4251 344 4279 ‘
364 4251 566 4330 quod,
599 4252 994 4322 ,desolatum
1046 4260 1343 4338 parente,
1399 4273 1805 4338 summorum
1867 4258 1934 4318 te
2003 4251 2291 4317 virorum
2356 4267 2520 4343 cura
