3049 4928
923 801 1265 880 ANICII
1350 798 1746 876 MANLu
1828 796 2391 889 TORQUATI

559 1053 1648 1176 SEVERINI
1772 1051 2525 1173 OETH
2571 1053 2743 1170 II

1200 1350 1329 1416 DE
1373 1348 2127 1417 CONSOLATIONE

925 1571 2386 1666 PHILOSOPHIAE

1396 1858 1733 1935 LIBER
1812 1859 1914 1932 V.

1432 2382 1755 2449 PROSA
1800 2383 1861 2448 Ι.

547 2515 1004 2617 Danau,-
1047 2538 1516 2622 orationisque
1571 2557 1837 2603 cursum
1886 2537 1972 2602 ad
2025 2537 2168 2603 alia
2213 2536 2527 2622 quaedam
2580 2544 2742 2601 trac-

543 2641 775 2707 tanda⁸
818 2648 890 2705 et
920 2641 1347 2726 expedienda
1377 2641 1704 2706 vertebat.
1817 2640 1994 2705 Tum
2026 2661 2180 2724 ego,
2209 2639 2430 2705 Recta
2457 2641 2741 2725 quidem,

542 2745 843 2828 inquam,
872 2744 1271 2822 exhortatio,
1302 2751 1552 2828 tuaque
1581 2763 1858 2828 prorsus
1894 2746 2290 2809 auctoritate
2336 2744 2739 2827 dignissima.

544 2847 679 2912 Sed
708 2848 893 2931 quod
922 2857 999 2912 tu
1052 2848 1304 2912 dudum
1356 2847 1440 2911 de
1489 2846 1923 2911 Providentia
1964 2848 2401 2931 quaestionem
2449 2848 2740 2931 pluribus

544 2950 701 3014 aliis
730 2950 1173 3035 implicitam¹
1219 2970 1370 3014 esse
1410 2950 1673 3028 dixisti,
1699 2952 1811 3015 reb
1857 2952 2190 3034 experior.
2282 2950 2536 3030 Quaero
2578 2951 2741 3014 enim

543 3072 628 3117 an
660 3074 809 3120 esse
835 3055 1092 3138 aliquid
1121 3041 1418 3131 omnino,
1468 3059 1538 3117 et
1563 3053 1885 3137 quidnam
1936 3074 2089 3118 esse
2141 3073 2376 3119 casum
2409 3054 2738 3117 arbitrere.

540 3155 714 3221 Tum
748 3158 893 3236 illa,
926 3158 1233 3235 Festino,
1261 3154 1509 3240 inquit,
1544 3155 1845 3219 debitum
1870 3155 2338 3240 promissionis
2375 3156 2736 3230 absolvere,

540 3260 851 3343 viamque
883 3261 1012 3325 tibi
1039 3280 1170 3345 qua
1214 3261 1507 3345 patriam
1554 3256 1989 3337 revehariS,⁶¹’
2055 3258 2338 3343 aperire.
2425 3258 2602 3323 Haec
2632 3277 2737 3322 au-

541 3366 673 3425 tem
703 3363 831 3426 etsi
862 3364 1181 3447 perutilia
1211 3365 1510 3447 cognitu,
1544 3372 1759 3428 tamen
1790 3383 1831 3427 a
1860 3365 2195 3447 propositi
2246 3363 2458 3427 nostri
2489 3362 2734 3428 tramite

604 3527 629 3551 ⁶
665 3520 986 3585 Philosophia.
1119 3521 1141 3554 ¹³
1178 3523 1372 3586 Reipsa.
1527 3529 1547 3555 ⁶
1583 3523 1863 3586 lapan-iam
1885 3522 2142 3571 reducaris.

606 3703 631 3747 1
668 3699 899 3749 Pluribus
919 3700 1203 3764 implicitam
1224 3701 1419 3765 Deiph.
1442 3703 1714 3753 Hack.—2
1748 3703 1832 3752 Sic
1851 3718 1958 3752 orsa
1987 3706 2058 3752 est
2073 3701 2228 3766 Vutg.
2266 3701 2370 3752 Ms.
2408 3699 2654 3752 Rittersh.
2685 3704 2733 3748 et

603 3914 628 3941 ⁸
658 3909 741 3959 Ad
775 3910 872 3960 alia
909 3913 1121 3975 quoedam
1164 3915 1435 3979 tractanda]
1471 3917 1603 3968 Qnae
1689 3915 2047 3979 Philosophia,
2099 3915 2114 3942 ‘
2154 3915 2292 3976 haee,
2347 3914 2450 3964 etsi
2506 3911 2732 3977 perutilia

540 3989 677 4037 enirn
707 3988 817 4051 jam
844 3989 1070 4039 dicenda
1093 3999 1214 4040 sunt
1236 3991 1303 4040 de
1327 4007 1470 4054 casu,
1489 3995 1602 4042 lnaec
1685 3994 1917 4058 cognitu,
1936 4001 2107 4043 tamen
2123 4008 2151 4041 a
2171 3993 2425 4057 propositi
2441 3993 2521 4042 sui
2542 3992 2730 4043 tramite

538 4077 640 4113 non
666 4066 929 4128 pertinent
946 4067 1010 4117 ad
1037 4082 1267 4132 praesens
1287 4070 1602 4132 institutum,
1685 4070 1953 4136 paulisper
1979 4085 2163 4119 aversa
2188 4070 2340 4121 esse.'

538 4140 635 4190 nisi
670 4142 832 4192 instar
868 4145 1137 4209 enjusdam
1176 4145 1484 4210 appendicis
1518 4160 1601 4195 ac·
1730 4145 1996 4196 ¹’Patriam
2012 4146 2280 4210 reveharis]
2303 4148 2656 4210 ‘Usurpatum
2673 4140 2727 4190 ab

539 4219 873 4285 cessionisve,
905 4232 977 4284 et,
1012 4224 1151 4273 sicut
1172 4224 1480 4286 loquuntur,
1506 4237 1603 4286 per
1672 4223 2020 4286 -auctoribus,’
2040 4224 2210 4288 inquit
2226 4224 2452 4286 Servius,
2471 4224 2591 4273 utin
2604 4234 2726 4285 qna·-

539 4295 801 4348 aecidens.
895 4300 1161 4351 Quocirca
1216 4300 1395 4362 statim
1459 4300 1604 4349 dicet
1684 4301 1891 4352 stione‘
1913 4316 2014 4366 quo
2041 4302 2121 4350 vel
2149 4300 2346 4350 addant
2365 4302 2446 4350 vel
2471 4301 2726 4350 detrahant
