<?xml version="1.0" encoding="UTF-8"?>
<!DOCTYPE html PUBLIC "-//W3C//DTD XHTML 1.0 Transitional//EN"
    "http://www.w3.org/TR/xhtml1/DTD/xhtml1-transitional.dtd">
<html xmlns="http://www.w3.org/1999/xhtml" xml:lang="en" lang="en">
 <head>
  <title>
</title>
<meta http-equiv="Content-Type" content="text/html;charset=utf-8" />
  <meta name='ocr-system' content='tesseract 3.04.00' />
  <meta name='ocr-capabilities' content='ocr_page ocr_carea ocr_par ocr_line ocrx_word'/>
</head>
<body>
  <div class='ocr_page' id='page_1' title='image "./deconsolationep00boetgoog_0170.png"; bbox 0 0 3049 4928; ppageno 0'>
   <div class='ocr_carea' id='block_1_1' title="bbox 530 362 2739 1530">
    <p class='ocr_par' dir='ltr' id='par_1_1' title="bbox 530 362 2739 1530">
     <span class='ocr_line' id='line_1_1' title="bbox 540 362 669 428; baseline 0.008 -1"><span class='ocrx_word' id='word_1_1' title='bbox 540 362 669 428; x_wconf 80' lang='lat'><strong>160</strong></span> 
     </span>
     <span class='ocr_line' id='line_1_2' title="bbox 538 523 2736 609; baseline 0 -17"><span class='ocrx_word' id='word_1_2' title='bbox 538 527 946 608; x_wconf 78' lang='lat' dir='ltr'><strong>forent,..quee</strong></span> <span class='ocrx_word' id='word_1_3' title='bbox 966 523 1221 590; x_wconf 85' lang='lat' dir='ltr'><strong>amissa</strong></span> <span class='ocrx_word' id='word_1_4' title='bbox 1237 525 1695 608; x_wconf 89' lang='lat' dir='ltr'><strong>conquereris,</strong></span> <span class='ocrx_word' id='word_1_5' title='bbox 1723 525 1909 592; x_wconf 89' lang='lat' dir='ltr'><strong>nullo</strong></span> <span class='ocrx_word' id='word_1_6' title='bbox 1923 525 2126 591; x_wconf 92' lang='lat' dir='ltr'><strong>modo</strong></span> <span class='ocrx_word' id='word_1_7' title='bbox 2149 523 2580 609; x_wconf 81' lang='lat' dir='ltr'><strong>perdidisses.</strong></span> <span class='ocrx_word' id='word_1_8' title='bbox 2628 527 2736 592; x_wconf 90' lang='lat' dir='ltr'><strong>An</strong></span> 
     </span>
     <span class='ocr_line' id='line_1_3' title="bbox 539 625 2739 715; baseline 0.001 -21"><span class='ocrx_word' id='word_1_9' title='bbox 539 648 667 711; x_wconf 87' lang='lat' dir='ltr'><strong>ego</strong></span> <span class='ocrx_word' id='word_1_10' title='bbox 701 625 879 693; x_wconf 63' lang='lat' dir='ltr'><strong>solai</strong></span> <span class='ocrx_word' id='word_1_11' title='bbox 942 648 1159 693; x_wconf 89' lang='lat' dir='ltr'><strong>meum</strong></span> <span class='ocrx_word' id='word_1_12' title='bbox 1196 630 1314 714; x_wconf 90' lang='lat' dir='ltr'><strong>jus</strong></span> <span class='ocrx_word' id='word_1_13' title='bbox 1362 648 1675 694; x_wconf 85' lang='lat' dir='ltr'><strong>exercere</strong></span> <span class='ocrx_word' id='word_1_14' title='bbox 1726 630 2082 715; x_wconf 90' lang='lat' dir='ltr'><strong>prohibeor</strong></span> <span class='ocrx_word' id='word_1_15' title='bbox 2108 631 2136 694; x_wconf 75' lang='lat' dir='ltr'><strong>‘i</strong></span> <span class='ocrx_word' id='word_1_16' title='bbox 2161 637 2207 677; x_wconf 83' lang='lat'><strong>¹³</strong></span> <span class='ocrx_word' id='word_1_17' title='bbox 2274 630 2468 695; x_wconf 85' lang='lat' dir='ltr'>Licet</span> <span class='ocrx_word' id='word_1_18' title='bbox 2514 632 2690 698; x_wconf 87' lang='lat' dir='ltr'><strong>coelo</strong></span> <span class='ocrx_word' id='word_1_19' title='bbox 2715 627 2739 667; x_wconf 79' lang='lat'><strong>¹¹</strong></span> 
     </span>
     <span class='ocr_line' id='line_1_4' title="bbox 534 730 2737 816; baseline 0.002 -21"><span class='ocrx_word' id='word_1_20' title='bbox 534 730 826 816; x_wconf 87' lang='lat' dir='ltr'><strong>proferre</strong></span> <span class='ocrx_word' id='word_1_21' title='bbox 853 731 1125 797; x_wconf 92' lang='lat' dir='ltr'><strong>lucidos</strong></span> <span class='ocrx_word' id='word_1_22' title='bbox 1155 731 1327 811; x_wconf 91' lang='lat' dir='ltr'><strong>dies,</strong></span> <span class='ocrx_word' id='word_1_23' title='bbox 1357 730 1765 816; x_wconf 65' lang='lat' dir='ltr'><strong>eosdemque</strong></span> <span class='ocrx_word' id='word_1_24' title='bbox 1808 732 2182 796; x_wconf 77' lang='lat' dir='ltr'><strong>tenebrosis</strong></span> <span class='ocrx_word' id='word_1_25' title='bbox 2239 732 2552 797; x_wconf 86' lang='lat' dir='ltr'><strong>noctibus</strong></span> <span class='ocrx_word' id='word_1_26' title='bbox 2582 754 2737 799; x_wconf 91' lang='lat' dir='ltr'><strong>con-</strong></span> 
     </span>
     <span class='ocr_line' id='line_1_5' title="bbox 536 830 2737 920; baseline 0.001 -21"><span class='ocrx_word' id='word_1_27' title='bbox 536 835 718 901; x_wconf 87' lang='lat' dir='ltr'><strong>dere.</strong></span> <span class='ocrx_word' id='word_1_28' title='bbox 807 835 1002 901; x_wconf 82' lang='lat' dir='ltr'><strong>Licet</strong></span> <span class='ocrx_word' id='word_1_29' title='bbox 1031 853 1208 900; x_wconf 87' lang='lat' dir='ltr'><strong>anno</strong></span> <span class='ocrx_word' id='word_1_30' title='bbox 1238 841 1433 899; x_wconf 71' lang='lat' dir='ltr'><strong>terrae</strong></span> <span class='ocrx_word' id='word_1_31' title='bbox 1464 830 1758 900; x_wconf 82' lang='lat' dir='ltr'><strong>vultum¹</strong></span> <span class='ocrx_word' id='word_1_32' title='bbox 1798 853 1972 897; x_wconf 87' lang='lat' dir='ltr'><strong>nunc</strong></span> <span class='ocrx_word' id='word_1_33' title='bbox 2001 833 2275 898; x_wconf 88' lang='lat' dir='ltr'><strong>fioribus</strong></span> <span class='ocrx_word' id='word_1_34' title='bbox 2302 832 2737 920; x_wconf 83' lang='lat' dir='ltr'><strong>frugibusque</strong></span> 
     </span>
     <span class='ocr_line' id='line_1_6' title="bbox 534 927 2734 1022; baseline 0 -19"><span class='ocrx_word' id='word_1_35' title='bbox 534 939 874 1017; x_wconf 89' lang='lat' dir='ltr'><strong>redimire,</strong></span> <span class='ocrx_word' id='word_1_36' title='bbox 930 958 1103 1004; x_wconf 91' lang='lat' dir='ltr'><strong>nunc</strong></span> <span class='ocrx_word' id='word_1_37' title='bbox 1161 938 1405 1003; x_wconf 86' lang='lat' dir='ltr'><strong>nimbis</strong></span> <span class='ocrx_word' id='word_1_38' title='bbox 1467 930 1963 1022; x_wconf 82' lang='lat' dir='ltr'><strong>frigoribusque</strong></span> <span class='ocrx_word' id='word_1_39' title='bbox 2054 927 2483 1003; x_wconf 82' lang='lat' dir='ltr'><strong>confundere.</strong></span> <span class='ocrx_word' id='word_1_40' title='bbox 2600 938 2648 1003; x_wconf 84' lang='lat' dir='ltr'><strong>J</strong></span> <span class='ocrx_word' id='word_1_41' title='bbox 2651 943 2734 1003; x_wconf 87' lang='lat' dir='ltr'><strong>us</strong></span> 
     </span>
     <span class='ocr_line' id='line_1_7' title="bbox 535 1040 2735 1126; baseline -0 -20"><span class='ocrx_word' id='word_1_42' title='bbox 535 1049 644 1107; x_wconf 89' lang='lat' dir='ltr'><strong>est</strong></span> <span class='ocrx_word' id='word_1_43' title='bbox 670 1042 906 1120; x_wconf 84' lang='lat' dir='ltr'><strong>mari,¹¹²</strong></span> <span class='ocrx_word' id='word_1_44' title='bbox 966 1061 1144 1106; x_wconf 89' lang='lat' dir='ltr'><strong>nunc</strong></span> <span class='ocrx_word' id='word_1_45' title='bbox 1192 1047 1446 1107; x_wconf 72' lang='lat' dir='ltr'><strong>strato‘</strong></span> <span class='ocrx_word' id='word_1_46' title='bbox 1492 1060 1764 1126; x_wconf 84' lang='lat' dir='ltr'><strong>aequore</strong></span> <span class='ocrx_word' id='word_1_47' title='bbox 1806 1040 2119 1118; x_wconf 84' lang='lat' dir='ltr'><strong>blandiri,</strong></span> <span class='ocrx_word' id='word_1_48' title='bbox 2165 1060 2344 1105; x_wconf 90' lang='lat' dir='ltr'><strong>nunc</strong></span> <span class='ocrx_word' id='word_1_49' title='bbox 2395 1040 2735 1124; x_wconf 72' lang='lat' dir='ltr'><strong>procelliS,</strong></span> 
     </span>
     <span class='ocr_line' id='line_1_8' title="bbox 534 1143 2732 1211; baseline -0.001 -1"><span class='ocrx_word' id='word_1_50' title='bbox 534 1164 618 1210; x_wconf 88' lang='lat' dir='ltr'><strong>ac</strong></span> <span class='ocrx_word' id='word_1_51' title='bbox 671 1143 981 1210; x_wconf 89' lang='lat' dir='ltr'><strong>fluctibus</strong></span> <span class='ocrx_word' id='word_1_52' title='bbox 1032 1145 1506 1211; x_wconf 85' lang='lat' dir='ltr'><strong>inhorrescere.</strong></span> <span class='ocrx_word' id='word_1_53' title='bbox 1625 1144 1776 1210; x_wconf 91' lang='lat' dir='ltr'><strong>Nos</strong></span> <span class='ocrx_word' id='word_1_54' title='bbox 1832 1143 1920 1210; x_wconf 92' lang='lat' dir='ltr'><strong>ad</strong></span> <span class='ocrx_word' id='word_1_55' title='bbox 1995 1145 2435 1209; x_wconf 87' lang='lat' dir='ltr'><strong>constantiam</strong></span> <span class='ocrx_word' id='word_1_56' title='bbox 2487 1144 2732 1208; x_wconf 87' lang='lat' dir='ltr'><strong>nostris</strong></span> 
     </span>
     <span class='ocr_line' id='line_1_9' title="bbox 532 1245 2737 1333; baseline 0 -21"><span class='ocrx_word' id='word_1_57' title='bbox 532 1248 830 1313; x_wconf 90' lang='lat' dir='ltr'><strong>moribus</strong></span> <span class='ocrx_word' id='word_1_58' title='bbox 859 1247 1147 1312; x_wconf 85' lang='lat' dir='ltr'><strong>alienam</strong></span> <span class='ocrx_word' id='word_1_59' title='bbox 1174 1249 1517 1333; x_wconf 83' lang='lat' dir='ltr'><strong>inexpleta</strong></span> <span class='ocrx_word' id='word_1_60' title='bbox 1532 1248 1559 1287; x_wconf 52' lang='grc' dir='ltr'><strong><em>ὖ</em></strong></span> <span class='ocrx_word' id='word_1_61' title='bbox 1586 1247 1928 1313; x_wconf 89' lang='lat' dir='ltr'><strong>hominum</strong></span> <span class='ocrx_word' id='word_1_62' title='bbox 1951 1245 2289 1329; x_wconf 81' lang='lat' dir='ltr'><strong>cupiditas</strong></span> <span class='ocrx_word' id='word_1_63' title='bbox 2308 1246 2659 1328; x_wconf 68' lang='lat' dir='ltr'><strong>alligabit?</strong></span> <span class='ocrx_word' id='word_1_64' title='bbox 2684 1253 2737 1294; x_wconf 85' lang='lat'><strong>¹4</strong></span> 
     </span>
     <span class='ocr_line' id='line_1_10' title="bbox 533 1347 2730 1430; baseline -0.001 -15"><span class='ocrx_word' id='word_1_65' title='bbox 533 1351 713 1416; x_wconf 85' lang='lat' dir='ltr'><strong>Haec</strong></span> <span class='ocrx_word' id='word_1_66' title='bbox 740 1355 966 1416; x_wconf 82' lang='lat' dir='ltr'><strong>nostra</strong></span> <span class='ocrx_word' id='word_1_67' title='bbox 994 1351 1098 1416; x_wconf 85' lang='lat' dir='ltr'><strong>vis</strong></span> <span class='ocrx_word' id='word_1_68' title='bbox 1130 1359 1259 1430; x_wconf 88' lang='lat' dir='ltr'><strong>est,</strong></span> <span class='ocrx_word' id='word_1_69' title='bbox 1287 1351 1465 1418; x_wconf 90' lang='lat' dir='ltr'><strong>hunc</strong></span> <span class='ocrx_word' id='word_1_70' title='bbox 1498 1351 1890 1417; x_wconf 90' lang='lat' dir='ltr'><strong>continuum</strong></span> <span class='ocrx_word' id='word_1_71' title='bbox 1920 1347 2151 1414; x_wconf 89' lang='lat' dir='ltr'><strong>ludum</strong></span> <span class='ocrx_word' id='word_1_72' title='bbox 2198 1347 2513 1413; x_wconf 90' lang='lat' dir='ltr'><strong>ludimus.</strong></span> <span class='ocrx_word' id='word_1_73' title='bbox 2587 1348 2730 1413; x_wconf 87' lang='lat' dir='ltr'><strong>Ro-</strong></span> 
     </span>
     <span class='ocr_line' id='line_1_11' title="bbox 530 1449 2728 1530; baseline -0.002 -12"><span class='ocrx_word' id='word_1_74' title='bbox 530 1457 669 1518; x_wconf 86' lang='lat' dir='ltr'><strong>tam</strong></span> <span class='ocrx_word' id='word_1_75' title='bbox 694 1452 976 1517; x_wconf 85' lang='lat' dir='ltr'><strong>volubili</strong></span> <span class='ocrx_word' id='word_1_76' title='bbox 1007 1453 1169 1517; x_wconf 90' lang='lat' dir='ltr'><strong>orbe</strong></span> <span class='ocrx_word' id='word_1_77' title='bbox 1206 1472 1576 1530; x_wconf 81' lang='lat' dir='ltr'><strong>versamuS,</strong></span> <span class='ocrx_word' id='word_1_78' title='bbox 1608 1451 1831 1516; x_wconf 83' lang='lat' dir='ltr'><strong>infima</strong></span> <span class='ocrx_word' id='word_1_79' title='bbox 1861 1450 2157 1527; x_wconf 79' lang='lat' dir='ltr'><strong>summiS‚</strong></span> <span class='ocrx_word' id='word_1_80' title='bbox 2202 1468 2462 1514; x_wconf 88' lang='lat' dir='ltr'><strong>summa</strong></span> <span class='ocrx_word' id='word_1_81' title='bbox 2486 1449 2728 1515; x_wconf 90' lang='lat' dir='ltr'><strong>infimis</strong></span> 
     </span>
    </p>
   </div>
   <div class='ocr_carea' id='block_1_2' title="bbox 525 1551 2727 1742">
    <p class='ocr_par' dir='ltr' id='par_1_2' title="bbox 525 1551 2727 1742">
     <span class='ocr_line' id='line_1_12' title="bbox 525 1551 2727 1640; baseline -0.002 -20"><span class='ocrx_word' id='word_1_82' title='bbox 525 1563 788 1622; x_wconf 80' lang='lat' dir='ltr'><strong>mutare</strong></span> <span class='ocrx_word' id='word_1_83' title='bbox 818 1555 1201 1638; x_wconf 79' lang='lat' dir='ltr'><strong>gaudemus,</strong></span> <span class='ocrx_word' id='word_1_84' title='bbox 1277 1555 1593 1621; x_wconf 86' lang='lat' dir='ltr'><strong>Ascende</strong></span> <span class='ocrx_word' id='word_1_85' title='bbox 1621 1555 1679 1620; x_wconf 92' lang='lat' dir='ltr'><strong>si</strong></span> <span class='ocrx_word' id='word_1_86' title='bbox 1706 1554 1953 1640; x_wconf 84' lang='lat' dir='ltr'><strong>placet,</strong></span> <span class='ocrx_word' id='word_1_87' title='bbox 1985 1551 2102 1618; x_wconf 91' lang='lat' dir='ltr'><strong>sed</strong></span> <span class='ocrx_word' id='word_1_88' title='bbox 2131 1571 2214 1616; x_wconf 89' lang='lat' dir='ltr'><strong>ea</strong></span> <span class='ocrx_word' id='word_1_89' title='bbox 2241 1552 2411 1633; x_wconf 88' lang='lat' dir='ltr'><strong>lege,</strong></span> <span class='ocrx_word' id='word_1_90' title='bbox 2440 1573 2522 1616; x_wconf 89' lang='lat' dir='ltr'><strong>ne</strong></span> <span class='ocrx_word' id='word_1_91' title='bbox 2552 1554 2727 1632; x_wconf 78' lang='lat' dir='ltr'><strong>uti,¹⁵</strong></span> 
     </span>
     <span class='ocr_line' id='line_1_13' title="bbox 532 1654 2724 1742; baseline -0.001 -20"><span class='ocrx_word' id='word_1_92' title='bbox 532 1678 686 1724; x_wconf 90' lang='lat' dir='ltr'><strong>cum</strong></span> <span class='ocrx_word' id='word_1_93' title='bbox 717 1659 990 1725; x_wconf 73' lang='lat' dir='ltr'><strong>ludicri‘</strong></span> <span class='ocrx_word' id='word_1_94' title='bbox 1035 1660 1166 1725; x_wconf 89' lang='lat' dir='ltr'><strong>mei</strong></span> <span class='ocrx_word' id='word_1_95' title='bbox 1198 1659 1373 1723; x_wconf 84' lang='lat' dir='ltr'><strong>ratio</strong></span> <span class='ocrx_word' id='word_1_96' title='bbox 1406 1663 1664 1742; x_wconf 88' lang='lat' dir='ltr'><strong>poscet,</strong></span> <span class='ocrx_word' id='word_1_97' title='bbox 1717 1656 2123 1723; x_wconf 83' lang='lat' dir='ltr'><strong>descendere</strong></span> <span class='ocrx_word' id='word_1_98' title='bbox 2173 1654 2476 1739; x_wconf 87' lang='lat' dir='ltr'><strong>injuriam</strong></span> <span class='ocrx_word' id='word_1_99' title='bbox 2511 1662 2724 1739; x_wconf 87' lang='lat' dir='ltr'><strong>putes.</strong></span> 
     </span>
    </p>
   </div>
   <div class='ocr_carea' id='block_1_3' title="bbox 1246 378 2060 429">
    <p class='ocr_par' dir='ltr' id='par_1_3' title="bbox 1246 378 2060 429">
     <span class='ocr_line' id='line_1_14' title="bbox 1246 378 2060 429; baseline 0.001 -4"><span class='ocrx_word' id='word_1_100' title='bbox 1246 378 1556 427; x_wconf 76' lang='lat' dir='ltr'>BOETHH</span> <span class='ocrx_word' id='word_1_101' title='bbox 1608 381 1705 428; x_wconf 75' lang='lat' dir='ltr'><strong>DE</strong></span> <span class='ocrx_word' id='word_1_102' title='bbox 1752 380 2060 429; x_wconf 65' lang='lat' dir='ltr'><strong>conset..</strong></span> 
     </span>
    </p>
   </div>
   <div class='ocr_carea' id='block_1_4' title="bbox 591 1853 1718 1906">
    <p class='ocr_par' dir='ltr' id='par_1_4' title="bbox 591 1853 1718 1906">
     <span class='ocr_line' id='line_1_15' title="bbox 591 1853 1718 1906; baseline 0.001 -1"><span class='ocrx_word' id='word_1_103' title='bbox 591 1864 619 1898; x_wconf 75' lang='lat'><em>1</em></span> <span class='ocrx_word' id='word_1_104' title='bbox 656 1854 873 1905; x_wconf 75' lang='lat' dir='ltr'><strong>Placido.</strong></span> <span class='ocrx_word' id='word_1_105' title='bbox 1024 1853 1050 1886; x_wconf 55' lang='grc' dir='ltr'><strong><em>ἢ</em></strong></span> <span class='ocrx_word' id='word_1_106' title='bbox 1082 1855 1392 1906; x_wconf 68' lang='lat' dir='ltr'><strong>Insatiabilis.</strong></span> <span class='ocrx_word' id='word_1_107' title='bbox 1519 1853 1536 1886; x_wconf 68' lang='lat'>¹</span> <span class='ocrx_word' id='word_1_108' title='bbox 1576 1854 1718 1906; x_wconf 76' lang='lat' dir='ltr'><strong>Ludi.</strong></span> 
     </span>
    </p>
   </div>
   <div class='ocr_carea' id='block_1_5' title="bbox 1438 1964 1559 1985">
    <p class='ocr_par' dir='ltr' id='par_1_5' title="bbox 1438 1964 1559 1985">
     <span class='ocr_line' id='line_1_16' title="bbox 1438 1964 1559 1985; baseline -0.008 0"><span class='ocrx_word' id='word_1_109' title='bbox 1438 1964 1497 1985; x_wconf 57' lang='lat'><strong>00</strong></span> <span class='ocrx_word' id='word_1_110' title='bbox 1503 1964 1559 1984; x_wconf 64' lang='lat'><strong>00</strong></span> 
     </span>
    </p>
   </div>
   <div class='ocr_carea' id='block_1_6' title="bbox 527 2041 2722 2225">
    <p class='ocr_par' dir='ltr' id='par_1_6' title="bbox 527 2041 2722 2225">
     <span class='ocr_line' id='line_1_17' title="bbox 527 2041 2722 2110; baseline -0 -17"><span class='ocrx_word' id='word_1_111' title='bbox 527 2041 650 2093; x_wconf 87' lang='lat' dir='ltr'><strong>edd.</strong></span> <span class='ocrx_word' id='word_1_112' title='bbox 676 2042 869 2106; x_wconf 87' lang='lat' dir='ltr'><strong>Delph.</strong></span> <span class='ocrx_word' id='word_1_113' title='bbox 894 2049 950 2093; x_wconf 89' lang='lat' dir='ltr'><strong>et</strong></span> <span class='ocrx_word' id='word_1_114' title='bbox 967 2042 1271 2095; x_wconf 55' lang='lat' dir='ltr'><strong>Hackae-M</strong></span> <span class='ocrx_word' id='word_1_115' title='bbox 1293 2043 1438 2095; x_wconf 88' lang='lat' dir='ltr'><strong>Vict.</strong></span> <span class='ocrx_word' id='word_1_116' title='bbox 1461 2051 1683 2110; x_wconf 87' lang='lat' dir='ltr'><strong>uterque</strong></span> <span class='ocrx_word' id='word_1_117' title='bbox 1706 2042 2074 2106; x_wconf 57' lang='lat' dir='ltr'><strong>unigenite-15</strong></span> <span class='ocrx_word' id='word_1_118' title='bbox 2103 2041 2260 2093; x_wconf 74' lang='lat' dir='ltr'><strong>Utine</strong></span> <span class='ocrx_word' id='word_1_119' title='bbox 2282 2042 2475 2106; x_wconf 85' lang='lat' dir='ltr'><strong>Delpb.</strong></span> <span class='ocrx_word' id='word_1_120' title='bbox 2492 2041 2722 2093; x_wconf 72' lang='lat' dir='ltr'><strong>Beck.—</strong></span> 
     </span>
     <span class='ocr_line' id='line_1_18' title="bbox 529 2106 1738 2225; baseline 0.002 -68"><span class='ocrx_word' id='word_1_121' title='bbox 529 2111 593 2157; x_wconf 75' lang='lat'><strong>16</strong></span> <span class='ocrx_word' id='word_1_122' title='bbox 626 2108 803 2158; x_wconf 81' lang='lat' dir='ltr'><strong>Perses</strong></span> <span class='ocrx_word' id='word_1_123' title='bbox 823 2106 945 2157; x_wconf 88' lang='lat' dir='ltr'><strong>edd.</strong></span> <span class='ocrx_word' id='word_1_124' title='bbox 966 2107 1187 2160; x_wconf 83' lang='lat' dir='ltr'><strong>eaedem.</strong></span> <span class='ocrx_word' id='word_1_125' title='bbox 1517 2171 1738 2225; x_wconf 71' lang='lat' dir='ltr'>NOTAE</span> 
     </span>
    </p>
   </div>
   <div class='ocr_carea' id='block_1_7' title="bbox 454 2257 2725 2946">
    <p class='ocr_par' dir='ltr' id='par_1_7' title="bbox 454 2257 2723 2483">
     <span class='ocr_line' id='line_1_19' title="bbox 454 2257 2723 2332; baseline -0.001 -18"><span class='ocrx_word' id='word_1_126' title='bbox 454 2275 461 2282; x_wconf 90' lang='grc'><em>·</em></span> <span class='ocrx_word' id='word_1_127' title='bbox 527 2261 816 2314; x_wconf 83' lang='lat' dir='ltr'><strong>accedente</strong></span> <span class='ocrx_word' id='word_1_128' title='bbox 859 2269 953 2312; x_wconf 89' lang='lat' dir='ltr'><strong>aut</strong></span> <span class='ocrx_word' id='word_1_129' title='bbox 1010 2257 1308 2329; x_wconf 71' lang='lat' dir='ltr'><strong>recedente,</strong></span> <span class='ocrx_word' id='word_1_130' title='bbox 1347 2262 1593 2314; x_wconf 85' lang='lat' dir='ltr'><strong>effectum</strong></span> <span class='ocrx_word' id='word_1_131' title='bbox 1668 2261 1796 2314; x_wconf 85' lang='lat' dir='ltr'><strong>tem’</strong></span> <span class='ocrx_word' id='word_1_132' title='bbox 1817 2262 1945 2313; x_wconf 87' lang='lat' dir='ltr'><strong>facit</strong></span> <span class='ocrx_word' id='word_1_133' title='bbox 1968 2266 1983 2292; x_wconf 78' lang='lat'>⁶</span> <span class='ocrx_word' id='word_1_134' title='bbox 2010 2260 2333 2311; x_wconf 84' lang='lat' dir='ltr'><strong>tenebrosam</strong></span> <span class='ocrx_word' id='word_1_135' title='bbox 2352 2259 2386 2311; x_wconf 82' lang='lat'><strong>:²</strong></span> <span class='ocrx_word' id='word_1_136' title='bbox 2418 2259 2487 2310; x_wconf 91' lang='lat' dir='ltr'><strong>de</strong></span> <span class='ocrx_word' id='word_1_137' title='bbox 2510 2261 2597 2311; x_wconf 89' lang='lat' dir='ltr'><strong>die</strong></span> <span class='ocrx_word' id='word_1_138' title='bbox 2614 2276 2723 2332; x_wconf 68' lang='lat' dir='ltr'><strong>gra·</strong></span> 
     </span>
     <span class='ocr_line' id='line_1_20' title="bbox 529 2335 2719 2404; baseline -0.001 -14"><span class='ocrx_word' id='word_1_139' title='bbox 529 2340 660 2390; x_wconf 89' lang='lat' dir='ltr'><strong>illud</strong></span> <span class='ocrx_word' id='word_1_140' title='bbox 686 2340 838 2390; x_wconf 84' lang='lat' dir='ltr'><strong>adest</strong></span> <span class='ocrx_word' id='word_1_141' title='bbox 856 2344 950 2389; x_wconf 85' lang='lat' dir='ltr'><strong>aut</strong></span> <span class='ocrx_word' id='word_1_142' title='bbox 968 2338 1149 2390; x_wconf 86' lang='lat' dir='ltr'><strong>abest:</strong></span> <span class='ocrx_word' id='word_1_143' title='bbox 1180 2343 1458 2404; x_wconf 83' lang='lat' dir='ltr'><strong>propterea</strong></span> <span class='ocrx_word' id='word_1_144' title='bbox 1481 2335 1594 2390; x_wconf 85' lang='lat' dir='ltr'><strong>dies</strong></span> <span class='ocrx_word' id='word_1_145' title='bbox 1667 2342 1918 2404; x_wconf 74' lang='lat' dir='ltr'><strong>misatur,</strong></span> <span class='ocrx_word' id='word_1_146' title='bbox 1939 2339 2005 2389; x_wconf 89' lang='lat' dir='ltr'><strong>de</strong></span> <span class='ocrx_word' id='word_1_147' title='bbox 2022 2345 2183 2389; x_wconf 86' lang='lat' dir='ltr'><strong>nocte</strong></span> <span class='ocrx_word' id='word_1_148' title='bbox 2205 2352 2309 2389; x_wconf 88' lang='lat' dir='ltr'><strong>nou</strong></span> <span class='ocrx_word' id='word_1_149' title='bbox 2326 2345 2615 2404; x_wconf 88' lang='lat' dir='ltr'><strong>queruntur</strong></span> <span class='ocrx_word' id='word_1_150' title='bbox 2630 2338 2719 2388; x_wconf 90' lang='lat' dir='ltr'><strong>ho·</strong></span> 
     </span>
     <span class='ocr_line' id='line_1_21' title="bbox 523 2414 1846 2483; baseline 0 -15"><span class='ocrx_word' id='word_1_151' title='bbox 523 2421 772 2468; x_wconf 85' lang='lat' dir='ltr'><strong>censetur</strong></span> <span class='ocrx_word' id='word_1_152' title='bbox 786 2414 1007 2467; x_wconf 82' lang='lat' dir='ltr'><strong>effectus</strong></span> <span class='ocrx_word' id='word_1_153' title='bbox 1022 2414 1312 2483; x_wconf 82' lang='lat' dir='ltr'><strong>solis,quod</strong></span> <span class='ocrx_word' id='word_1_154' title='bbox 1331 2421 1594 2481; x_wconf 76' lang='lat' dir='ltr'><strong>praesente</strong></span> <span class='ocrx_word' id='word_1_155' title='bbox 1665 2417 1846 2469; x_wconf 86' lang='lat' dir='ltr'><strong>mines.</strong></span> 
     </span>
    </p>

    <p class='ocr_par' dir='ltr' id='par_1_8' title="bbox 523 2492 2725 2946">
     <span class='ocr_line' id='line_1_22' title="bbox 528 2492 2724 2559; baseline -0.002 -14"><span class='ocrx_word' id='word_1_156' title='bbox 528 2500 620 2545; x_wconf 81' lang='lat' dir='ltr'><strong>aut</strong></span> <span class='ocrx_word' id='word_1_157' title='bbox 657 2493 874 2545; x_wconf 76' lang='lat' dir='ltr'><strong>absente</strong></span> <span class='ocrx_word' id='word_1_158' title='bbox 917 2494 1042 2559; x_wconf 87' lang='lat' dir='ltr'><strong>sole,</strong></span> <span class='ocrx_word' id='word_1_159' title='bbox 1090 2494 1204 2545; x_wconf 88' lang='lat' dir='ltr'><strong>dies</strong></span> <span class='ocrx_word' id='word_1_160' title='bbox 1248 2500 1331 2545; x_wconf 88' lang='lat' dir='ltr'><strong>est</strong></span> <span class='ocrx_word' id='word_1_161' title='bbox 1365 2501 1457 2545; x_wconf 86' lang='lat' dir='ltr'><strong>aut</strong></span> <span class='ocrx_word' id='word_1_162' title='bbox 1489 2508 1591 2544; x_wconf 90' lang='lat' dir='ltr'><strong>non</strong></span> <span class='ocrx_word' id='word_1_163' title='bbox 1730 2492 1745 2527; x_wconf 86' lang='lat'><strong>¹</strong></span> <span class='ocrx_word' id='word_1_164' title='bbox 1776 2494 1916 2544; x_wconf 76' lang='lat' dir='ltr'><strong>Licet</strong></span> <span class='ocrx_word' id='word_1_165' title='bbox 1950 2507 2074 2542; x_wconf 71' lang='lat' dir='ltr'><strong>anno</strong></span> <span class='ocrx_word' id='word_1_166' title='bbox 2114 2496 2258 2542; x_wconf 73' lang='lat' dir='ltr'><strong>terra</strong></span> <span class='ocrx_word' id='word_1_167' title='bbox 2289 2492 2496 2556; x_wconf 74' lang='lat' dir='ltr'><strong>vultum]</strong></span> <span class='ocrx_word' id='word_1_168' title='bbox 2534 2492 2724 2542; x_wconf 85' lang='lat' dir='ltr'><strong>Secun-</strong></span> 
     </span>
     <span class='ocr_line' id='line_1_23' title="bbox 528 2569 2722 2636; baseline -0.001 -14"><span class='ocrx_word' id='word_1_169' title='bbox 528 2576 641 2622; x_wconf 74' lang='lat' dir='ltr'><strong>estz</strong></span> <span class='ocrx_word' id='word_1_170' title='bbox 675 2571 767 2620; x_wconf 85' lang='lat' dir='ltr'><strong>sed</strong></span> <span class='ocrx_word' id='word_1_171' title='bbox 790 2570 881 2622; x_wconf 85' lang='lat' dir='ltr'><strong>illa</strong></span> <span class='ocrx_word' id='word_1_172' title='bbox 898 2577 998 2634; x_wconf 88' lang='lat' dir='ltr'><strong>est,</strong></span> <span class='ocrx_word' id='word_1_173' title='bbox 1018 2569 1432 2636; x_wconf 82' lang='lat' dir='ltr'><strong>inquitfortnua‚</strong></span> <span class='ocrx_word' id='word_1_174' title='bbox 1451 2572 1593 2622; x_wconf 89' lang='lat' dir='ltr'><strong>iuter</strong></span> <span class='ocrx_word' id='word_1_175' title='bbox 1666 2575 1789 2627; x_wconf 84' lang='lat' dir='ltr'><strong>dum</strong></span> <span class='ocrx_word' id='word_1_176' title='bbox 1836 2572 2060 2635; x_wconf 63' lang='lat' dir='ltr'><strong>fortunae</strong></span> <span class='ocrx_word' id='word_1_177' title='bbox 2102 2572 2418 2634; x_wconf 75' lang='lat' dir='ltr'><strong>exemplum.</strong></span> <span class='ocrx_word' id='word_1_178' title='bbox 2505 2571 2722 2620; x_wconf 60' lang='lat' dir='ltr'><strong>‘Terra</strong></span> 
     </span>
     <span class='ocr_line' id='line_1_24' title="bbox 526 2645 2725 2714; baseline -0.001 -16"><span class='ocrx_word' id='word_1_179' title='bbox 526 2663 609 2698; x_wconf 83' lang='lat' dir='ltr'><strong>me</strong></span> <span class='ocrx_word' id='word_1_180' title='bbox 651 2655 707 2699; x_wconf 88' lang='lat' dir='ltr'><strong>et</strong></span> <span class='ocrx_word' id='word_1_181' title='bbox 744 2647 1005 2711; x_wconf 66' lang='lat' dir='ltr'><strong>praedicta</strong></span> <span class='ocrx_word' id='word_1_182' title='bbox 1048 2648 1186 2699; x_wconf 84' lang='lat' dir='ltr'><strong>bona</strong></span> <span class='ocrx_word' id='word_1_183' title='bbox 1223 2647 1591 2699; x_wconf 83' lang='lat' dir='ltr'><strong>necessitudo=</strong></span> <span class='ocrx_word' id='word_1_184' title='bbox 1664 2648 2188 2714; x_wconf 78' lang='lat' dir='ltr'><strong>vultus‚’juvantibus</strong></span> <span class='ocrx_word' id='word_1_185' title='bbox 2205 2648 2412 2710; x_wconf 84' lang='lat' dir='ltr'><strong>astris‚‘</strong></span> <span class='ocrx_word' id='word_1_186' title='bbox 2433 2661 2573 2697; x_wconf 86' lang='lat' dir='ltr'><strong>nunc</strong></span> <span class='ocrx_word' id='word_1_187' title='bbox 2587 2645 2725 2697; x_wconf 86' lang='lat' dir='ltr'><strong>flori·</strong></span> 
     </span>
     <span class='ocr_line' id='line_1_25' title="bbox 525 2725 2724 2791; baseline -0.001 -15"><span class='ocrx_word' id='word_1_188' title='bbox 525 2726 571 2776; x_wconf 89' lang='lat' dir='ltr'><strong>si</strong></span> <span class='ocrx_word' id='word_1_189' title='bbox 595 2725 804 2791; x_wconf 86' lang='lat' dir='ltr'><strong>quidem</strong></span> <span class='ocrx_word' id='word_1_190' title='bbox 835 2726 850 2754; x_wconf 90' lang='lat'>‘</span> <span class='ocrx_word' id='word_1_191' title='bbox 876 2740 1078 2776; x_wconf 86' lang='lat' dir='ltr'><strong>mecum</strong></span> <span class='ocrx_word' id='word_1_192' title='bbox 1110 2725 1343 2788; x_wconf 85' lang='lat' dir='ltr'><strong>veniunt,</strong></span> <span class='ocrx_word' id='word_1_193' title='bbox 1373 2740 1455 2775; x_wconf 86' lang='lat' dir='ltr'><strong>me</strong></span> <span class='ocrx_word' id='word_1_194' title='bbox 1496 2725 1590 2775; x_wconf 84' lang='lat' dir='ltr'><strong>ab·</strong></span> <span class='ocrx_word' id='word_1_195' title='bbox 1662 2728 1757 2779; x_wconf 88' lang='lat' dir='ltr'><strong>bus</strong></span> <span class='ocrx_word' id='word_1_196' title='bbox 1773 2727 2106 2791; x_wconf 83' lang='lat' dir='ltr'><strong>frugibusque</strong></span> <span class='ocrx_word' id='word_1_197' title='bbox 2128 2725 2419 2788; x_wconf 84' lang='lat' dir='ltr'><strong>redimitur,</strong></span> <span class='ocrx_word' id='word_1_198' title='bbox 2439 2739 2580 2775; x_wconf 84' lang='lat' dir='ltr'><strong>nune</strong></span> <span class='ocrx_word' id='word_1_199' title='bbox 2594 2725 2724 2774; x_wconf 87' lang='lat' dir='ltr'><strong>nim·</strong></span> 
     </span>
     <span class='ocr_line' id='line_1_26' title="bbox 524 2800 2723 2869; baseline 0.001 -17"><span class='ocrx_word' id='word_1_200' title='bbox 524 2807 683 2852; x_wconf 86' lang='lat' dir='ltr'><strong>eunte</strong></span> <span class='ocrx_word' id='word_1_201' title='bbox 716 2800 1034 2852; x_wconf 63' lang='lat' dir='ltr'><strong>discedunt?</strong></span> <span class='ocrx_word' id='word_1_202' title='bbox 1097 2801 1254 2852; x_wconf 80' lang='lat' dir='ltr'><strong>Adde</strong></span> <span class='ocrx_word' id='word_1_203' title='bbox 1292 2801 1431 2868; x_wconf 88' lang='lat' dir='ltr'><strong>quod</strong></span> <span class='ocrx_word' id='word_1_204' title='bbox 1468 2802 1584 2853; x_wconf 77' lang='lat' dir='ltr'><strong>haec</strong></span> <span class='ocrx_word' id='word_1_205' title='bbox 1659 2806 1739 2856; x_wconf 80' lang='lat' dir='ltr'><strong>bis</strong></span> <span class='ocrx_word' id='word_1_206' title='bbox 1782 2804 2161 2869; x_wconf 77' lang='lat' dir='ltr'><strong>frigoribusque</strong></span> <span class='ocrx_word' id='word_1_207' title='bbox 2205 2802 2545 2855; x_wconf 80' lang='lat' dir='ltr'><strong>confunditur</strong></span> <span class='ocrx_word' id='word_1_208' title='bbox 2569 2804 2605 2854; x_wconf 87' lang='lat'><strong>:’</strong></span> <span class='ocrx_word' id='word_1_209' title='bbox 2655 2804 2723 2854; x_wconf 88' lang='lat' dir='ltr'><strong>de</strong></span> 
     </span>
     <span class='ocr_line' id='line_1_27' title="bbox 523 2878 2723 2946; baseline 0 -17"><span class='ocrx_word' id='word_1_210' title='bbox 523 2879 660 2929; x_wconf 89' lang='lat' dir='ltr'><strong>bona</strong></span> <span class='ocrx_word' id='word_1_211' title='bbox 681 2885 773 2928; x_wconf 84' lang='lat' dir='ltr'><strong>aut</strong></span> <span class='ocrx_word' id='word_1_212' title='bbox 803 2884 896 2928; x_wconf 89' lang='lat' dir='ltr'><strong>tua</strong></span> <span class='ocrx_word' id='word_1_213' title='bbox 928 2884 1067 2940; x_wconf 86' lang='lat' dir='ltr'><strong>sunt,</strong></span> <span class='ocrx_word' id='word_1_214' title='bbox 1089 2878 1277 2944; x_wconf 85' lang='lat' dir='ltr'><strong>inquit,</strong></span> <span class='ocrx_word' id='word_1_215' title='bbox 1310 2885 1402 2929; x_wconf 81' lang='lat' dir='ltr'><strong>aut</strong></span> <span class='ocrx_word' id='word_1_216' title='bbox 1433 2894 1584 2929; x_wconf 79' lang='lat' dir='ltr'><strong>mea:</strong></span> <span class='ocrx_word' id='word_1_217' title='bbox 1658 2881 1871 2933; x_wconf 86' lang='lat' dir='ltr'><strong>floribus</strong></span> <span class='ocrx_word' id='word_1_218' title='bbox 1905 2879 2242 2945; x_wconf 75' lang='lat' dir='ltr'><strong>frugibusque</strong></span> <span class='ocrx_word' id='word_1_219' title='bbox 2275 2879 2473 2946; x_wconf 79' lang='lat' dir='ltr'><strong>gratias</strong></span> <span class='ocrx_word' id='word_1_220' title='bbox 2491 2880 2723 2930; x_wconf 83' lang='lat' dir='ltr'><strong>homines</strong></span> 
     </span>
    </p>
   </div>
   <div class='ocr_carea' id='block_1_8' title="bbox 1562 1964 1803 1985">
    <p class='ocr_par' dir='ltr' id='par_1_9' title="bbox 1562 1964 1803 1985">
     <span class='ocr_line' id='line_1_28' title="bbox 1562 1964 1803 1985; baseline 0 2943"><span class='ocrx_word' id='word_1_221' title='bbox 1562 1964 1803 1985; x_wconf 95' lang='lat' dir='ltr'><strong> </strong></span> 
     </span>
    </p>
   </div>
   <div class='ocr_carea' id='block_1_9' title="bbox 513 2955 1586 4330">
    <p class='ocr_par' dir='ltr' id='par_1_10' title="bbox 520 2955 1586 3543">
     <span class='ocr_line' id='line_1_29' title="bbox 522 2955 1586 3018; baseline 0 -14"><span class='ocrx_word' id='word_1_222' title='bbox 522 2955 619 3005; x_wconf 78' lang='lat' dir='ltr'><strong>sed</strong></span> <span class='ocrx_word' id='word_1_223' title='bbox 643 2961 734 3005; x_wconf 83' lang='lat' dir='ltr'><strong>tua</strong></span> <span class='ocrx_word' id='word_1_224' title='bbox 755 2969 855 3005; x_wconf 87' lang='lat' dir='ltr'><strong>nou</strong></span> <span class='ocrx_word' id='word_1_225' title='bbox 873 2968 990 3004; x_wconf 87' lang='lat' dir='ltr'><strong>esse</strong></span> <span class='ocrx_word' id='word_1_226' title='bbox 1012 2969 1080 3004; x_wconf 84' lang='lat' dir='ltr'><strong>ex</strong></span> <span class='ocrx_word' id='word_1_227' title='bbox 1109 2955 1210 3005; x_wconf 88' lang='lat' dir='ltr'><strong>hoc</strong></span> <span class='ocrx_word' id='word_1_228' title='bbox 1242 2961 1328 3004; x_wconf 86' lang='lat' dir='ltr'><strong>est</strong></span> <span class='ocrx_word' id='word_1_229' title='bbox 1349 2955 1586 3018; x_wconf 85' lang='lat' dir='ltr'><strong>evidens,</strong></span> 
     </span>
     <span class='ocr_line' id='line_1_30' title="bbox 520 3030 1586 3097; baseline 0.001 -17"><span class='ocrx_word' id='word_1_230' title='bbox 520 3031 663 3097; x_wconf 80' lang='lat' dir='ltr'><strong>quod</strong></span> <span class='ocrx_word' id='word_1_231' title='bbox 699 3034 717 3062; x_wconf 88' lang='lat'>‘</span> <span class='ocrx_word' id='word_1_232' title='bbox 737 3032 779 3080; x_wconf 88' lang='lat' dir='ltr'><strong>si</strong></span> <span class='ocrx_word' id='word_1_233' title='bbox 812 3036 905 3081; x_wconf 88' lang='lat' dir='ltr'><strong>tua</strong></span> <span class='ocrx_word' id='word_1_234' title='bbox 938 3030 1148 3095; x_wconf 85' lang='lat' dir='ltr'><strong>forent,’</strong></span> <span class='ocrx_word' id='word_1_235' title='bbox 1181 3031 1363 3083; x_wconf 84' lang='lat' dir='ltr'><strong>eadem</strong></span> <span class='ocrx_word' id='word_1_236' title='bbox 1397 3033 1413 3061; x_wconf 90' lang='lat'>‘</span> <span class='ocrx_word' id='word_1_237' title='bbox 1443 3031 1586 3081; x_wconf 87' lang='lat' dir='ltr'><strong>nullo</strong></span> 
     </span>
     <span class='ocr_line' id='line_1_31' title="bbox 520 3105 1584 3172; baseline 0.001 -16"><span class='ocrx_word' id='word_1_238' title='bbox 520 3107 678 3156; x_wconf 87' lang='lat' dir='ltr'><strong>modo</strong></span> <span class='ocrx_word' id='word_1_239' title='bbox 717 3106 1050 3170; x_wconf 67' lang='lat' dir='ltr'><strong>‘perdidisses</strong></span> <span class='ocrx_word' id='word_1_240' title='bbox 1078 3106 1112 3157; x_wconf 68' lang='grc' dir='ltr'><strong>ε’</strong></span> <span class='ocrx_word' id='word_1_241' title='bbox 1165 3105 1584 3172; x_wconf 78' lang='lat' dir='ltr'><strong>quandoquidem</strong></span> 
     </span>
     <span class='ocr_line' id='line_1_32' title="bbox 523 3182 1582 3249; baseline 0.001 -18"><span class='ocrx_word' id='word_1_242' title='bbox 523 3182 794 3246; x_wconf 86' lang='lat' dir='ltr'><strong>bonorum,</strong></span> <span class='ocrx_word' id='word_1_243' title='bbox 815 3197 933 3249; x_wconf 77' lang='lat' dir='ltr'><strong>quae</strong></span> <span class='ocrx_word' id='word_1_244' title='bbox 957 3190 1049 3234; x_wconf 85' lang='lat' dir='ltr'><strong>tua</strong></span> <span class='ocrx_word' id='word_1_245' title='bbox 1070 3190 1208 3247; x_wconf 87' lang='lat' dir='ltr'><strong>sunt,</strong></span> <span class='ocrx_word' id='word_1_246' title='bbox 1244 3182 1321 3232; x_wconf 85' lang='lat' dir='ltr'><strong>ita</strong></span> <span class='ocrx_word' id='word_1_247' title='bbox 1344 3182 1582 3233; x_wconf 85' lang='lat' dir='ltr'><strong>deminus</strong></span> 
     </span>
     <span class='ocr_line' id='line_1_33' title="bbox 523 3258 1584 3325; baseline 0.003 -19"><span class='ocrx_word' id='word_1_248' title='bbox 523 3272 598 3321; x_wconf 86' lang='lat' dir='ltr'><strong>es,</strong></span> <span class='ocrx_word' id='word_1_249' title='bbox 635 3258 749 3308; x_wconf 82' lang='lat' dir='ltr'><strong>haec</strong></span> <span class='ocrx_word' id='word_1_250' title='bbox 781 3266 862 3322; x_wconf 85' lang='lat' dir='ltr'><strong>ut,</strong></span> <span class='ocrx_word' id='word_1_251' title='bbox 900 3261 999 3310; x_wconf 86' lang='lat' dir='ltr'><strong>nisi</strong></span> <span class='ocrx_word' id='word_1_252' title='bbox 1033 3260 1177 3324; x_wconf 86' lang='lat' dir='ltr'><strong>prius</strong></span> <span class='ocrx_word' id='word_1_253' title='bbox 1210 3260 1434 3310; x_wconf 83' lang='lat' dir='ltr'><strong>volueris</strong></span> <span class='ocrx_word' id='word_1_254' title='bbox 1466 3274 1584 3325; x_wconf 84' lang='lat' dir='ltr'><strong>per·</strong></span> 
     </span>
     <span class='ocr_line' id='line_1_34' title="bbox 522 3336 1586 3402; baseline 0.002 -16"><span class='ocrx_word' id='word_1_255' title='bbox 522 3336 668 3399; x_wconf 87' lang='lat' dir='ltr'><strong>dere,</strong></span> <span class='ocrx_word' id='word_1_256' title='bbox 701 3350 801 3387; x_wconf 87' lang='lat' dir='ltr'><strong>nou</strong></span> <span class='ocrx_word' id='word_1_257' title='bbox 828 3338 1045 3402; x_wconf 84' lang='lat' dir='ltr'><strong>perdas:</strong></span> <span class='ocrx_word' id='word_1_258' title='bbox 1079 3339 1196 3389; x_wconf 85' lang='lat' dir='ltr'><strong>haec</strong></span> <span class='ocrx_word' id='word_1_259' title='bbox 1230 3345 1403 3389; x_wconf 84' lang='lat' dir='ltr'><strong>autem</strong></span> <span class='ocrx_word' id='word_1_260' title='bbox 1430 3338 1586 3399; x_wconf 84' lang='lat' dir='ltr'><strong>bona,</strong></span> 
     </span>
     <span class='ocr_line' id='line_1_35' title="bbox 522 3417 1583 3483; baseline 0.002 -18"><span class='ocrx_word' id='word_1_261' title='bbox 522 3424 641 3482; x_wconf 80' lang='lat' dir='ltr'><strong>quae</strong></span> <span class='ocrx_word' id='word_1_262' title='bbox 686 3417 875 3466; x_wconf 82' lang='lat' dir='ltr'><strong>amissa</strong></span> <span class='ocrx_word' id='word_1_263' title='bbox 928 3418 1279 3483; x_wconf 73' lang='lat' dir='ltr'><strong>conquereriS,</strong></span> <span class='ocrx_word' id='word_1_264' title='bbox 1322 3431 1583 3483; x_wconf 87' lang='lat' dir='ltr'><strong>nunquam</strong></span> 
     </span>
     <span class='ocr_line' id='line_1_36' title="bbox 523 3491 1015 3543; baseline 0.002 -2"><span class='ocrx_word' id='word_1_265' title='bbox 523 3491 732 3542; x_wconf 81' lang='lat' dir='ltr'><strong>voluisti</strong></span> <span class='ocrx_word' id='word_1_266' title='bbox 755 3492 1015 3543; x_wconf 84' lang='lat' dir='ltr'><strong>amittere.</strong></span> 
     </span>
    </p>

    <p class='ocr_par' dir='ltr' id='par_1_11' title="bbox 513 3568 1585 4021">
     <span class='ocr_line' id='line_1_37' title="bbox 588 3568 1585 3634; baseline 0.004 -15"><span class='ocrx_word' id='word_1_267' title='bbox 588 3568 604 3601; x_wconf 80' lang='lat'><strong>¹</strong></span> <span class='ocrx_word' id='word_1_268' title='bbox 631 3570 712 3619; x_wconf 73' lang='lat' dir='ltr'><strong>Aa</strong></span> <span class='ocrx_word' id='word_1_269' title='bbox 737 3583 824 3631; x_wconf 79' lang='lat' dir='ltr'><strong>ego</strong></span> <span class='ocrx_word' id='word_1_270' title='bbox 844 3568 969 3632; x_wconf 79' lang='lat' dir='ltr'><strong>sola]</strong></span> <span class='ocrx_word' id='word_1_271' title='bbox 1003 3582 1087 3619; x_wconf 78' lang='grc' dir='ltr'><strong>ιιι.</strong></span> <span class='ocrx_word' id='word_1_272' title='bbox 1126 3570 1357 3620; x_wconf 82' lang='lat' dir='ltr'><strong>Fortuna</strong></span> <span class='ocrx_word' id='word_1_273' title='bbox 1393 3570 1585 3634; x_wconf 84' lang='lat' dir='ltr'><strong>probat</strong></span> 
     </span>
     <span class='ocr_line' id='line_1_38' title="bbox 523 3646 1583 3712; baseline 0.002 -15"><span class='ocrx_word' id='word_1_274' title='bbox 523 3646 798 3710; x_wconf 84' lang='lat' dir='ltr'><strong>exemplis,</strong></span> <span class='ocrx_word' id='word_1_275' title='bbox 821 3660 879 3696; x_wconf 90' lang='lat' dir='ltr'><strong>se</strong></span> <span class='ocrx_word' id='word_1_276' title='bbox 912 3646 1169 3711; x_wconf 65' lang='lat' dir='ltr'><strong>predicta</strong></span> <span class='ocrx_word' id='word_1_277' title='bbox 1188 3647 1423 3712; x_wconf 87' lang='lat' dir='ltr'><strong>corporis</strong></span> <span class='ocrx_word' id='word_1_278' title='bbox 1445 3649 1583 3699; x_wconf 83' lang='lat' dir='ltr'><strong>bona</strong></span> 
     </span>
     <span class='ocr_line' id='line_1_39' title="bbox 513 3722 1584 3791; baseline 0.004 -19"><span class='ocrx_word' id='word_1_279' title='bbox 513 3723 640 3787; x_wconf 87' lang='lat' dir='ltr'><strong>jure</strong></span> <span class='ocrx_word' id='word_1_280' title='bbox 657 3736 811 3788; x_wconf 85' lang='lat' dir='ltr'><strong>posse</strong></span> <span class='ocrx_word' id='word_1_281' title='bbox 831 3722 959 3773; x_wconf 79' lang='lat' dir='ltr'><strong>dare</strong></span> <span class='ocrx_word' id='word_1_282' title='bbox 980 3730 1038 3774; x_wconf 81' lang='lat' dir='ltr'><strong>et</strong></span> <span class='ocrx_word' id='word_1_283' title='bbox 1062 3722 1297 3776; x_wconf 74' lang='lat' dir='ltr'><strong>auferre:</strong></span> <span class='ocrx_word' id='word_1_284' title='bbox 1331 3725 1468 3791; x_wconf 87' lang='lat' dir='ltr'><strong>quod</strong></span> <span class='ocrx_word' id='word_1_285' title='bbox 1491 3725 1584 3776; x_wconf 84' lang='lat' dir='ltr'><strong>de-</strong></span> 
     </span>
     <span class='ocr_line' id='line_1_40' title="bbox 521 3799 1583 3868; baseline 0.004 -19"><span class='ocrx_word' id='word_1_286' title='bbox 521 3799 685 3850; x_wconf 85' lang='lat' dir='ltr'><strong>terior</strong></span> <span class='ocrx_word' id='word_1_287' title='bbox 706 3813 823 3850; x_wconf 90' lang='lat' dir='ltr'><strong>esse</strong></span> <span class='ocrx_word' id='word_1_288' title='bbox 840 3814 943 3852; x_wconf 83' lang='lat' dir='ltr'><strong>non</strong></span> <span class='ocrx_word' id='word_1_289' title='bbox 960 3800 1151 3853; x_wconf 85' lang='lat' dir='ltr'><strong>debeat</strong></span> <span class='ocrx_word' id='word_1_290' title='bbox 1171 3801 1415 3867; x_wconf 77' lang='lat' dir='ltr'><strong>fortunae,</strong></span> <span class='ocrx_word' id='word_1_291' title='bbox 1428 3818 1583 3868; x_wconf 86' lang='lat' dir='ltr'><strong>quam</strong></span> 
     </span>
     <span class='ocr_line' id='line_1_41' title="bbox 519 3880 1583 3932; baseline 0.005 -7"><span class='ocrx_word' id='word_1_292' title='bbox 519 3882 814 3927; x_wconf 81' lang='lat' dir='ltr'><strong>ceterarum</strong></span> <span class='ocrx_word' id='word_1_293' title='bbox 831 3891 1101 3928; x_wconf 82' lang='lat' dir='ltr'><strong>causarum</strong></span> <span class='ocrx_word' id='word_1_294' title='bbox 1115 3880 1361 3932; x_wconf 82' lang='lat' dir='ltr'><strong>conditio.</strong></span> <span class='ocrx_word' id='word_1_295' title='bbox 1393 3882 1583 3932; x_wconf 85' lang='lat' dir='ltr'><strong>Exem-</strong></span> 
     </span>
     <span class='ocr_line' id='line_1_42' title="bbox 520 3951 1320 4021; baseline 0.008 -20"><span class='ocrx_word' id='word_1_296' title='bbox 520 3951 611 4019; x_wconf 83' lang='lat' dir='ltr'><strong>pla</strong></span> <span class='ocrx_word' id='word_1_297' title='bbox 627 3957 800 4003; x_wconf 85' lang='lat' dir='ltr'><strong>autem</strong></span> <span class='ocrx_word' id='word_1_298' title='bbox 818 3954 922 4005; x_wconf 85' lang='lat' dir='ltr'><strong>ista</strong></span> <span class='ocrx_word' id='word_1_299' title='bbox 943 3961 1063 4004; x_wconf 89' lang='lat' dir='ltr'><strong>sunt</strong></span> <span class='ocrx_word' id='word_1_300' title='bbox 1081 3963 1320 4021; x_wconf 86' lang='lat' dir='ltr'><strong>quatuor.</strong></span> 
     </span>
    </p>

    <p class='ocr_par' dir='ltr' id='par_1_12' title="bbox 517 4022 1582 4330">
     <span class='ocr_line' id='line_1_43' title="bbox 583 4022 1582 4094; baseline 0.006 -16"><span class='ocrx_word' id='word_1_301' title='bbox 583 4027 609 4062; x_wconf 59' lang='grc' dir='ltr'><strong><em>Β</em></strong></span> <span class='ocrx_word' id='word_1_302' title='bbox 639 4029 780 4079; x_wconf 75' lang='lat' dir='ltr'><strong>Licet</strong></span> <span class='ocrx_word' id='word_1_303' title='bbox 800 4030 934 4094; x_wconf 79' lang='lat' dir='ltr'><strong>eoelo]</strong></span> <span class='ocrx_word' id='word_1_304' title='bbox 960 4022 1196 4082; x_wconf 87' lang='lat' dir='ltr'><strong>Primum</strong></span> <span class='ocrx_word' id='word_1_305' title='bbox 1222 4031 1448 4086; x_wconf 64' lang='lat' dir='ltr'><strong>fortuna!</strong></span> <span class='ocrx_word' id='word_1_306' title='bbox 1490 4049 1582 4084; x_wconf 83' lang='lat' dir='ltr'><strong>ex·</strong></span> 
     </span>
     <span class='ocr_line' id='line_1_44' title="bbox 522 4107 1582 4174; baseline 0.002 -16"><span class='ocrx_word' id='word_1_307' title='bbox 522 4107 769 4171; x_wconf 82' lang='lat' dir='ltr'><strong>emplum.</strong></span> <span class='ocrx_word' id='word_1_308' title='bbox 837 4107 1036 4158; x_wconf 84' lang='lat' dir='ltr'><strong>Coelum</strong></span> <span class='ocrx_word' id='word_1_309' title='bbox 1070 4110 1196 4173; x_wconf 91' lang='lat' dir='ltr'><strong>sole,</strong></span> <span class='ocrx_word' id='word_1_310' title='bbox 1227 4125 1381 4174; x_wconf 88' lang='lat' dir='ltr'><strong>quem</strong></span> <span class='ocrx_word' id='word_1_311' title='bbox 1416 4112 1582 4161; x_wconf 86' lang='lat' dir='ltr'><strong>eonti-</strong></span> 
     </span>
     <span class='ocr_line' id='line_1_45' title="bbox 517 4185 1578 4249; baseline 0.005 -15"><span class='ocrx_word' id='word_1_312' title='bbox 517 4192 909 4249; x_wconf 82' lang='lat' dir='ltr'><strong>net,praesente</strong></span> <span class='ocrx_word' id='word_1_313' title='bbox 944 4186 959 4214; x_wconf 90' lang='lat'>‘</span> <span class='ocrx_word' id='word_1_314' title='bbox 983 4186 1118 4235; x_wconf 86' lang='lat' dir='ltr'><strong>diem</strong></span> <span class='ocrx_word' id='word_1_315' title='bbox 1140 4186 1385 4239; x_wconf 62' lang='lat' dir='ltr'><strong>lucidum?</strong></span> <span class='ocrx_word' id='word_1_316' title='bbox 1416 4185 1578 4239; x_wconf 68' lang='lat' dir='ltr'><strong>facite</strong></span> 
     </span>
     <span class='ocr_line' id='line_1_46' title="bbox 520 4262 1582 4330; baseline 0.003 -18"><span class='ocrx_word' id='word_1_317' title='bbox 520 4262 612 4313; x_wconf 86' lang='lat' dir='ltr'><strong>sed</strong></span> <span class='ocrx_word' id='word_1_318' title='bbox 637 4262 774 4314; x_wconf 89' lang='lat' dir='ltr'><strong>idem</strong></span> <span class='ocrx_word' id='word_1_319' title='bbox 795 4264 1004 4330; x_wconf 85' lang='lat' dir='ltr'><strong>coelum,</strong></span> <span class='ocrx_word' id='word_1_320' title='bbox 1026 4265 1133 4314; x_wconf 88' lang='lat' dir='ltr'><strong>sole</strong></span> <span class='ocrx_word' id='word_1_321' title='bbox 1151 4264 1386 4328; x_wconf 78' lang='lat' dir='ltr'><strong>absente,</strong></span> <span class='ocrx_word' id='word_1_322' title='bbox 1427 4264 1442 4293; x_wconf 88' lang='lat'>‘</span> <span class='ocrx_word' id='word_1_323' title='bbox 1459 4279 1582 4315; x_wconf 89' lang='lat' dir='ltr'><strong>noc-</strong></span> 
     </span>
    </p>
   </div>
   <div class='ocr_carea' id='block_1_10' title="bbox 1652 2956 2721 4173">
    <p class='ocr_par' dir='ltr' id='par_1_13' title="bbox 1657 2956 2718 3098">
     <span class='ocr_line' id='line_1_47' title="bbox 1657 2956 2718 3022; baseline -0.004 -13"><span class='ocrx_word' id='word_1_324' title='bbox 1657 2959 1888 3009; x_wconf 79' lang='lat' dir='ltr'><strong>habent:</strong></span> <span class='ocrx_word' id='word_1_325' title='bbox 1914 2957 1982 3007; x_wconf 92' lang='lat' dir='ltr'><strong>de</strong></span> <span class='ocrx_word' id='word_1_326' title='bbox 2003 2956 2192 3007; x_wconf 86' lang='lat' dir='ltr'><strong>nimbis</strong></span> <span class='ocrx_word' id='word_1_327' title='bbox 2209 2965 2266 3008; x_wconf 87' lang='lat' dir='ltr'><strong>et</strong></span> <span class='ocrx_word' id='word_1_328' title='bbox 2289 2956 2574 3022; x_wconf 75' lang='lat' dir='ltr'><strong>frigoribus</strong></span> <span class='ocrx_word' id='word_1_329' title='bbox 2595 2962 2718 3021; x_wconf 85' lang='lat' dir='ltr'><strong>q&#39;ue-</strong></span> 
     </span>
     <span class='ocr_line' id='line_1_48' title="bbox 1659 3031 2249 3098; baseline -0.003 -12"><span class='ocrx_word' id='word_1_330' title='bbox 1659 3037 1795 3086; x_wconf 84' lang='lat' dir='ltr'><strong>relas</strong></span> <span class='ocrx_word' id='word_1_331' title='bbox 1818 3049 1923 3084; x_wconf 81' lang='lat' dir='ltr'><strong>non</strong></span> <span class='ocrx_word' id='word_1_332' title='bbox 1957 3031 2249 3098; x_wconf 83' lang='lat' dir='ltr'><strong>proferunt.</strong></span> 
     </span>
    </p>

    <p class='ocr_par' dir='ltr' id='par_1_14' title="bbox 1652 3107 2721 4173">
     <span class='ocr_line' id='line_1_49' title="bbox 1719 3107 2720 3173; baseline -0.004 -12"><span class='ocrx_word' id='word_1_333' title='bbox 1719 3119 1756 3146; x_wconf 79' lang='lat'><strong>¹·</strong></span> <span class='ocrx_word' id='word_1_334' title='bbox 1786 3113 1882 3161; x_wconf 63' lang='grc' dir='ltr'><strong>διε</strong></span> <span class='ocrx_word' id='word_1_335' title='bbox 1907 3117 1980 3161; x_wconf 75' lang='lat' dir='ltr'><strong>est</strong></span> <span class='ocrx_word' id='word_1_336' title='bbox 2011 3109 2158 3173; x_wconf 71' lang='lat' dir='ltr'><strong>mari]</strong></span> <span class='ocrx_word' id='word_1_337' title='bbox 2200 3108 2440 3160; x_wconf 87' lang='lat' dir='ltr'><strong>Tertium</strong></span> <span class='ocrx_word' id='word_1_338' title='bbox 2495 3107 2720 3158; x_wconf 63' lang='lat' dir='ltr'><strong>fortunae</strong></span> 
     </span>
     <span class='ocr_line' id='line_1_50' title="bbox 1656 3188 2719 3253; baseline -0.003 -15"><span class='ocrx_word' id='word_1_339' title='bbox 1656 3189 1971 3253; x_wconf 86' lang='lat' dir='ltr'><strong>exemplum.</strong></span> <span class='ocrx_word' id='word_1_340' title='bbox 1991 3188 2167 3240; x_wconf 84' lang='lat' dir='ltr'><strong>‘Mare</strong></span> <span class='ocrx_word' id='word_1_341' title='bbox 2176 3200 2313 3236; x_wconf 85' lang='lat' dir='ltr'><strong>nunc</strong></span> <span class='ocrx_word' id='word_1_342' title='bbox 2329 3190 2494 3236; x_wconf 86' lang='lat' dir='ltr'><strong>strato</strong></span> <span class='ocrx_word' id='word_1_343' title='bbox 2510 3198 2719 3248; x_wconf 81' lang='lat' dir='ltr'><strong>aequore</strong></span> 
     </span>
     <span class='ocr_line' id='line_1_51' title="bbox 1658 3258 2720 3328; baseline -0.008 -11"><span class='ocrx_word' id='word_1_344' title='bbox 1658 3266 1957 3317; x_wconf 77' lang='lat' dir='ltr'><strong>blanditurz</strong></span> <span class='ocrx_word' id='word_1_345' title='bbox 2001 3280 2138 3316; x_wconf 86' lang='lat' dir='ltr'><strong>nunc</strong></span> <span class='ocrx_word' id='word_1_346' title='bbox 2175 3263 2419 3328; x_wconf 86' lang='lat' dir='ltr'><strong>procellis</strong></span> <span class='ocrx_word' id='word_1_347' title='bbox 2454 3276 2517 3311; x_wconf 84' lang='lat' dir='ltr'><strong>ac</strong></span> <span class='ocrx_word' id='word_1_348' title='bbox 2548 3258 2720 3311; x_wconf 85' lang='lat' dir='ltr'><strong>flucti-</strong></span> 
     </span>
     <span class='ocr_line' id='line_1_52' title="bbox 1658 3337 2720 3406; baseline -0.007 -13"><span class='ocrx_word' id='word_1_349' title='bbox 1658 3343 1754 3393; x_wconf 86' lang='lat' dir='ltr'><strong>bus</strong></span> <span class='ocrx_word' id='word_1_350' title='bbox 1768 3342 2105 3406; x_wconf 84' lang='lat' dir='ltr'><strong>inhorreseit‚’</strong></span> <span class='ocrx_word' id='word_1_351' title='bbox 2119 3339 2546 3405; x_wconf 75' lang='lat' dir='ltr'><strong>tranquillitatem</strong></span> <span class='ocrx_word' id='word_1_352' title='bbox 2561 3337 2720 3388; x_wconf 84' lang='lat' dir='ltr'><strong>bomi-</strong></span> 
     </span>
     <span class='ocr_line' id='line_1_53' title="bbox 1660 3416 2721 3479; baseline -0.005 -10"><span class='ocrx_word' id='word_1_353' title='bbox 1660 3434 1754 3470; x_wconf 88' lang='lat' dir='ltr'><strong>nes</strong></span> <span class='ocrx_word' id='word_1_354' title='bbox 1770 3420 2095 3471; x_wconf 78' lang='lat' dir='ltr'><strong>arbitrantur</strong></span> <span class='ocrx_word' id='word_1_355' title='bbox 2116 3417 2345 3468; x_wconf 81' lang='lat' dir='ltr'><strong>favorem</strong></span> <span class='ocrx_word' id='word_1_356' title='bbox 2369 3432 2383 3478; x_wconf 82' lang='lat'>3</span> <span class='ocrx_word' id='word_1_357' title='bbox 2410 3416 2503 3466; x_wconf 88' lang='lat' dir='ltr'><strong>sed</strong></span> <span class='ocrx_word' id='word_1_358' title='bbox 2522 3417 2721 3479; x_wconf 81' lang='lat' dir='ltr'><strong>procel-</strong></span> 
     </span>
     <span class='ocr_line' id='line_1_54' title="bbox 1660 3495 2720 3561; baseline -0.006 -15"><span class='ocrx_word' id='word_1_359' title='bbox 1660 3498 1760 3548; x_wconf 84' lang='lat' dir='ltr'><strong>lam</strong></span> <span class='ocrx_word' id='word_1_360' title='bbox 1780 3511 1883 3547; x_wconf 84' lang='lat' dir='ltr'><strong>non</strong></span> <span class='ocrx_word' id='word_1_361' title='bbox 1898 3502 2087 3561; x_wconf 83' lang='lat' dir='ltr'><strong>putant</strong></span> <span class='ocrx_word' id='word_1_362' title='bbox 2103 3495 2375 3559; x_wconf 71' lang='lat' dir='ltr'><strong>injurium:</strong></span> <span class='ocrx_word' id='word_1_363' title='bbox 2401 3507 2562 3557; x_wconf 82' lang='lat' dir='ltr'><strong>quare</strong></span> <span class='ocrx_word' id='word_1_364' title='bbox 2578 3506 2720 3555; x_wconf 78' lang='lat' dir='ltr'><strong>ergo,</strong></span> 
     </span>
     <span class='ocr_line' id='line_1_55' title="bbox 1659 3569 2715 3638; baseline -0.005 -16"><span class='ocrx_word' id='word_1_365' title='bbox 1659 3574 1831 3638; x_wconf 77' lang='lat' dir='ltr'><strong>inquit</strong></span> <span class='ocrx_word' id='word_1_366' title='bbox 1868 3571 2096 3632; x_wconf 83' lang='lat' dir='ltr'><strong>fortuna,</strong></span> <span class='ocrx_word' id='word_1_367' title='bbox 2123 3572 2139 3600; x_wconf 91' lang='lat'>‘</span> <span class='ocrx_word' id='word_1_368' title='bbox 2164 3585 2255 3620; x_wconf 85' lang='lat' dir='ltr'><strong>nos</strong></span> <span class='ocrx_word' id='word_1_369' title='bbox 2285 3570 2351 3620; x_wconf 85' lang='lat' dir='ltr'><strong>ad</strong></span> <span class='ocrx_word' id='word_1_370' title='bbox 2375 3569 2715 3620; x_wconf 78' lang='lat' dir='ltr'><strong>constantiam</strong></span> 
     </span>
     <span class='ocr_line' id='line_1_56' title="bbox 1657 3647 2716 3711; baseline -0.004 -12"><span class='ocrx_word' id='word_1_371' title='bbox 1657 3649 1853 3700; x_wconf 83' lang='lat' dir='ltr'><strong>nostris</strong></span> <span class='ocrx_word' id='word_1_372' title='bbox 1894 3648 2127 3699; x_wconf 85' lang='lat' dir='ltr'><strong>moribus</strong></span> <span class='ocrx_word' id='word_1_373' title='bbox 2171 3648 2393 3698; x_wconf 83' lang='lat' dir='ltr'><strong>alienam</strong></span> <span class='ocrx_word' id='word_1_374' title='bbox 2450 3647 2716 3711; x_wconf 78' lang='lat' dir='ltr'><strong>inexpleta</strong></span> 
     </span>
     <span class='ocr_line' id='line_1_57' title="bbox 1659 3723 2716 3789; baseline -0.004 -13"><span class='ocrx_word' id='word_1_375' title='bbox 1659 3727 1926 3777; x_wconf 80' lang='lat' dir='ltr'><strong>hominum</strong></span> <span class='ocrx_word' id='word_1_376' title='bbox 1963 3724 2225 3789; x_wconf 77' lang='lat' dir='ltr'><strong>cupiditas</strong></span> <span class='ocrx_word' id='word_1_377' title='bbox 2287 3723 2524 3787; x_wconf 75' lang='lat' dir='ltr'><strong>alligabit</strong></span> <span class='ocrx_word' id='word_1_378' title='bbox 2540 3723 2579 3773; x_wconf 83' lang='lat'><strong>?&#39;</strong></span> <span class='ocrx_word' id='word_1_379' title='bbox 2635 3724 2716 3772; x_wconf 84' lang='lat' dir='ltr'><strong>De</strong></span> 
     </span>
     <span class='ocr_line' id='line_1_58' title="bbox 1653 3799 2717 3865; baseline -0.004 -11"><span class='ocrx_word' id='word_1_380' title='bbox 1653 3804 1672 3834; x_wconf 88' lang='lat'>‘</span> <span class='ocrx_word' id='word_1_381' title='bbox 1691 3802 1832 3854; x_wconf 86' lang='lat' dir='ltr'><strong>ludo’</strong></span> <span class='ocrx_word' id='word_1_382' title='bbox 1851 3810 1907 3853; x_wconf 87' lang='lat' dir='ltr'><strong>et</strong></span> <span class='ocrx_word' id='word_1_383' title='bbox 1929 3803 1997 3853; x_wconf 89' lang='lat' dir='ltr'><strong>de</strong></span> <span class='ocrx_word' id='word_1_384' title='bbox 2033 3805 2051 3833; x_wconf 78' lang='lat'><strong><em>⁴</em></strong></span> <span class='ocrx_word' id='word_1_385' title='bbox 2069 3800 2207 3852; x_wconf 78' lang='lat' dir='ltr'><strong>rota&#39;</strong></span> <span class='ocrx_word' id='word_1_386' title='bbox 2226 3799 2450 3851; x_wconf 66' lang='lat' dir='ltr'><strong>formum</strong></span> <span class='ocrx_word' id='word_1_387' title='bbox 2475 3801 2587 3865; x_wconf 83' lang='lat' dir='ltr'><strong>jam</strong></span> <span class='ocrx_word' id='word_1_388' title='bbox 2610 3799 2717 3850; x_wconf 86' lang='lat' dir='ltr'><strong>die·</strong></span> 
     </span>
     <span class='ocr_line' id='line_1_59' title="bbox 1658 3876 2713 3933; baseline -0.004 -1"><span class='ocrx_word' id='word_1_389' title='bbox 1658 3888 1769 3933; x_wconf 87' lang='lat' dir='ltr'><strong>tum</strong></span> <span class='ocrx_word' id='word_1_390' title='bbox 1790 3888 1873 3931; x_wconf 85' lang='lat' dir='ltr'><strong>est</strong></span> <span class='ocrx_word' id='word_1_391' title='bbox 1894 3881 1993 3930; x_wconf 83' lang='lat' dir='ltr'><strong>hoc</strong></span> <span class='ocrx_word' id='word_1_392' title='bbox 2011 3878 2166 3930; x_wconf 89' lang='lat' dir='ltr'><strong>libro.</strong></span> <span class='ocrx_word' id='word_1_393' title='bbox 2221 3878 2324 3929; x_wconf 85' lang='lat' dir='ltr'><strong>Hic</strong></span> <span class='ocrx_word' id='word_1_394' title='bbox 2347 3884 2521 3929; x_wconf 78' lang='lat' dir='ltr'><strong>autem</strong></span> <span class='ocrx_word' id='word_1_395' title='bbox 2545 3876 2713 3929; x_wconf 79' lang='lat' dir='ltr'><strong>forts-</strong></span> 
     </span>
     <span class='ocr_line' id='line_1_60' title="bbox 1654 3953 2714 4017; baseline -0.005 -9"><span class='ocrx_word' id='word_1_396' title='bbox 1654 3973 1724 4008; x_wconf 88' lang='lat' dir='ltr'><strong>na</strong></span> <span class='ocrx_word' id='word_1_397' title='bbox 1744 3956 1942 4008; x_wconf 86' lang='lat' dir='ltr'><strong>dieitur</strong></span> <span class='ocrx_word' id='word_1_398' title='bbox 1975 3955 2181 4005; x_wconf 88' lang='lat' dir='ltr'><strong>‘ludum</strong></span> <span class='ocrx_word' id='word_1_399' title='bbox 2210 3953 2430 4017; x_wconf 86' lang='lat' dir='ltr'><strong>ludere‚&#39;</strong></span> <span class='ocrx_word' id='word_1_400' title='bbox 2459 3954 2599 4004; x_wconf 80' lang='lat' dir='ltr'><strong>sicut</strong></span> <span class='ocrx_word' id='word_1_401' title='bbox 2618 3955 2714 4003; x_wconf 85' lang='lat' dir='ltr'><strong>Te·</strong></span> 
     </span>
     <span class='ocr_line' id='line_1_61' title="bbox 1655 4030 2716 4096; baseline -0.005 -11"><span class='ocrx_word' id='word_1_402' title='bbox 1655 4034 1856 4085; x_wconf 71' lang='lat' dir='ltr'><strong>tentius</strong></span> <span class='ocrx_word' id='word_1_403' title='bbox 1873 4033 2010 4083; x_wconf 87' lang='lat' dir='ltr'><strong>dixit</strong></span> <span class='ocrx_word' id='word_1_404' title='bbox 2037 4032 2056 4062; x_wconf 89' lang='lat'>‘</span> <span class='ocrx_word' id='word_1_405' title='bbox 2078 4031 2305 4095; x_wconf 78' lang='lat' dir='ltr'><strong>gaudere</strong></span> <span class='ocrx_word' id='word_1_406' title='bbox 2326 4030 2611 4096; x_wconf 80' lang='lat' dir='ltr'><strong>gaudium,’</strong></span> <span class='ocrx_word' id='word_1_407' title='bbox 2634 4031 2716 4080; x_wconf 85' lang='lat' dir='ltr'><strong>Ci-</strong></span> 
     </span>
     <span class='ocr_line' id='line_1_62' title="bbox 1652 4108 2711 4173; baseline -0.004 -13"><span class='ocrx_word' id='word_1_408' title='bbox 1652 4125 1776 4161; x_wconf 83' lang='lat' dir='ltr'><strong>cero</strong></span> <span class='ocrx_word' id='word_1_409' title='bbox 1829 4113 1845 4139; x_wconf 87' lang='lat'>‘</span> <span class='ocrx_word' id='word_1_410' title='bbox 1880 4110 2079 4160; x_wconf 86' lang='lat' dir='ltr'><strong>servire</strong></span> <span class='ocrx_word' id='word_1_411' title='bbox 2125 4108 2469 4169; x_wconf 74' lang='lat' dir='ltr'><strong>servitutem‚’</strong></span> <span class='ocrx_word' id='word_1_412' title='bbox 2527 4109 2711 4173; x_wconf 74' lang='lat' dir='ltr'><strong>vulgus</strong></span> 
     </span>
    </p>
   </div>
   <div class='ocr_carea' id='block_1_11' title="bbox 1653 4189 2092 4243">
    <p class='ocr_par' dir='ltr' id='par_1_15' title="bbox 1653 4189 2092 4243">
     <span class='ocr_line' id='line_1_63' title="bbox 1653 4189 2092 4243; baseline -0.005 -3"><span class='ocrx_word' id='word_1_413' title='bbox 1653 4192 1668 4220; x_wconf 90' lang='lat'>‘</span> <span class='ocrx_word' id='word_1_414' title='bbox 1693 4192 1872 4243; x_wconf 75' lang='lat' dir='ltr'><strong>vivere</strong></span> <span class='ocrx_word' id='word_1_415' title='bbox 1894 4189 2092 4243; x_wconf 61' lang='lat' dir='ltr'><strong>vitam)</strong></span> 
     </span>
    </p>
   </div>
  </div>
 </body>
</html>
