3049 4928
574 408 878 456 BOETI-lll
926 407 1022 456 DE
1073 407 1377 458 CONSOL.
1426 408 1870 458 PHILOSOPH·
1919 409 2062 457 1218.
2109 411 2218 457 111.

308 550 565 615 megistus
596 552 648 599 in
679 551 1024 615 Poetnandro,
1061 550 1152 601 Καὶ
1180 553 1267 601 τοῦ
1286 551 1382 614 μὲν,

307 628 473 678 αἰῶνος
504 628 535 687 ἡ
557 627 706 692 ψυχὴ,
731 630 757 677 ὁ
779 628 907 679 Θεὸς·
940 630 1027 678 τοῦ
1059 627 1109 678 δὲ
1138 628 1314 690 κόσμου
1340 630 1373 689 ἡ

308 706 460 769 ψυχὴ,
510 708 537 754 ὁ
573 704 699 755 αἰών·
738 709 823 765 τῆς
863 705 914 755 δὲ
949 710 1058 769 γῆς,
1103 709 1129 755 ὁ
1169 706 1371 772 οὐρανός.

345 782 676 832 AEternitatis
695 785 879 845 anima,
898 784 1039 835 Deus
1063 793 1170 847 est3
1195 786 1371 835 mundi

309 860 500 919 anima,
523 861 823 920 aeteruitas3
860 868 1013 910 terrae
1044 862 1233 923 anima,
1268 877 1371 913 coe-

309 935 457 984 lum!
511 937 721 1000 ,Estque
764 937 910 985 Dens
944 937 1133 986 Proclo
1169 952 1370 1001 quoque

309 1013 493 1062 Theoi.
516 1014 659 1064 Plat.
684 1012 812 1073 πηγὴ
831 1015 918 1072 ’τῆς
943 1012 1059 1072 ὅλης
1090 1012 1369 1073 &wida-arros.

309 1091 325 1117 ‘
344 1089 533 1139 Omnis
550 1090 856 1138 aeternitatis
877 1088 1027 1139 fons?
1072 1091 1240 1139 Porro
1264 1089 1372 1139 αἰὼν

309 1180 452 1215 nunc
476 1174 557 1215 est
579 1166 682 1215 Dei
706 1164 925 1227 ἄῖδιότης,
944 1167 1373 1231 ‘sempiternitaS,

308 1256 516 1306 semper
529 1243 794 1292 aeternitas
807 1244 837 1303 ;’
863 1250 1177 1307 vocaturque
1195 1258 1226 1292 a
1240 1245 1371 1293 Pro-

309 1318 393 1367 clo
409 1317 590 1379 νοητὸν,
601 1318 945 1381 voepbv‚aevnm
962 1321 977 1348 ‘
990 1320 1255 1370 intellectu
1262 1321 1376 1383 ale,'

307 1395 450 1460 quod
493 1395 795 1445 attribuitur
838 1395 1015 1459 primae
1054 1396 1234 1459 menti,
1283 1412 1373 1446 seu

309 1473 460 1534 Deo;
476 1473 567 1537 qui
589 1480 757 1521 tamen
774 1472 1028 1535 Dionysio
1042 1472 1107 1520 de
1122 1471 1384 1532 divinomi

309 1547 402 1611 πρὸ
418 1547 607 1611 nidmu,
621 1547 699 1597 καὶ
711 1548 799 1613 πρὸ
816 1548 991 1611 αἰῶνος,
1008 1547 1087 1597 καὶ
1107 1547 1219 1614 ὑπὲρ
1236 1549 1376 1599 αἰῶνα

309 1625 436 1689 ἔστι,
452 1633 467 1654 ⁴
481 1634 602 1675 ante
621 1626 962 1683 aeternitates,
982 1634 1104 1675 aute
1121 1641 1305 1689 aevum,
1320 1636 1375 1677 et

307 1717 469 1766 super
509 1718 674 1752 aevum
716 1708 793 1753 es't
810 1702 845 1752 ε’
888 1718 1025 1752 nunc
1065 1712 1146 1753 est
1188 1705 1375 1769 angeli,

309 1780 585 1830 beatorum
606 1780 923 1845 aliorumque
941 1796 1058 1845 quae
1076 1789 1273 1832 aeterna
1290 1798 1373 1833 vo·

311 1865 534 1907 canitur:
571 1872 671 1905 non
709 1858 845 1921 quod
881 1858 996 1907 Deo
1019 1857 1227 1908 συναΐδια
1256 1862 1272 1887 ‘
1291 1875 1373 1911 co·

311 1940 514 1982 aeterna
535 1932 550 1955 '
604 1934 706 1982 sint
728 1951 741 1983 ε
800 1934 892 1982 sed
946 1933 1071 1996 μέσα
1111 1935 1259 1994 ὄντων
1296 1937 1375 1986 καὶ

310 2008 617 2071 γιγνομένων.
655 2009 747 2059 ὅσα
782 2012 849 2075 πῇ
885 2009 974 2071 μὲν
1009 2010 1188 2073 αἰῶνος,
1221 2015 1290 2079 πῇ
1324 2012 1375 2063 δὲ

312 2084 488 2149 χρόνον
506 2084 716 2148 μετέχει,
748 2087 763 2114 ‘
786 2086 955 2136 media
986 2088 1124 2138 inter
1150 2090 1234 2139 illa
1256 2091 1372 2156 qu'ae

312 2178 439 2213 vere
464 2170 601 2226 sunt,
632 2172 688 2213 et
717 2164 822 2213 ista
853 2180 967 2229 quae
999 2163 1197 2216 fluunt:
1234 2183 1376 2231 quae·

312 2241 550 2304 cunque'
581 2241 779 2290 scilicet
810 2243 824 2268 ‘
846 2242 1036 2305 partim
1070 2244 1276 2307 quidem
1306 2260 1374 2294 α’-

312 2317 598 2372 ternitatis,
635 2319 820 2381 partim
843 2334 968 2369 vero
988 2323 1235 2384 temporis
1258 2338 1376 2386 par-

309 2393 501 2458 ticipia
529 2394 700 2445 sunt?
732 2397 902 2460 iuquit
919 2397 1054 2446 idem
1075 2415 1089 2447 ε
1114 2400 1378 2449 aeteruita·

313 2471 403 2534 tis,
425 2472 546 2537 quia
566 2480 762 2522 aeterna
789 2473 962 2524 futura
984 2484 1139 2526 sunt:
1178 2484 1377 2540 tempo-

316 2549 407 2610 ris,
428 2550 548 2614 quia
565 2565 678 2600 esse
703 2559 986 2614 coeperunt.
1022 2553 1174 2603 Unde
1198 2569 1377 2604 omues

314 2632 441 2690 post
475 2641 727 2675 summum
768 2627 953 2678 ,Iovem
1001 2628 1091 2676 Dii
1140 2629 1378 2678 aeviterni

314 2703 384 2751 ab
405 2701 594 2762 Ennio,
616 2702 886 2764 aevintegri
911 2702 976 2751 ab
1000 2701 1223 2766 Apuleio
1251 2718 1379 2753 utin·

314 2783 595 2840 cupantur,
631 2775 767 2840 quod
801 2784 1052 2833 aeternum
1076 2793 1241 2827 aevum
1279 2780 1381 2829 illis

316 2853 489 2903 adsit:
513 2853 744 2905 homines
765 2867 887 2901 vero
910 2853 1016 2902 siut
1038 2855 1135 2903 aevi
1159 2854 1379 2913 mutabie

316 2931 401 2992 lis,
416 2941 476 2980 ut
492 2930 675 2994 quibus
693 2937 775 2979 est
790 2931 999 2994 [virgil.
1014 2931 1257 2982 AEneidos
1273 2933 1379 2997 ιιι]

314 3009 332 3037 ‘
350 3008 621 3071 Angustus
645 3008 889 3057 terminus
908 3008 1046 3058 aevi.'
1088 3009 1261 3060 Vallia.

380 3083 665 3148 Stabilisque
685 3099 873 3134 manens
886 3087 972 3134 das
991 3091 1160 3137 cuncta
1180 3086 1379 3150 moveri]

316 3161 449 3210 Esse
481 3161 704 3224 primum
734 3174 945 3208 movens
972 3162 1240 3211 immotum
1264 3177 1380 3226 pro·

314 3238 407 3289 bat
448 3238 763 3287 Aristoteles
805 3238 937 3286 libro
976 3253 1106 3289 vnt.
1172 3239 1379 3304 Physic.

315 3314 504 3379 Ibique
544 3312 789 3363 laudatur
836 3312 1188 3377 Anaxagoras,
1238 3317 1377 3379 quod

316 3390 463 3439 dicat
495 3388 582 3439 τὸν
614 3389 722 3437 νοῦν
750 3388 903 3447 ἀπαθῆ
950 3388 1030 3437 καὶ
1067 3389 1212 3450 ἀμιγῆ
1247 3389 1379 3440 εἶναι·

313 3465 560 3531 ἐπειδήπερ
596 3465 818 3526 κινήσεως
868 3466 1020 3531 ἀρχὴν
1066 3471 1193 3517 ποιεῖ
1239 3469 1378 3519 αὐτὸν

315 3541 449 3601 εἶναι·
474 3542 593 3592 οὕτω
619 3541 712 3606 ’γὰρ
731 3541 877 3602 μόνως
907 3541 966 3590 ἂν
993 3543 1137 3602 κινοίη
1165 3543 1379 3604 &atium-os

315 3619 381 3670 ὃν
401 3618 481 3669 καὶ
500 3618 692 3683 κρατοίη
711 3618 877 3681 &pu-ms
898 3619 978 3682 ὣν,
1002 3621 1017 3648 ‘
1036 3630 1261 3670 mentem
1285 3623 1379 3670 im-

316 3697 587 3764 patibilem
607 3708 719 3744 esse
738 3705 792 3744 et
810 3710 912 3745 non
931 3698 1162 3758 mixtam,
1182 3698 1378 3761 quippe

317 3775 407 3838 qui
452 3787 566 3822 eam
605 3779 778 3823 motus
824 3772 1134 3836 principium
1178 3772 1374 3824 faciat:

315 3850 416 3900 boc
449 3848 585 3897 enim
623 3846 877 3897 duntaxat
912 3847 1065 3897 modo
1106 3849 1379 3898 immobilis

315 3939 529 3977 manens
551 3924 795 3984 movebit,
827 3930 881 3972 et
901 3924 1168 3979 ,mixtionis
1190 3940 1379 3989 expers

316 3999 697 4052 dominabitur!
783 3999 922 4048 Hinc
967 4000 1157 4049 Proclo
1201 4001 1377 4052 Tbeol.

313 4079 460 4128 Plat.
482 4077 573 4126 lib.
598 4091 635 4125 1.
660 4091 776 4138 cap.
803 4079 883 4124 12.
921 4082 1000 4125 est
1039 4075 1245 4141 quidem
1271 4077 1379 4126 ani-

314 4170 401 4206 ma
423 4153 655 4205 universi
695 4151 1012 4211 αὐτοκίνητος,
1042 4155 1058 4180 ‘
1080 4166 1174 4216 per
1194 4167 1250 4201 se
1272 4167 1379 4202 mo-

271 4248 274 4249 ’
314 4231 474 4283 hilis.’
492 4229 582 4295 πρὸ
602 4228 653 4278 δὲ
673 4227 866 4292 ταύτης,
890 4231 916 4278 ὂ
939 4230 1044 4279 νοῦς
1064 4229 1277 4288 ἀκίνητος
1297 4231 1378 4281 ὤν.

305 4309 332 4343 ν’
349 4307 496 4382 Ante
519 4322 643 4358 vero
664 4307 814 4357 istam
831 4307 846 4329 '
878 4307 1098 4357 animam
1118 4315 1198 4358 est
1232 4308 1382 4374 ‘ipsa

2374 395 2503 458 501.

1443 567 1587 603 mens
1620 552 1897 603 immobilis
1918 551 2195 612 existens!
2220 593 2221 600 ,
2258 554 2507 617 Sequitur

1446 644 1590 691 vero,
1644 628 1739 680 Καί
1785 647 1862 689 μοι
1902 630 2042 678 τοῦτο
2084 627 2142 677 τὸ
2183 628 2400 687 ἀκίνητον
2439 633 2506 692 μὴ

1442 707 1652 755 τοιοῦτον
1691 703 1948 770 ὑπολάβῃς·
1998 704 2095 754 οῖον
2134 705 2189 758 τὸ
2225 706 2387 771 ἀργὸν,
2429 710 2508 759 καὶ

1443 781 1580 844 ἄξων,
1611 781 1689 831 καὶ
1719 781 1947 843 ἅπνευμον
1969 779 2081 831 εἶναι
2101 780 2272 845 φαμὲν,
2302 783 2432 834 ἀλλὰ
2450 785 2508 836 τὸ

1442 858 1598 919 πάσης
1619 858 1838 918 κινήσεως
1859 858 2116 924 ἆρχηγικὸν
2138 860 2302 922 αἴτιον,
2319 860 2397 910 καὶ
2418 862 2509 921 τὴν

1442 937 1621 999 πηγὴν,
1643 935 1684 985 εἲ
1705 935 1888 1000 Βούλει,
1906 936 2063 995 πάσης
2085 936 2224 999 ζωῆς.
2251 940 2265 965 ‘
2284 939 2403 987 Hoc
2420 955 2510 988 au·

1444 1020 1552 1063 tem
1572 1014 1847 1077 immobile,
1860 1030 1926 1066 ne
1945 1014 2066 1063 mihi
2084 1015 2191 1068 tale
2204 1028 2318 1062 esse
2335 1023 2510 1080 putes,

1444 1089 1597 1153 quale
1627 1088 1842 1144 dicimus
1877 1104 2013 1151 esse,
2051 1089 2293 1152 otiosum,
2332 1098 2388 1139 et
2423 1105 2513 1139 ex-

1444 1179 1565 1228 pers
1588 1166 1728 1228 vitae,
1748 1174 1804 1217 et
1827 1167 1967 1215 nullo
1990 1166 2177 1230 spiritu
2202 1167 2509 1229 praeditum3

1446 1242 1536 1290 sed
1576 1244 1739 1292 omnis
1777 1244 2018 1292 motionis
2060 1244 2347 1306 principem
2388 1259 2513 1293 cau-

1443 1332 1577 1382 sam,
1600 1325 1654 1369 et
1678 1318 1757 1383 (si
1773 1317 1925 1382 velis)
1947 1317 2145 1368 fontem
2168 1318 2332 1367 omnis
2350 1318 2513 1369 vitae?

1447 1394 1579 1444 Ideo
1623 1402 1764 1444 recte
1804 1396 1875 1445 D.
1913 1394 2196 1456 Dionysius
2238 1394 2304 1443 de
2346 1395 2510 1444 divin.

1446 1472 1696 1522 nominib.
1725 1471 1782 1522 Τί
1819 1470 1872 1521 δὲ
1903 1471 1985 1521 καὶ
2011 1470 2118 1535 περὶ
2137 1473 2224 1530 τῆς
2246 1472 2369 1534 θείας
2390 1471 2510 1522 στά-

1448 1551 1585 1612 σεῶς,
1617 1549 1721 1607 ἤτοι
1755 1546 1976 1613 καθέδρας
2007 1546 2195 1611 φαμέν;
2228 1547 2278 1597 τί
2314 1547 2365 1597 δὲ
2387 1547 2510 1598 ἄλλο

1445 1642 1505 1687 γε
1537 1624 1663 1690 παρὰ
1694 1625 1752 1673 τὸ
1785 1624 1937 1687 μένειν
1975 1624 2118 1674 αὐτὸν
2154 1626 2206 1675 ἐν
2240 1626 2389 1687 ἑαυτῷ
2430 1624 2515 1681 τὸν

1446 1698 1578 1762 θεόν;
1612 1700 1690 1750 καὶ
1714 1702 1764 1750 ἐν
1785 1700 1985 1764 ἀκινήτῳ
2004 1702 2048 1751 τ’
2071 1700 2294 1760 αὐτότητι
2313 1700 2520 1763 μονίμως

1446 1777 1708 1839 πεπηγέναι
1728 1795 1744 1840 ;
1786 1779 1864 1828 καὶ
1908 1777 2142 1844 ἆραρότως
2184 1780 2515 1843 ὑπεριδρῦσθαι,

1446 1854 1526 1903 καὶ
1561 1854 1619 1903 τὸ
1652 1855 1776 1904 κατὰ
1810 1854 1873 1905 τὰ
1908 1854 2045 1917 αὐτὰ,
2078 1853 2156 1904 καὶ
2189 1854 2293 1919 περὶ
2317 1853 2376 1902 τὸ
2399 1853 2514 1910 αὐτὸ

1446 1930 1524 1981 καὶ
1562 1930 1780 1981 ὡσαύτως
1809 1932 2034 1995 ἐνεργεῖν,
2062 1931 2141 1990 καὶ
2171 1932 2305 1981 κατὰ·
2327 1930 2385 1979 τὸ
2406 1931 2521 1991 ἄμμ,

1444 2007 1689 2058 τάστατον
1717 2008 1862 2060 αὐτὸν
1899 2010 1947 2072 ἐξ
1985 2008 2151 2058 ἑαστοΰ
2168 2006 2351 2058 πάντως
2372 2006 2516 2072 ὑπάρ-

1447 2103 1567 2149 χειν,
1597 2085 1677 2136 καὶ
1698 2086 1821 2136 κατὰ
1843 2087 1902 2135 τὸ
1924 2085 2264 2148 ἀμετακίνητον
2284 2083 2414 2149 αὐτὸ,
2437 2084 2519 2140 καὶ

1447 2165 1612 2226 ὑλικῶς
1642 2164 1880 2224 ἀκίνητον.
1907 2164 2050 2214 αὐτὸς
2077 2163 2172 2229 γὰρ
2207 2162 2341 2213 ἔστιν
2368 2165 2394 2211 ὁ
2429 2164 2520 2222 τῆς

1445 2238 1632 2290 πάντων
1649 2239 1878 2303 στάσεως,
1899 2240 1977 2290 καὶ
1997 2238 2131 2306 ἕδρας
2153 2241 2314 2292 αἴτιος,
2346 2242 2372 2289 ὁ
2401 2238 2522 2304 ὑπὲρ,

1447 2320 1608 2367 πᾶσαν
1628 2316 1764 2383 ἕδραν
1782 2309 1861 2368 καὶ
1881 2318 2068 2368 στάσιν.
2089 2318 2168 2367 καὶ
2190 2318 2240 2367 ἐν
2257 2318 2382 2379 αὐτῷ’
2400 2315 2518 2366 πάν-

1448 2412 1512 2443 τα
1533 2392 1839 2456 συνέστηκεν,
1875 2395 1929 2443 ἐκ
1958 2396 2043 2453 τῆς
2071 2396 2165 2454 τῶν
2199 2394 2375 2443 οἰκείων
2395 2395 2517 2455 ἀγα·

1450 2476 1541 2522 θῦν
1567 2471 1780 2523 στάσεως
1811 2471 2057 2522 &adaeus-m
2089 2468 2528 2534 διαφυλαττόμενω

1449 2553 1466 2579 ⁸
1489 2549 1627 2600 Quid
1651 2559 1822 2599 autem
1848 2550 1912 2598 de
1930 2548 2102 2598 divino
2120 2555 2261 2598 statu
2286 2549 2369 2597 vel
2388 2547 2516 2599 sede

1452 2627 1718 2679 dicemus?
1749 2625 1871 2691 quid
1896 2640 2014 2675 nam
2036 2625 2195 2686 aliud,
2233 2624 2332 2674 nisi
2361 2625 2413 2673 in
2436 2636 2516 2673 se-

1451 2704 1565 2768 ipso
1589 2718 1892 2768 permanere
1915 2705 2110 2765 Deum,
2148 2703 2200 2751 in
2225 2717 2318 2752 sua
2339 2701 2519 2749 immo-

1452 2779 1540 2829 bili
1563 2778 1846 2829 ideutitate
1869 2778 2515 2842 firmiterconstanterque

1454 2858 1785 2917 collocatum,
1824 2862 1878 2905 et
1922 2856 2204 2905 secundum
2240 2854 2421 2905 eadem
2454 2868 2518 2905 ac

1454 2932 1590 2982 circa
1631 2932 1769 2981 idem
1813 2931 2100 2995 eodemque
2141 2929 2295 2979 modo
2339 2944 2519 2992 agere,

1454 3015 1612 3074 atque
1631 3024 1723 3073 per
1743 3010 1815 3073 id,
1835 3007 1973 3073 quod
1997 3009 2163 3071 ipsum
2184 3006 2524 3070 immutabile,

1454 3094 1511 3135 et
1533 3087 1701 3150 ipsum
1733 3085 1996 3134 immobile
2032 3091 2131 3147 est,
2159 3085 2223 3134 ab
2261 3084 2398 3133 omni
2439 3085 2539 3133 sni

1454 3163 1738 3213 mutatione
1780 3177 1841 3212 ac
1874 3168 2016 3210 motu
2053 3161 2258 3210 omnino
2293 3161 2516 3210 solutum

1454 3255 1568 3290 esse
1590 3248 1645 3289 et
1681 3239 1941 3288 liberum?
1976 3238 2098 3301 Ipse
2133 3238 2268 3286 enim
2305 3244 2386 3286 est
2409 3252 2515 3287 om-

1453 3317 1590 3365 nium
1615 3322 1784 3364 status
1809 3322 1864 3362 et
1886 3315 2188 3363 stabilitatis
2207 3323 2409 3377 auctor,
2429 3314 2518 3379 qui

1452 3408 1610 3458 super
1630 3406 1832 3442 omnem
1857 3391 2196 3440 stabilitatem
2224 3398 2518 3456 statumque

1454 3471 1654 3532 existit,
1679 3477 1838 3534 atque
1861 3468 1912 3515 iu
1937 3482 1999 3516 eo
2017 3468 2309 3517 consistunt
2327 3468 2516 3530 omnia,

1453 3548 1572 3597 dum
1599 3563 1630 3597 a
1654 3548 1902 3596 bonorum
1927 3560 2135 3594 suorum
2159 3553 2307 3595 statu·
2324 3545 2517 3594 iucom-

1452 3630 1594 3673 mota
1615 3620 1925 3672 servantur!
1991 3623 2140 3671 Deus
2162 3623 2323 3684 igitur
2345 3638 2518 3672 rerum

1452 3703 1678 3752 omnium
1703 3701 1867 3762 origo,
1889 3698 2023 3762 fons,
2044 3708 2099 3749 et
2123 3700 2246 3763 vita,
2263 3700 2394 3750 miro
2412 3716 2519 3751 om-.

1453 3779 1539 3828 nia
1557 3779 1719 3828 modo-
1734 3785 1898 3838 creat,
1935 3776 2194 3840 producit,
2229 3788 2403 3827 movet
2430 3787 2518 3830 ¹at-

1454 3868 1557 3919 que
1579 3854 1745 3916 agitat
1766 3853 1876 3916 ipse
1899 3851 2131 3914 ἀκίνητος,
2165 3858 2180 3882 ‘
2197 3854 2468 3905 immobilis
2484 3855 2522 3905 ι’

1453 3928 1594 3979 unde
1632 3928 1827 3979 idcirco
1866 3942 1982 3977 eum
2023 3929 2272 3992 Apuleius
2312 3931 2402 3981 lib.
2449 3932 2518 3982 de

1454 4004 1795 4068 Philosophia
1837 4011 2007 4055 natur.
2050 4005 2260 4056 Platon.
2303 4008 2317 4033 ‘
2344 4023 2519 4058 rernm

1453 4082 1679 4135 omnium
1703 4085 2021 4130 exortorem’
2044 4083 2297 4145 appellat,
2310 4085 2542 4134 nomine.

1454 4157 1647 4207 divinae
1680 4156 1929 4221 potentiae
1950 4156 2249 4221 aptissimo:
2284 4159 2360 4207 sic
2381 4161 2516 4210 enim

1453 4232 1707 4298 legendus
1729 4233 1875 4282 estis
1897 4234 2043 4282 locus
2064 4249 2132 4282 ex
2159 4241 2261 4284 vet.
2283 4236 2398 4289 cod.
2431 4238 2447 4265 ‘
2464 4238 2519 4287 Is

1457 4327 1610 4376 unus,
1633 4311 1726 4376 ait,
1743 4307 2059 4377 ἅπερίμετρος,
2077 4312 2303 4376 genitor,
2325 4327 2517 4364 rerum·
