3049 4928
549 403 679 469 490

550 562 734 614 dianus
751 559 845 612 lib.
859 575 930 610 n.
983 561 1063 611 De
1097 559 1315 610 Laudib.
1348 559 1612 610 stiliconis

551 656 630 690 vs.
667 645 779 690 181.
813 646 868 689 et
896 654 1038 704 seqq.
1091 639 1225 689 Item
1264 639 1521 689 Prudent.
1559 638 1609 688 in

549 718 827 782 Psycbom.
861 717 1009 767 Idem.

614 794 849 843 Luxuriae
882 794 1016 843 Nero
1044 792 1305 857 sevientis]
1355 792 1538 842 senec.
1558 792 1609 840 in

553 871 675 922 OEd.
711 886 784 920 vs.
816 875 932 921 763.
973 870 1039 919 de
1074 870 1286 920 Diana:
1342 871 1357 898 ‘
1381 870 1610 919 Nimium

551 948 675 997 amvi
699 948 840 998 Diva
864 946 1117 1010 pudoris!

615 1024 806 1073 PnosA
824 1030 873 1073 5.
919 1024 1132 1073 Praesem
1143 1029 1277 1085 oetus,
1292 1023 1373 1087 qui
1388 1037 1524 1085 reges
1528 1023 1609 1083 se-

550 1099 782 1149 licitantem
806 1100 1074 1149 calamitate
1103 1099 1415 1163 mutaverint]
1454 1100 1611 1150 Nulla

553 1177 745 1240 quippe
760 1184 839 1225 tot
856 1177 906 1225 in
928 1177 1159 1226 Caesares
1173 1192 1234 1226 ac
1248 1178 1420 1242 Reges
1438 1184 1610 1241 patra·

553 1258 610 1301 ta
632 1252 829 1301 scelera
846 1260 935 1302 aut
953 1252 1126 1303 caedes
1139 1254 1285 1317 vidit,
1298 1254 1486 1304 nedum
1504 1253 1610 1304 for-

552 1334 691 1377 tasse
732 1335 850 1392 post
888 1330 1117 1379 homines
1149 1336 1316 1380 natos.
1365 1331 1611 1381 Notiores

554 1410 756 1453 tantum
800 1404 930 1454 libet
963 1403 1178 1467 referre,
1202 1407 1288 1471 qui
1312 1407 1364 1455 in
1386 1408 1611 1456 bostium

552 1486 864 1545 potestatem
887 1496 1078 1531 venere
1115 1482 1450 1533 interfective
1470 1490 1611 1546 sunt,

554 1563 645 1606 aut
691 1572 746 1606 se
791 1558 1010 1622 irnperio
1064 1559 1390 1610 abdicarunt.
1456 1560 1614 1611 Anno

553 1633 744 1683 Christi
755 1647 920 1686 cmx.
935 1637 1352 1686 ‘Valentinianus
1366 1638 1612 1702 princeps

552 1710 673 1761 dolo
709 1712 928 1761 Maximi
969 1713 1209 1773 Patricii,
1256 1714 1404 1778 cnjus
1453 1716 1611 1765 etiam

514 1815 524 1834 ι
551 1786 736 1837 fraude
750 1788 934 1838 Aetius
945 1791 1189 1853 perierat,
1202 1791 1254 1839 in
1270 1806 1453 1855 campo
1472 1792 1612 1841 Mar·

552 1864 626 1913 tio
647 1879 743 1928 per
774 1865 1006 1929 Optilam
1048 1873 1104 1915 et
1130 1867 1442 1918 Transtilam
1468 1868 1613 1919 Aetii

551 1940 823 1990 satellites
847 1949 1114 1992 truncatus
1135 1950 1234 1994 est.
1266 1944 1415 1994 Idem
1439 1947 1612 1996 Maxi-

551 2030 665 2066 mus
701 2018 890 2067 invasit
921 2018 1218 2083 Imperium,
1239 2022 1501 2085 tertioque
1534 2030 1612 2087 ty-

554 2091 782 2143 rannidis
793 2109 899 2143 suae
917 2110 1087 2145 mense
1096 2097 1418 2148 membratim
1436 2101 1611 2150 Romae

553 2184 586 2219 a
603 2171 843 2220 Romanis
862 2178 1059 2222 tractus
1083 2172 1477 2241 discerptusque
1494 2176 1613 2227 est!

558 2245 895 2297 Marcellinus
921 2250 1125 2301 Comes.
1183 2264 1368 2301 cnnw.
1387 2254 1403 2281 ‘
1424 2253 1614 2305 Avitus

556 2332 687 2373 ame⁴
726 2324 999 2388 Olybriuin
1043 2342 1231 2390 paucos
1276 2329 1386 2378 dies
1430 2337 1613 2381 tenens

554 2400 845 2466 imperium,
886 2404 1027 2453 ultro
1048 2405 1265 2454 recessit
1288 2406 1615 2456 Placentiam

554 2477 729 2544 ibique
748 2481 1019 2545 episcopus
1042 2489 1121 2531 est
1143 2483 1444 2533 ordinatus!
1495 2485 1614 2535 Jor-

556 2555 753 2607 nandes
779 2558 845 2607 de
870 2557 979 2608 reb.
1003 2559 1223 2617 Geticis.
1282 2573 1441 2610 cmm.
1464 2561 1479 2588 ‘
1497 2562 1615 2611 Ma-

551 2635 789 2700 jorianus
814 2638 993 2687 Caesar
1014 2639 1152 2702 apud
1176 2641 1476 2704 venonam,
1492 2641 1616 2706 jux-

560 2721 616 2760 ta
634 2710 846 2762 fluvium
871 2715 955 2778 qui
993 2715 1142 2779 Hyra
1160 2715 1356 2766 dicitur
1377 2717 1614 2767 immissi-

558 2802 657 2837 one
672 2789 965 2854 Ricimeris,
978 2792 1325 2856 interemptus
1339 2793 1454 2846 est!
1474 2796 1616 2844 Mar-

558 2865 775 2915 cellinus
815 2866 1001 2917 Comes
1044 2869 1319 2921 Chronico.
1384 2884 1617 2923 cnnxur.

558 2941 675 2990 Rex
697 2942 715 2969 ‘
731 2942 1011 2993 Alanorum
1034 2947 1232 3008 Bergor
1256 2947 1393 3011 apud
1416 2948 1616 3012 Bergo-

560 3032 697 3067 mum
722 3034 750 3067 a
775 3022 1009 3070 Patricio
1032 3022 1291 3073 Ricimere
1318 3034 1618 3087 peremptus

564 3094 683 3145 est!
708 3096 941 3147 Cassiod.
966 3099 1155 3148 Chron.
1222 3113 1454 3150 emant.
1489 3100 1620 3149 “Ri-

560 3172 766 3222 cimeris
798 3171 982 3225 fraude
1013 3176 1234 3225 Severus
1264 3176 1399 3239 Imp.
1435 3176 1618 3226 Romae

560 3249 614 3298 in
659 3251 851 3314 palatio
911 3266 1107 3301 veneno
1153 3259 1455 3316 peremptus
1499 3251 1619 3302 est!

563 3325 796 3376 Cassiod.
842 3329 1033 3380 Chron.
1097 3343 1345 3380 anxxu.
1402 3329 1419 3357 ‘
1448 3330 1620 3379 Patri-

561 3401 671 3452 cius
696 3403 923 3453 Ricimer
951 3406 1126 3455 Romae
1150 3404 1293 3456 facto
1327 3406 1464 3470 Imp.
1493 3407 1622 3470 Oly-

562 3476 676 3526 brio
712 3477 1065 3529 Anthemium’
1126 3497 1360 3531 socerum
1403 3486 1625 3533 ‘contra

564 3556 908 3604 reverentiam
932 3558 1180 3622 principis
1214 3567 1268 3607 et
1295 3561 1380 3623 jus
1402 3559 1623 3611 affinita-

562 3632 631 3681 tis
652 3646 769 3681 cum
787 3634 931 3695 gravi
948 3634 1098 3683 clade
1116 3635 1346 3684 civitatis
1362 3636 1624 3686 extinxit?

566 3710 802 3762 Cassiod.
828 3711 1103 3761 Chronico.
1166 3725 1426 3762 cmxxiv.
1459 3714 1475 3740 ‘
1494 3712 1624 3776 Gly-

566 3786 737 3838 cerius
768 3787 903 3836 Caes.
941 3788 1118 3836 Romae
1145 3786 1413 3852 imperium
1440 3797 1625 3839 tenens

563 3877 595 3912 a
638 3864 872 3926 Nepote,
906 3864 1198 3913 Marcellini
1235 3864 1487 3928 quondam
1523 3868 1627 3916 Pa-

566 3939 706 3990 tricii
749 3940 940 3989 sororis
977 3939 1100 4002 filio,
1135 3941 1350 4005 imperio
1380 3945 1626 4007 expulsus

567 4018 620 4067 in
644 4024 800 4082 portu
823 4019 964 4068 urbis
987 4020 1164 4069 Romae
1195 4036 1261 4069 ex
1290 4021 1497 4072 Caesare
1515 4023 1627 4086 epi·

569 4110 757 4159 scopus
772 4097 1038 4147 ordinatus
1054 4105 1152 4159 est,
1166 4105 1222 4148 et
1238 4099 1467 4150 interiit?
1487 4101 1626 4149 Mar·

573 4178 693 4228 cell.
741 4177 885 4226 Com.
954 4191 1196 4228 ontxxv.
1233 4180 1248 4207 ⁶
1271 4180 1481 4229 Orestes
1522 4178 1630 4228 Ne}-

572 4260 698 4318 pote
739 4254 792 4304 in
831 4256 1125 4306 Dalmatiae
1157 4254 1358 4319 fugato,
1394 4255 1504 4306 filio
1537 4270 1630 4306 suo

570 4333 862 4398 Augustulo
883 4333 1032 4383 dedit
1052 4331 1357 4398 imperium.’
1391 4332 1630 4386 Cassiod.

1260 416 1475 514 NOJK
1505 415 1617 466 ‘VA
1630 415 1925 467 monim
1975 418 2055 467 m

1686 561 1878 611 Cbron.
1943 574 2210 613 cntxxvx.
2228 562 2246 591 ‘
2264 562 2550 613 Basiliscus
2568 570 2738 629 tyran-

1686 653 1912 689 nuscum
1937 639 2121 690 Marco
2152 639 2263 689 filio
2300 654 2394 689 suo
2426 640 2563 692 Caes.
2588 641 2743 706 facto,

1684 723 1739 764 et
1758 730 1872 764 cum
1900 716 2167 766 zenonida
2186 730 2347 766 uxore
2370 732 2483 781 sua,
2516 719 2630 782 jam
2652 719 2741 768 Ze-

1684 806 1819 841 none
1851 792 2126 856 pristinum
2164 793 2230 842 ad
2269 794 2542 857 imperium
2585 809 2743 847 reme-

1685 876 1826 928 ante,
1868 870 1921 917 in
1960 869 2167 918 exilium
2213 872 2399 919 missus
2446 879 2550 934 est,
2594 881 2745 937 atque

1686 946 1738 995 in
1776 946 2100 1011 oppidulum,
2123 946 2260 1011 quod
2289 946 2519 997 Leminis
2555 949 2610 997 in
2633 959 2748 1013 pro4

1684 1022 1853 1073 vincia
1903 1022 2250 1086 Cappadociae
2306 1022 2541 1084 dicitur,
2579 1030 2748 1076 trusus

1684 1098 1822 1149 fame
1843 1100 2118 1151 extabuit!
2137 1100 2275 1150 Mar.
2296 1100 2444 1149 Corn.
2514 1101 2649 1150 Eod-
2669 1117 2748 1151 an-

1683 1190 1752 1225 no
1793 1176 1811 1204 ‘
1845 1175 2086 1225 odoacer
2123 1191 2217 1226 rex
2251 1176 2582 1239 Gothorum,’
2642 1178 2750 1227 He-

1683 1254 1930 1314 talorum,
1952 1255 1968 1282 ‘
1995 1255 2208 1303 Romam
2230 1254 2473 1305 obtinuit.
2499 1255 2749 1306 Orestem

1684 1329 1926 1379 Odoacar
1949 1330 2087 1379 illico
2118 1330 2416 1381 trucidavit.
2484 1332 2750 1395 Augustu-

1683 1406 1786 1455 lum
1831 1405 1992 1455 filinm
2034 1407 2242 1457 Orestis
2280 1407 2528 1458 Odoacer
2561 1409 2615 1457 in
2653 1410 2751 1459 Ln-

1684 1485 1884 1535 cullano
1905 1486 2202 1550 Carnpaniae
2221 1489 2450 1538 Castello
2471 1489 2622 1537 exilii
2644 1503 2750 1553 poe·

1685 1575 1753 1610 na
1774 1561 2054 1612 damnavit.
2120 1563 2432 1627 Hesperium
2456 1565 2609 1613 Rom.
2632 1580 2752 1628 gen·

1686 1638 1756 1686 tis
1791 1637 2084 1700 imperium,
2118 1638 2255 1703 quod
2284 1640 2750 1703 septingentesimo

1685 1727 1824 1762 nouo
1844 1714 1957 1765 urb.
1983 1715 2211 1765 conditae
2241 1729 2374 1764 anno
2407 1716 2611 1779 primus
2648 1716 2751 1765 Au-

1688 1796 1951 1854 gustorum
1995 1791 2315 1842 Octavianus
2357 1791 2633 1856 Augustus
2677 1800 2752 1841 te·

1686 1881 1810 1916 nere
1846 1868 2026 1933 coepit,
2060 1883 2174 1917 cum
2210 1869 2311 1917 hoc
2343 1867 2644 1931 Augustulo
2664 1883 2752 1931 pe·

1686 1943 1811 1994 riit.’
1833 1945 2126 1994 Marcellin.
2145 1945 2349 1994 Comes.
2385 1956 2750 1993 cnnxxxvm.

1686 2021 1703 2049 ‘
1725 2021 1973 2070 Leontius
2007 2034 2098 2069 rex
2133 2026 2188 2070 et
2223 2019 2349 2069 Illus
2392 2029 2668 2084 tyrannus,
2698 2021 2749 2069 iu

1688 2097 1917 2160 Papyrio
1958 2096 2172 2146 Isauriae
2214 2098 2432 2147 castello
2474 2098 2624 2162 capti
2664 2098 2752 2147 dc·

1687 2173 1964 2237 collatique
2003 2180 2153 2223 sunt:
2203 2173 2378 2238 capita
2413 2188 2594 2223 eorum
2619 2175 2750 2225 Con-

1686 2249 2072 2312 stantinopolim
2088 2251 2245 2299 allata
2257 2249 2471 2314 praefixa
2484 2251 2750 2301 hastilibus

1688 2325 1939 2376 tabuere.’
1973 2327 2211 2377 Marcell.
2236 2328 2381 2377 Com.
2436 2340 2749 2377 cnnxxxrx.

1688 2403 1973 2467 ‘syagrius
2023 2401 2373 2453 Romanorum
2418 2419 2516 2454 rex
2562 2403 2751 2469 AEgidii

1689 2480 1822 2530 filius
1883 2482 2020 2545 apud
2093 2482 2359 2533 civitatem
2426 2484 2749 2546 SuessionaS,

1688 2571 1840 2621 quam
1877 2559 2133 2623 quondam
2169 2568 2488 2610 memoratus
2527 2561 2751 2625 AEgidius

1690 2641 1950 2697 tenuerat,
1988 2636 2165 2684 sedem
2219 2636 2467 2686 habebat.
2538 2637 2595 2686 Is
2639 2652 2751 2687 cum

1690 2711 1742 2761 in
1789 2726 1963 2776 pugna
2002 2714 2172 2762 victus
2205 2720 2346 2762 esset
2381 2714 2447 2763 ad
2486 2713 2751 2765 Alaricum

1693 2803 1867 2851 regem
1906 2789 2183 2839 Tliolosam
2213 2788 2466 2855 confugit.
2534 2792 2754 2842 Chlodo-

1692 2881 1835 2916 vasus
1879 2881 2002 2915 vero
2046 2867 2113 2916 ad
2165 2865 2432 2916 Alaricum
2486 2870 2657 2919 mittit
2699 2875 2753 2918 ut

1693 2957 1809 2993 eum
1832 2942 2110 2993 redderet:
2146 2943 2374 3006 alioquin
2407 2946 2638 3007 noverit,
2659 2946 2751 2995 sibi

1693 3020 1887 3069 bellum
1925 3020 1992 3068 ob
2027 3020 2137 3082 ejus
2171 3020 2515 3069 retentionem
2558 3020 2752 3072 inferri.

1698 3095 1768 3145 At
1788 3097 1875 3145 ille
1897 3102 2153 3159 metuens,
2169 3110 2235 3144 ne
2260 3103 2476 3160 propter
2495 3111 2615 3147 eum
2634 3099 2753 3147 iram

1693 3173 2009 3222 Francorum
2031 3173 2336 3234 incurreret,
2360 3174 2595 3242 vinctum
2621 3175 2755 3239 lega·

1694 3251 1761 3299 tis
1783 3249 2020 3300 tradidit.
2060 3246 2254 3302 'Quem
2293 3249 2644 3300 Cblodovaeus
2684 3266 2756 3300 re·

1696 3333 1906 3390 ceptum
1952 3326 2200 3376 custodiae
2238 3327 2528 3390 mancipari
2564 3340 2757 3391 praece·

1697 3402 1803 3467 pit:
1828 3417 2094 3468 regnoque
2115 3405 2222 3468 ejus
2245 3412 2486 3467 accepto,
2510 3419 2631 3454 eum
2655 3406 2757 3469 gla-

1698 3479 1784 3529 dio
1807 3480 1936 3529 clam
1969 3479 2115 3530 feriri
2138 3479 2439 3531 mandavit!
2471 3481 2640 3546 Greg.
2663 3484 2758 3532 Tu·'

1698 3571 1813 3608 rou.
1879 3570 1997 3606 mx.
2027 3559 2042 3585 ‘
2062 3557 2255 3606 Eurico
2277 3564 2501 3621 mortuo,
2526 3557 2758 3609 Alaricus

1697 3632 1832 3682 filins
1873 3632 1985 3695 ejus
2023 3631 2161 3694 apud
2204 3632 2541 3681 Tolosensem
2582 3635 2757 3684 urbem

1700 3711 1944 3775 princeps
1977 3707 2205 3758 efficitur
2236 3721 2430 3772 eosque
2453 3709 2597 3759 rexit
2619 3710 2756 3761 aunis

1699 3801 1869 3838 xxm.
1960 3787 2198 3840 Quicum
2220 3802 2251 3835 a
2276 3786 2500 3850 pueritia
2525 3787 2687 3837 vitam
2708 3787 2760 3836 iu

1701 3864 1811 3914 otio
1834 3871 1890 3913 et
1912 3863 2147 3912 convivio
2171 3863 2476 3927 peregisset,
2515 3876 2759 3926 provoca·

1702 3947 1787 3990 tus
1809 3956 1840 3989 a
1862 3939 2097 4003 Francis,
2136 3941 2190 3988 in
2227 3940 2441 4003 regione
2465 3932 2759 3989 Pictavicn-

1703 4019 1771 4068 sis
1813 4018 1954 4068 urbis
1995 4019 2177 4081 praelio
2217 4017 2345 4066 inito
2398 4006 2756 4081 extinguiturss

1704 4108 1866 4160 eoque
1905 4093 2184 4143 interfecto
2222 4107 2433 4156 regnum
2456 4094 2758 4143 Tolosanum

1705 4172 2086 4236 occupantibus
2103 4170 2316 4220 Francis
2331 4168 2659 4220 destruitur!
2672 4169 2761 4219 Isi·

1706 4249 1860 4299 dorus
1897 4249 2089 4299 Chron.
2136 4247 2271 4298 Haec
2308 4246 2485 4297 Boetii
2520 4262 2632 4297 oevo
2656 4247 2759 4296 visa

1705 4325 1859 4376 terris
1880 4331 2144 4391 portenta,
2182 4331 2340 4388 rupto
2374 4323 2587 4389 pietatis
2619 4321 2759 4373 flues-
