3049 4928
624 453 930 501 BOETHII
983 455 1076 504 DE
1126 456 1435 508 coNSOL.

353 592 465 655 ejus
490 593 669 645 laudat
695 599 996 648 auctorem!
1026 599 1198 652 Sitzm.

414 669 685 721 Permultis
704 673 920 738 indigere
954 693 1047 741 eos,
1082 681 1163 744 qui
1181 683 1414 743 permulta

348 747 613 810 possident]
673 751 858 803 Horat.
900 757 951 804 4.
994 756 1162 808 Carni.
1211 758 1318 809 od.
1360 764 1411 811 9.

356 824 505 874 ‘Non
546 828 895 891 possidentem
945 835 1110 885 multa
1142 832 1411 889 vocaveris

350 901 520 952 Recte
544 903 782 957 beatum:
825 909 1018 961 rectius
1051 920 1279 978 occupat
1303 916 1409 965 No-

347 991 469 1027 men
512 980 676 1044 beati,
703 985 790 1048 qui
835 987 1064 1038 Deorum
1102 991 1410 1043 Muneribus

346 1056 617 1117 sapienter
637 1060 735 1123 uti,
757 1063 1061 1129 Duramque
1095 1069 1251 1118 callet
1285 1085 1408 1133 pau-

347 1132 547 1193 periem
588 1136 717 1199 pati,
744 1138 1005 1207 Pejusque
1028 1144 1133 1194 leto
1150 1144 1407 1210 flagitium

347 1206 538 1258 timet!
600 1211 936 1265 Cassiodorus
978 1222 1029 1268 4.
1077 1219 1282 1271 Variar.
1327 1227 1408 1273 39.

346 1282 621 1336 ‘Avaritia
659 1290 750 1339 tali
795 1300 934 1343 sorte
982 1297 1166 1358 punita
1208 1306 1308 1363 est,
1347 1307 1408 1351 ut

344 1374 463 1409 cnm
509 1363 674 1413 multa
727 1368 918 1431 rapiat,
970 1386 1174 1436 semper
1216 1376 1405 1438 egeat!

342 1437 507 1487 Plura
543 1439 593 1488 in
627 1441 759 1492 banc
796 1448 1110 1497 sententiam
1133 1451 1289 1501 habet
1312 1454 1404 1503 Se-

342 1528 474 1564 neca
518 1516 879 1582 Philosophus.
950 1524 1020 1572 Et
1062 1528 1211 1589 plura
1248 1540 1405 1579 anno·

339 1591 462 1641 tabo
484 1592 619 1644 infra
638 1594 704 1644 ad
727 1597 941 1648 Prosam
964 1604 1013 1649 3.
1037 1602 1127 1653 lib.
1149 1608 1196 1653 3.
1220 1604 1370 1656 Idem.

412 1668 507 1719 Vos
526 1677 683 1721 autem
704 1674 807 1723 Deo
825 1682 982 1726 mente
999 1680 1287 1744 consimiles]
1324 1682 1402 1732 Si·

335 1743 439 1794 lius
463 1745 588 1798 Ital.
622 1748 712 1799 lib.
752 1764 850 1800 xv·
887 1752 954 1802 de
993 1754 1234 1806 homine:
1266 1758 1282 1785 ‘
1303 1759 1399 1808 Cui

334 1821 470 1870 ratio
494 1828 548 1871 et
570 1839 772 1889 magnae
792 1829 1021 1879 caelestia
1044 1834 1242 1882 semina
1256 1849 1400 1884 meu·

334 1897 402 1945 tis
458 1899 684 1951 Munere
727 1911 848 1952 sunt
903 1921 1147 1959 concessa
1191 1911 1402 1964 Deum!

334 1973 598 2025 Pindarus
636 1979 793 2030 Nem.
829 1981 935 2033 Od.
958 1990 1006 2033 6.
1032 1987 1211 2039 initio:
1243 1991 1399 2041 Ἀλλά

328 2068 378 2099 τι
409 2051 733 2118 προσφέρομεν
742 2055 944 2123 Ἔμπας,
973 2060 1004 2119 ἦ
1031 2061 1182 2124 μέγαν
1209 2064 1329 2130 νόον,
1346 2068 1400 2127 ἤ-

327 2134 427 2187 Τοι,
443 2129 586 2192 φύσιν
600 2131 859 2186 ἀθανάτοις.
921 2138 1060 2190 Hinc
1085 2148 1138 2189 et
1162 2142 1395 2207 Oppiau.

328 2205 544 2256 ἀει-νοητὸν
584 2208 846 2274 μακάρεσσι
886 2215 1021 2275 ’γένος
1065 2222 1274 2271 vocavit
1306 2223 1398 2273 hu-

328 2298 536 2334 manum
561 2301 725 2349 genus
744 2290 1028 2343 Halieutic.
1052 2295 1140 2347 lib.
1165 2312 1219 2348 v.
1252 2315 1326 2350 vs.
1348 2306 1397 2353 7.

326 2360 417 2410 ubi
441 2377 493 2411 ν.
517 2378 561 2411 c.
586 2365 837 2417 Rittersh.
871 2370 1273 2426 Commentaria.
1322 2379 1400 2428 Id.

394 2439 490 2490 Ille
505 2456 656 2504 genus
673 2446 928 2499 humanum
946 2454 1152 2503 terrenis
1184 2455 1399 2506 omnibus

319 2522 557 2578 prestare
601 2523 774 2586 coluit]
810 2524 1086 2590 Augustin.
1123 2532 1160 2579 1.
1198 2545 1259 2580 11.
1312 2534 1394 2583 De

325 2592 442 2642 Civ.
481 2594 599 2659 Dei,
635 2612 754 2662 cap.
797 2606 875 2651 16.
905 2604 1003 2653 ‘ln
1045 2604 1271 2668 ipsorum
1306 2609 1396 2658 ho·

322 2669 521 2720 minum
568 2674 933 2740 aestimatione,
978 2696 1196 2745 quorum
1245 2691 1392 2734 certe

321 2753 515 2795 natura
551 2754 709 2800 tautae
750 2761 830 2802 est
869 2753 1161 2819 dignitatis,
1185 2759 1392 2822 plerun-

319 2835 423 2885 que
455 2824 626 2873 carius
662 2838 994 2892 comparatur
1030 2848 1213 2898 equus,
1236 2851 1390 2900 quam

316 2913 498 2949 servus
521 2916 535 2949 ε
571 2916 786 2969 gemma,
808 2922 963 2970 quam
988 2907 1214 2963 famula.’
1238 2913 1389 2965 Idem

390 2978 513 3028 Cum
547 2995 597 3030 se
617 2983 878 3046 cognoscit]
913 2987 1158 3050 cognitio
1193 2991 1270 3039 sui
1308 2991 1388 3053 ip-

319 3055 447 3117 sius,
484 3059 622 3123 quod
652 3070 733 3110 est
758 3073 1078 3128 praeceptum
1110 3082 1232 3117 vere
1256 3068 1387 3118 divi-

317 3147 462 3199 num,
487 3137 588 3186 duo
612 3141 750 3203 apud
775 3142 1102 3208 philosophos
1127 3148 1386 3210 complec-

318 3210 471 3273 titur,
509 3227 576 3262 ne
616 3230 672 3263 se
717 3216 852 3266 infra
896 3219 1207 3283 dignitatem
1242 3238 1386 3274 suam

317 3284 472 3336 homo
518 3289 809 3353 deprimatz
850 3309 916 3344 ne
948 3311 1004 3346 se
1043 3312 1198 3362 supra
1234 3308 1386 3351 natu·

315 3379 427 3414 ram
469 3381 613 3416 suam
658 3369 856 3424 efferat.
921 3375 1207 3441 Utriusque
1241 3378 1294 3427 in
1329 3378 1383 3427 id

316 3453 645 3509 praeceptum
686 3452 893 3512 peccati
932 3468 1034 3503 una
1076 3451 1250 3519 causa,
1286 3455 1384 3505 fal·

316 3534 430 3568 sum
467 3520 536 3570 de
574 3524 730 3574 rebus
756 3526 1033 3590 judicium.
1098 3529 1384 3582 Ταπείνωσις

313 3596 452 3644 enim
476 3597 585 3661 illa,
609 3615 702 3652 seu
722 3602 882 3652 nimia
905 3604 1144 3655 demissio
1162 3605 1242 3670 fit,
1264 3623 1380 3657 cum

309 3673 558 3724 timemus
581 3678 718 3741 quod
758 3681 1044 3731 timendum
1068 3698 1169 3732 non
1191 3691 1287 3748 est,
1312 3685 1382 3735 vi·

309 3750 509 3800 delicet
541 3759 633 3803 aut
661 3755 917 3805 hominem
941 3758 1098 3806 animi
1122 3759 1380 3824 impoten-

310 3832 442 3890 tem,
479 3835 571 3878 aut
607 3830 902 3883 divitiarum
931 3835 1226 3900 jacturam3
1262 3846 1377 3888 cum

311 3908 488 3952 tamen
511 3906 633 3956 vitae
659 3918 852 3958 nostrae
888 3912 1113 3962 studium
1148 3929 1262 3964 esse
1290 3930 1379 3979 po·

309 3981 567 4030 tissimum
589 3984 812 4034 sciamus
835 3986 1081 4052 ἑλευθέραν
1093 3989 1379 4040 ἀποτελέσαι

306 4056 398 4115 τὴν
430 4057 662 4123 ἡμετέραν
703 4062 878 4124 ψυχὴν,
917 4064 1019 4113 οταν
1060 4065 1209 4126 αὐτὴν
1238 4066 1316 4116 και
1353 4068 1380 4115 ὁ

302 4367 547 4432 χειρόνως
569 4372 584 4399 ‘
600 4372 819 4424 animum
836 4382 1071 4428 nostrum
1090 4377 1144 4429 in
1162 4394 1278 4430 eam
1302 4396 1380 4431 as·

2420 459 2552 524 469

1486 620 1665 656 serere
1688 607 2001 673 libertatem,
2017 611 2068 661 in
2086 627 2187 677 qua
2209 630 2240 664 a
2258 624 2478 679 parente
2496 625 2554 668 et

1487 691 1700 754 auctore
1719 687 1839 736 Deo
1857 688 2139 750 productus
2155 689 2255 741 fuit
2273 708 2286 741 ε
2308 700 2367 743 ut
2381 709 2553 761 neque

1486 758 1736 813 formidet
1755 764 2050 828 quicquam,
2070 781 2236 832 neque
2262 769 2363 818 ulla
2381 785 2437 820 re
2462 772 2553 822 do-

1486 838 1612 900 leat,
1634 855 1805 906 neque
1829 843 1918 892 ulli
1937 843 2189 894 deteriori
2213 854 2418 897 naturae
2443 864 2548 898 ser-

1486 916 1593 965 viat
1613 917 1648 967 :’
1700 919 1867 984 inquit
1912 921 2210 985 Simplicius
2261 924 2315 972 in
2371 925 2547 989 Epict.

1485 993 1653 1043 Ench.
1723 996 1793 1045 Et
1843 1011 1929 1046 eos
1966 998 2122 1048 etiarn
2161 1000 2306 1049 nobis
2346 1007 2545 1052 naturas

1482 1069 1568 1119 lex
1586 1070 1879 1122 divitiarum
1893 1076 2140 1125 terminos
2160 1084 2380 1141 statuat,
2393 1079 2409 1106 ‘
2428 1080 2546 1129 Non

1482 1146 1704 1209 esurire,
1735 1163 1837 1197 non
1875 1149 2039 1213 sitire,
2072 1166 2173 1200 nou
2211 1153 2402 1215 algere.
2471 1156 2548 1205 Ut

1480 1221 1668 1273 famem
1693 1225 1932 1289 sitimque
1958 1227 2205 1290 depellas,
2232 1244 2333 1279 non
2358 1237 2439 1282 est
2455 1246 2547 1280 ne-

1480 1313 1628 1349 cesse
1652 1300 1889 1365 superbis
1908 1304 2132 1353 assidere
2151 1305 2427 1370 liminibuS,
2444 1322 2546 1359 nec

1479 1378 1810 1441 supercilium
1835 1395 2011 1443 grave,
2030 1387 2084 1430 et
2117 1384 2545 1435 contumeliosam

1477 1454 1636 1503 etiam
1653 1456 2025 1505 humanitatem
2046 1458 2187 1522 pati:
2225 1474 2325 1508 nou
2350 1469 2431 1510 est
2455 1476 2543 1511 ne·

1476 1545 1623 1581 cesse
1646 1531 1807 1582 maria
1822 1540 2043 1596 tentare,
2062 1550 2160 1585 nec
2183 1538 2328 1601 sequi
2349 1546 2541 1588 castra.

1475 1607 1721 1658 Parabile
1758 1615 1841 1659 est
1879 1612 2013 1675 quod
2043 1619 2232 1661 natura
2260 1612 2543 1679 desiderat,

1475 1691 1530 1736 et
1554 1686 1878 1749 expositum.’
1942 1689 2142 1739 Seneca
2166 1690 2333 1753 Epist.
2354 1705 2434 1741 tv.
2462 1693 2541 1741 Ea

1474 1761 1637 1824 igitur
1670 1761 1804 1813 falsa
1835 1764 1969 1813 bona
1992 1767 2130 1830 [quae
2155 1767 2412 1817 Platonici
2437 1766 2541 1817 for·
2583 1772 2594 1778 '

1474 1842 1615 1888 tunae
1667 1840 1877 1905 quidem
1929 1843 2217 1904 commoda,
2272 1858 2372 1893 non
2410 1860 2536 1894 vero

1474 1916 1781 1981 simpliciter
1839 1919 1974 1969 bona
2030 1923 2358 1986 nuncupant]
2414 1923 2537 1974 dum

1474 1994 1673 2044 animus
1697 2002 1874 2045 noster
1894 2012 2008 2047 esse
2035 2013 2158 2047 vera
2183 1998 2317 2048 bona
2350 1999 2540 2063 credit,

1473 2071 1737 2123 credendo
1760 2088 1824 2123 ea
1841 2075 2086 2138 exquirit,
2107 2077 2439 2140 exquirendo
2451 2092 2539 2127 ve·

1470 2162 1530 2197 ro
1553 2163 1608 2199 se
1630 2150 1703 2199 eis
1743 2150 1933 2214 privari
1968 2153 2185 2201 moleste
2220 2152 2356 2203 fert:
2395 2154 2537 2203 ideo·

1469 2240 1569 2290 que
1593 2228 1733 2277 omni
1754 2228 1892 2293 quod
1915 2229 2146 2292 possidet
2161 2229 2296 2279 bono
2320 2246 2383 2280 ea
2404 2246 2537 2295 prae-

1468 2304 1594 2369 fert,
1632 2321 1793 2372 seque
1832 2306 2076 2356 miserum
2111 2308 2281 2357 donec
2320 2309 2381 2358 iis
2418 2324 2534 2373 per-

1469 2380 1678 2432 fruatur
1699 2383 1997 2433 existimat:
2035 2385 2151 2433 hinc
2188 2386 2415 2434 servitur
2444 2402 2534 2449 po·

1470 2459 1672 2522 tentiae,
1716 2459 1920 2524 opibus,
1955 2462 2198 2527 omnique
2239 2462 2327 2510 alii
2370 2461 2529 2514 fumo.

1457 2533 1688 2599 Ἐπαρσις
1722 2550 1867 2598 vero,
1893 2551 1987 2585 seu
2013 2537 2170 2586 nimia
2207 2538 2382 2601 elatio,
2415 2554 2532 2588 cum

1466 2613 1583 2677 quis
1621 2613 1690 2662 ob
1737 2614 2035 2664 earumdem
2078 2630 2251 2664 rerum
2288 2622 2528 2665 externa-

1466 2705 1579 2739 rum
1616 2690 1992 2754 possessionem
2029 2689 2267 2753 superbit
2300 2695 2357 2739 et
2382 2688 2533 2738 infla·

1467 2774 1589 2816 ture
1624 2783 1795 2832 quem,
1816 2768 2005 2831 quiaid
2030 2768 2238 2817 minime
2272 2782 2388 2817 cum
2424 2782 2529 2816 rno-

1467 2845 1739 2895 deratione
1761 2852 1816 2894 et
1830 2844 2032 2908 judicio
2055 2843 2202 2907 facit,
2242 2846 2293 2894 iu
2331 2846 2529 2895 vanita-

1465 2929 1572 2971 tem
1597 2927 1652 2971 et
1671 2920 2017 2985 insipientiam
2040 2920 2142 2969 labi
2176 2935 2389 2970 necesse
2413 2929 2493 2970 est
2515 2937 2529 2970 t

1465 2999 1603 3064 quod
1642 2999 1880 3047 nimirum
1922 2999 2039 3061 plus
2075 2998 2228 3047 rebus
2267 3013 2417 3062 quam
2441 3013 2526 3048 ea-

1462 3091 1578 3126 rum
1594 3082 1783 3125 nattira
1804 3075 2023 3140 patitur,
2046 3074 2320 3125 attribuat.
2363 3076 2527 3124 Recte

1460 3153 1716 3219 Apuleius
1742 3154 1873 3204 libro
1898 3155 1964 3203 de
1985 3152 2342 3202 Intellectuali
2360 3151 2526 3216 philo—

1460 3231 1643 3296 sophia
1665 3232 1921 3294 Platonis,
1943 3247 2035 3280 seu
2060 3231 2125 3280 de
2144 3232 2262 3280 Deo
2277 3231 2527 3293 Socratis,

1459 3307 1475 3336 ‘
1491 3307 1685 3358 Aliena
1727 3316 1905 3358 autem
1944 3321 2076 3357 voco
2120 3322 2237 3374 quae
2282 3316 2527 3371 parentes

1460 3391 1803 3448 pepererunt,
1838 3392 1893 3433 et
1931 3399 2047 3448 quae
2072 3385 2305 3433 Fortuna
2338 3385 2526 3447 largita

1457 3468 1570 3511 cst:
1611 3476 1827 3526 quorum
1861 3460 1985 3510 nihil
2018 3461 2256 3511 laudibus
2292 3461 2524 3511 Socratis

1456 3538 1561 3586 mei
1609 3538 1874 3589 admisceo
1897 3554 1913 3598 ς
1968 3540 2159 3588 nullam
2203 3539 2522 3603 generosita-

1458 3620 1586 3676 tem,
1605 3616 1798 3664 nullam
1822 3618 2134 3679 prosapiam,
2156 3617 2324 3664 nullos
2343 3615 2523 3678 longos

1454 3688 1677 3753 natales,
1729 3691 1894 3741 nullas
1949 3691 2226 3740 invidiosas
2281 3691 2521 3751 divitias;

1454 3767 1572 3816 haec
1591 3768 1728 3817 enim
1751 3776 1964 3830 cuncta,
1979 3775 2039 3818 ut
2053 3768 2181 3832 dixi,
2199 3769 2369 3818 aliena
2384 3783 2476 3816 sun
2487 3775 2524 3818 t.

1455 3841 1626 3905 Igitur
1648 3845 1819 3892 omnia
1837 3845 2076 3894 similiter
2093 3838 2261 3894 aliena
2281 3858 2521 3893 numeres

1454 3921 1637 3970 licebit
1662 3939 1675 3970 ε
1734 3923 2033 3990 Generosus
2087 3930 2167 3972 est
2191 3939 2205 3972 ε
2275 3929 2519 3985 parentes

1454 3998 1656 4049 laudas.
1721 4000 1887 4048 Dives
1930 4008 2042 4050 est:
2079 4015 2179 4050 non
2215 4000 2373 4050 credo
2396 4001 2522 4049 For-

1483 459 1608 508 PHI
1623 461 1924 512 LOSOPH.
1976 466 2118 515 LIB.
2167 469 2249 516 11.

1457 4082 1614 4128 tnnae.
1681 4078 1851 4140 Magis
1899 4077 2003 4127 ista
2039 4078 2303 4127 dinumero
2326 4095 2339 4127 ε
2375 4078 2521 4127 Vali-

1456 4152 1555 4202 dus
1578 4160 1692 4203 est:
1717 4153 2025 4216 aegritudine
2046 4153 2366 4217 fatigabitur.
2390 4155 2517 4203 Per-

1450 4231 1545 4280 nix
1568 4240 1679 4283 est:
1714 4231 1880 4281 abibit
1904 4232 1956 4280 in
1982 4239 2326 4281 senectutem.
2393 4233 2518 4281 For-

1451 4320 1626 4356 mosus
1641 4315 1756 4357 est:
1793 4314 2018 4370 expecta
2040 4306 2320 4369 paulisper,
2341 4313 2394 4355 et
2412 4322 2519 4356 non

1450 4384 1604 4436 erit}
1654 4384 1778 4435 Pro·
1804 4397 1932 4433 vero
1974 4382 2134 4446 igitur
2168 4383 2516 4432 sanctissimo·
