<?xml version="1.0" encoding="UTF-8"?>
<!DOCTYPE html PUBLIC "-//W3C//DTD XHTML 1.0 Transitional//EN"
    "http://www.w3.org/TR/xhtml1/DTD/xhtml1-transitional.dtd">
<html xmlns="http://www.w3.org/1999/xhtml" xml:lang="en" lang="en">
 <head>
  <title>
</title>
<meta http-equiv="Content-Type" content="text/html;charset=utf-8" />
  <meta name='ocr-system' content='tesseract 3.04.00' />
  <meta name='ocr-capabilities' content='ocr_page ocr_carea ocr_par ocr_line ocrx_word'/>
</head>
<body>
  <div class='ocr_page' id='page_1' title='image "./deconsolationep00boetgoog_0333.png"; bbox 0 0 3049 4928; ppageno 0'>
   <div class='ocr_carea' id='block_1_1' title="bbox 1000 403 1864 454">
    <p class='ocr_par' dir='ltr' id='par_1_1' title="bbox 1000 403 1864 454">
     <span class='ocr_line' id='line_1_1' title="bbox 1000 403 1864 454; baseline -0.002 -1"><span class='ocrx_word' id='word_1_1' title='bbox 1000 404 1127 453; x_wconf 80' lang='lat' dir='ltr'><strong>PHl</strong></span> <span class='ocrx_word' id='word_1_2' title='bbox 1140 403 1524 454; x_wconf 72' lang='lat' dir='ltr'><strong>LosoPmAE</strong></span> <span class='ocrx_word' id='word_1_3' title='bbox 1570 404 1717 454; x_wconf 70' lang='lat' dir='ltr'><strong>mu.</strong></span> <span class='ocrx_word' id='word_1_4' title='bbox 1765 405 1864 452; x_wconf 79' lang='lat' dir='ltr'><strong>tv.</strong></span> 
     </span>
    </p>
   </div>
   <div class='ocr_carea' id='block_1_2' title="bbox 2388 391 2524 460">
    <p class='ocr_par' dir='ltr' id='par_1_2' title="bbox 2388 391 2524 460">
     <span class='ocr_line' id='line_1_2' title="bbox 2388 391 2524 460; baseline 0 0"><span class='ocrx_word' id='word_1_5' title='bbox 2388 391 2524 460; x_wconf 70' lang='lat'><strong>323</strong></span> 
     </span>
    </p>
   </div>
   <div class='ocr_carea' id='block_1_3' title="bbox 838 549 2523 1236">
    <p class='ocr_par' dir='ltr' id='par_1_3' title="bbox 841 549 1769 739">
     <span class='ocr_line' id='line_1_3' title="bbox 841 549 1769 635; baseline -0.002 -20"><span class='ocrx_word' id='word_1_6' title='bbox 841 550 1146 635; x_wconf 75' lang='lat' dir='ltr'>Purpura</span> <span class='ocrx_word' id='word_1_7' title='bbox 1169 550 1389 615; x_wconf 87' lang='lat' dir='ltr'><strong>claros</strong></span> <span class='ocrx_word' id='word_1_8' title='bbox 1417 549 1690 627; x_wconf 79' lang='lat' dir='ltr'><strong>nitente,</strong></span> <span class='ocrx_word' id='word_1_9' title='bbox 1762 551 1769 557; x_wconf 84' lang='lat'>&#39;</span> 
     </span>
     <span class='ocr_line' id='line_1_4' title="bbox 930 653 1762 739; baseline -0.002 -19"><span class='ocrx_word' id='word_1_10' title='bbox 930 655 1177 739; x_wconf 88' lang='lat' dir='ltr'><strong>Septos</strong></span> <span class='ocrx_word' id='word_1_11' title='bbox 1207 654 1504 720; x_wconf 86' lang='lat' dir='ltr'><strong>tristibus</strong></span> <span class='ocrx_word' id='word_1_12' title='bbox 1534 653 1762 731; x_wconf 81' lang='lat' dir='ltr'><strong>armis,</strong></span> 
     </span>
    </p>

    <p class='ocr_par' dir='ltr' id='par_1_4' title="bbox 844 756 2523 938">
     <span class='ocr_line' id='line_1_5' title="bbox 844 756 2523 834; baseline 0 -13"><span class='ocrx_word' id='word_1_13' title='bbox 844 756 978 822; x_wconf 87' lang='lat' dir='ltr'><strong>Ore</strong></span> <span class='ocrx_word' id='word_1_14' title='bbox 1009 765 1200 824; x_wconf 87' lang='lat' dir='ltr'><strong>torvo</strong></span> <span class='ocrx_word' id='word_1_15' title='bbox 1229 757 1734 834; x_wconf 52' lang='lat' dir='ltr'><strong>comminante&amp;</strong></span> <span class='ocrx_word' id='word_1_16' title='bbox 2475 759 2523 821; x_wconf 89' lang='grc'><strong><em>5</em></strong></span> 
     </span>
     <span class='ocr_line' id='line_1_6' title="bbox 929 859 1740 938; baseline -0.002 -13"><span class='ocrx_word' id='word_1_17' title='bbox 929 861 1148 926; x_wconf 74' lang='grc' dir='ltr'><strong>Βεώίθ</strong></span> <span class='ocrx_word' id='word_1_18' title='bbox 1177 861 1398 925; x_wconf 86' lang='lat' dir='ltr'><strong>cordis</strong></span> <span class='ocrx_word' id='word_1_19' title='bbox 1428 859 1740 938; x_wconf 77' lang='lat' dir='ltr'><strong>anhelos3</strong></span> 
     </span>
    </p>

    <p class='ocr_par' dir='ltr' id='par_1_5' title="bbox 840 962 1783 1149">
     <span class='ocr_line' id='line_1_7' title="bbox 840 962 1783 1047; baseline -0.002 -19"><span class='ocrx_word' id='word_1_20' title='bbox 840 962 1170 1028; x_wconf 81' lang='lat' dir='ltr'><strong>Detrahat</strong></span> <span class='ocrx_word' id='word_1_21' title='bbox 1199 964 1260 1027; x_wconf 87' lang='lat' dir='ltr'><strong>si</strong></span> <span class='ocrx_word' id='word_1_22' title='bbox 1290 964 1448 1046; x_wconf 85' lang='lat' dir='ltr'><strong>quis</strong></span> <span class='ocrx_word' id='word_1_23' title='bbox 1477 962 1783 1047; x_wconf 88' lang='lat' dir='ltr'><strong>superbis</strong></span> 
     </span>
     <span class='ocr_line' id='line_1_8' title="bbox 926 1062 1714 1149; baseline 0.006 -20"><span class='ocrx_word' id='word_1_24' title='bbox 926 1062 1438 1149; x_wconf 63' lang='lat' dir='ltr'><strong>Vani‘tegm&#39;ina</strong></span> <span class='ocrx_word' id='word_1_25' title='bbox 1466 1068 1714 1146; x_wconf 88' lang='lat' dir='ltr'><strong>cultus,</strong></span> 
     </span>
    </p>

    <p class='ocr_par' dir='ltr' id='par_1_6' title="bbox 838 1168 1742 1236">
     <span class='ocr_line' id='line_1_9' title="bbox 838 1168 1742 1236; baseline 0.003 -3"><span class='ocrx_word' id='word_1_26' title='bbox 838 1168 886 1234; x_wconf 83' lang='lat' dir='ltr'><strong>J</strong></span> <span class='ocrx_word' id='word_1_27' title='bbox 890 1188 998 1233; x_wconf 86' lang='lat' dir='ltr'><strong>am</strong></span> <span class='ocrx_word' id='word_1_28' title='bbox 1026 1169 1281 1235; x_wconf 84' lang='lat' dir='ltr'><strong>videbit</strong></span> <span class='ocrx_word' id='word_1_29' title='bbox 1304 1171 1492 1236; x_wconf 83' lang='lat' dir='ltr'><strong>intus</strong></span> <span class='ocrx_word' id='word_1_30' title='bbox 1521 1177 1742 1236; x_wconf 85' lang='lat' dir='ltr'><strong>arctas</strong></span> 
     </span>
    </p>
   </div>
   <div class='ocr_carea' id='block_1_4' title="bbox 933 1271 1778 1349">
    <p class='ocr_par' dir='ltr' id='par_1_7' title="bbox 933 1271 1778 1349">
     <span class='ocr_line' id='line_1_10' title="bbox 933 1271 1778 1349; baseline 0.004 -13"><span class='ocrx_word' id='word_1_31' title='bbox 933 1271 1259 1349; x_wconf 84' lang='lat' dir='ltr'><strong>Dominos</strong></span> <span class='ocrx_word' id='word_1_32' title='bbox 1286 1274 1455 1339; x_wconf 84' lang='lat' dir='ltr'><strong>ferre</strong></span> <span class='ocrx_word' id='word_1_33' title='bbox 1486 1284 1778 1340; x_wconf 81' lang='lat' dir='ltr'><strong>catenas.</strong></span> 
     </span>
    </p>
   </div>
   <div class='ocr_carea' id='block_1_5' title="bbox 2435 1275 2520 1338">
    <p class='ocr_par' dir='ltr' id='par_1_8' title="bbox 2435 1275 2520 1338">
     <span class='ocr_line' id='line_1_11' title="bbox 2435 1275 2520 1338; baseline 0 0"><span class='ocrx_word' id='word_1_34' title='bbox 2435 1275 2520 1338; x_wconf 85' lang='lat'><strong>10</strong></span> 
     </span>
    </p>
   </div>
   <div class='ocr_carea' id='block_1_6' title="bbox 842 1373 1755 1561">
    <p class='ocr_par' dir='ltr' id='par_1_9' title="bbox 842 1373 1755 1561">
     <span class='ocr_line' id='line_1_12' title="bbox 842 1373 1755 1444; baseline 0.005 -5"><span class='ocrx_word' id='word_1_35' title='bbox 842 1373 1027 1440; x_wconf 86' lang='lat' dir='ltr'><strong>Hinc</strong></span> <span class='ocrx_word' id='word_1_36' title='bbox 1051 1377 1224 1441; x_wconf 89' lang='lat' dir='ltr'><strong>enim</strong></span> <span class='ocrx_word' id='word_1_37' title='bbox 1248 1377 1461 1443; x_wconf 89' lang='lat' dir='ltr'><strong>libido</strong></span> <span class='ocrx_word' id='word_1_38' title='bbox 1491 1385 1755 1444; x_wconf 55' lang='lat' dir='ltr'><strong>versat?</strong></span> 
     </span>
     <span class='ocr_line' id='line_1_13' title="bbox 922 1478 1750 1561; baseline 0 -17"><span class='ocrx_word' id='word_1_39' title='bbox 922 1478 1166 1545; x_wconf 84' lang='lat' dir='ltr'><strong>Avidis</strong></span> <span class='ocrx_word' id='word_1_40' title='bbox 1196 1481 1407 1547; x_wconf 85' lang='lat' dir='ltr'><strong>corda</strong></span> <span class='ocrx_word' id='word_1_41' title='bbox 1433 1482 1711 1547; x_wconf 83' lang='lat' dir='ltr'><strong>venenis</strong></span> <span class='ocrx_word' id='word_1_42' title='bbox 1733 1501 1750 1561; x_wconf 91' lang='lat'>;</span> 
     </span>
    </p>
   </div>
   <div class='ocr_carea' id='block_1_7' title="bbox 310 1693 2515 1900">
    <p class='ocr_par' dir='ltr' id='par_1_10' title="bbox 310 1693 2515 1900">
     <span class='ocr_line' id='line_1_14' title="bbox 310 1693 2515 1769; baseline -0 -16"><span class='ocrx_word' id='word_1_43' title='bbox 310 1700 540 1764; x_wconf 69' lang='lat' dir='ltr'><strong>fulgente,</strong></span> <span class='ocrx_word' id='word_1_44' title='bbox 580 1702 784 1766; x_wconf 80' lang='lat' dir='ltr'><strong>stipatos</strong></span> <span class='ocrx_word' id='word_1_45' title='bbox 803 1703 949 1752; x_wconf 78' lang='lat' dir='ltr'><strong>armis</strong></span> <span class='ocrx_word' id='word_1_46' title='bbox 980 1693 1263 1768; x_wconf 51' lang='lat' dir='ltr'><strong>crudelibusj</strong></span> <span class='ocrx_word' id='word_1_47' title='bbox 1298 1706 1504 1755; x_wconf 74' lang='lat' dir='ltr'><strong>minaces</strong></span> <span class='ocrx_word' id='word_1_48' title='bbox 1541 1706 1673 1755; x_wconf 77' lang='lat' dir='ltr'><strong>vultu</strong></span> <span class='ocrx_word' id='word_1_49' title='bbox 1701 1720 1884 1769; x_wconf 78' lang='lat' dir='ltr'><strong>aspero,</strong></span> <span class='ocrx_word' id='word_1_50' title='bbox 1922 1704 2126 1768; x_wconf 78' lang='lat' dir='ltr'><strong>percitos</strong></span> <span class='ocrx_word' id='word_1_51' title='bbox 2150 1705 2319 1768; x_wconf 81' lang='lat' dir='ltr'><strong>furore</strong></span> <span class='ocrx_word' id='word_1_52' title='bbox 2339 1704 2515 1766; x_wconf 80' lang='lat' dir='ltr'><strong>cordis,</strong></span> 
     </span>
     <span class='ocr_line' id='line_1_15' title="bbox 321 1768 2512 1832; baseline 0.001 -16"><span class='ocrx_word' id='word_1_53' title='bbox 321 1768 376 1816; x_wconf 73' lang='lat' dir='ltr'><strong>ab</strong></span> <span class='ocrx_word' id='word_1_54' title='bbox 404 1769 477 1817; x_wconf 67' lang='lat' dir='ltr'><strong>liis</strong></span> <span class='ocrx_word' id='word_1_55' title='bbox 496 1769 832 1831; x_wconf 71' lang='lat' dir='ltr'><strong>arrogantibus</strong></span> <span class='ocrx_word' id='word_1_56' title='bbox 850 1770 1019 1832; x_wconf 79' lang='lat' dir='ltr'><strong>siquis</strong></span> <span class='ocrx_word' id='word_1_57' title='bbox 1047 1769 1237 1831; x_wconf 79' lang='lat' dir='ltr'><strong>auferat</strong></span> <span class='ocrx_word' id='word_1_58' title='bbox 1273 1773 1505 1822; x_wconf 67' lang='lat' dir='ltr'><strong>velamina</strong></span> <span class='ocrx_word' id='word_1_59' title='bbox 1541 1772 1805 1821; x_wconf 80' lang='lat' dir='ltr'><strong>ornamenti</strong></span> <span class='ocrx_word' id='word_1_60' title='bbox 1826 1771 2002 1831; x_wconf 77' lang='lat' dir='ltr'><strong>inanis,</strong></span> <span class='ocrx_word' id='word_1_61' title='bbox 2030 1772 2197 1820; x_wconf 83' lang='lat' dir='ltr'><strong>statim</strong></span> <span class='ocrx_word' id='word_1_62' title='bbox 2218 1770 2512 1819; x_wconf 80' lang='lat' dir='ltr'><strong>animadver-</strong></span> 
     </span>
     <span class='ocr_line' id='line_1_16' title="bbox 319 1835 2514 1900; baseline 0 -18"><span class='ocrx_word' id='word_1_63' title='bbox 319 1836 402 1896; x_wconf 79' lang='lat' dir='ltr'><strong>tet,</strong></span> <span class='ocrx_word' id='word_1_64' title='bbox 421 1835 504 1883; x_wconf 79' lang='lat' dir='ltr'><strong>hos</strong></span> <span class='ocrx_word' id='word_1_65' title='bbox 518 1835 758 1897; x_wconf 71' lang='lat' dir='ltr'><strong><em>principes</em></strong></span> <span class='ocrx_word' id='word_1_66' title='bbox 776 1836 1053 1884; x_wconf 70' lang='lat' dir='ltr'><strong>intrinsecus</strong></span> <span class='ocrx_word' id='word_1_67' title='bbox 1078 1837 1233 1899; x_wconf 82' lang='lat' dir='ltr'><strong>premi</strong></span> <span class='ocrx_word' id='word_1_68' title='bbox 1264 1836 1463 1886; x_wconf 78' lang='lat' dir='ltr'><strong>vinculis</strong></span> <span class='ocrx_word' id='word_1_69' title='bbox 1500 1836 1739 1886; x_wconf 73' lang='lat' dir='ltr'><strong><em>tenacibus</em></strong></span> <span class='ocrx_word' id='word_1_70' title='bbox 1754 1851 1771 1886; x_wconf 72' lang='grc' dir='ltr'><strong><em>ε</em></strong></span> <span class='ocrx_word' id='word_1_71' title='bbox 1802 1851 1912 1884; x_wconf 77' lang='lat' dir='ltr'><strong>nam</strong></span> <span class='ocrx_word' id='word_1_72' title='bbox 1943 1836 2053 1885; x_wconf 68' lang='lat' dir='ltr'><strong>ltine</strong></span> <span class='ocrx_word' id='word_1_73' title='bbox 2083 1836 2321 1900; x_wconf 76' lang='lat' dir='ltr'><strong><em>cupiditas</em></strong></span> <span class='ocrx_word' id='word_1_74' title='bbox 2354 1837 2514 1898; x_wconf 81' lang='lat' dir='ltr'><strong>agitat</strong></span> 
     </span>
    </p>
   </div>
   <div class='ocr_carea' id='block_1_8' title="bbox 1240 1964 1596 1984">
    <p class='ocr_par' dir='ltr' id='par_1_11' title="bbox 1240 1964 1596 1984">
     <span class='ocr_line' id='line_1_17' title="bbox 1240 1964 1596 1984; baseline 0 0"><span class='ocrx_word' id='word_1_75' title='bbox 1240 1964 1267 1984; x_wconf 55' lang='grc' dir='ltr'><em>θ</em></span> <span class='ocrx_word' id='word_1_76' title='bbox 1272 1964 1596 1984; x_wconf 47' lang='lat' dir='ltr'><strong>‘mmm‘</strong></span> 
     </span>
    </p>
   </div>
   <div class='ocr_carea' id='block_1_9' title="bbox 321 2047 2516 2129">
    <p class='ocr_par' dir='ltr' id='par_1_12' title="bbox 321 2047 2516 2129">
     <span class='ocr_line' id='line_1_18' title="bbox 321 2047 2516 2129; baseline -0 -33"><span class='ocrx_word' id='word_1_77' title='bbox 321 2047 523 2098; x_wconf 87' lang='lat' dir='ltr'><strong>Del-rio</strong></span> <span class='ocrx_word' id='word_1_78' title='bbox 538 2049 890 2129; x_wconf 75' lang='lat' dir='ltr'><strong>Commentar.</strong></span> <span class='ocrx_word' id='word_1_79' title='bbox 906 2048 957 2099; x_wconf 91' lang='lat' dir='ltr'><strong>in</strong></span> <span class='ocrx_word' id='word_1_80' title='bbox 973 2048 1158 2100; x_wconf 90' lang='lat' dir='ltr'><strong>Senec.</strong></span> <span class='ocrx_word' id='word_1_81' title='bbox 1175 2051 1276 2114; x_wconf 84' lang='lat' dir='ltr'><strong>leg.</strong></span> <span class='ocrx_word' id='word_1_82' title='bbox 1303 2051 1433 2108; x_wconf 71' lang='lat' dir='ltr'><strong>Quo·</strong></span> <span class='ocrx_word' id='word_1_83' title='bbox 1447 2050 1579 2100; x_wconf 81' lang='lat' dir='ltr'><strong>vides</strong></span> <span class='ocrx_word' id='word_1_84' title='bbox 1588 2052 1749 2100; x_wconf 80' lang='lat' dir='ltr'><strong>sedere</strong></span> <span class='ocrx_word' id='word_1_85' title='bbox 1765 2051 1907 2099; x_wconf 83' lang='lat' dir='ltr'><strong>celsos</strong></span> <span class='ocrx_word' id='word_1_86' title='bbox 1925 2048 2048 2099; x_wconf 79' lang='lat' dir='ltr'><strong>Solii</strong></span> <span class='ocrx_word' id='word_1_87' title='bbox 2063 2047 2115 2096; x_wconf 81' lang='lat' dir='ltr'><strong>in</strong></span> <span class='ocrx_word' id='word_1_88' title='bbox 2130 2048 2329 2098; x_wconf 78' lang='lat' dir='ltr'><strong>culmi-ne</strong></span> <span class='ocrx_word' id='word_1_89' title='bbox 2342 2048 2516 2111; x_wconf 73' lang='lat' dir='ltr'><strong>Reges.</strong></span> 
     </span>
    </p>
   </div>
   <div class='ocr_carea' id='block_1_10' title="bbox 1301 2198 1520 2249">
    <p class='ocr_par' dir='ltr' id='par_1_13' title="bbox 1301 2198 1520 2249">
     <span class='ocr_line' id='line_1_19' title="bbox 1301 2198 1520 2249; baseline 0 -1"><span class='ocrx_word' id='word_1_90' title='bbox 1301 2198 1520 2249; x_wconf 82' lang='lat' dir='ltr'>NOTAE</span> 
     </span>
    </p>
   </div>
   <div class='ocr_carea' id='block_1_11' title="bbox 308 2294 1379 4373">
    <p class='ocr_par' dir='ltr' id='par_1_14' title="bbox 311 2294 1379 2981">
     <span class='ocr_line' id='line_1_20' title="bbox 374 2294 1377 2361; baseline 0.002 -16"><span class='ocrx_word' id='word_1_91' title='bbox 374 2297 554 2354; x_wconf 73' lang='lat' dir='ltr'><strong>0Quos</strong></span> <span class='ocrx_word' id='word_1_92' title='bbox 591 2294 993 2358; x_wconf 79' lang='lat' dir='ltr'><strong>vides...Reges]</strong></span> <span class='ocrx_word' id='word_1_93' title='bbox 1042 2295 1377 2361; x_wconf 82' lang='lat' dir='ltr'><strong>Philosophia</strong></span> 
     </span>
     <span class='ocr_line' id='line_1_21' title="bbox 315 2373 1375 2438; baseline -0.002 -14"><span class='ocrx_word' id='word_1_94' title='bbox 315 2374 527 2438; x_wconf 80' lang='lat' dir='ltr'><strong>amplius</strong></span> <span class='ocrx_word' id='word_1_95' title='bbox 545 2373 851 2437; x_wconf 79' lang='lat' dir='ltr'><strong>probatura,</strong></span> <span class='ocrx_word' id='word_1_96' title='bbox 890 2374 1051 2423; x_wconf 87' lang='lat' dir='ltr'><strong>malos</strong></span> <span class='ocrx_word' id='word_1_97' title='bbox 1090 2388 1204 2423; x_wconf 89' lang='lat' dir='ltr'><strong>esse</strong></span> <span class='ocrx_word' id='word_1_98' title='bbox 1233 2373 1375 2422; x_wconf 84' lang='lat' dir='ltr'><strong>infir-</strong></span> 
     </span>
     <span class='ocr_line' id='line_1_22' title="bbox 315 2448 1375 2516; baseline -0.003 -14"><span class='ocrx_word' id='word_1_99' title='bbox 315 2468 437 2512; x_wconf 80' lang='lat' dir='ltr'><strong>mos,</strong></span> <span class='ocrx_word' id='word_1_100' title='bbox 479 2449 719 2502; x_wconf 83' lang='lat' dir='ltr'><strong>ostendit</strong></span> <span class='ocrx_word' id='word_1_101' title='bbox 760 2448 921 2501; x_wconf 87' lang='lat' dir='ltr'><strong>etiam</strong></span> <span class='ocrx_word' id='word_1_102' title='bbox 967 2449 1244 2515; x_wconf 81' lang='lat' dir='ltr'>principes,</span> <span class='ocrx_word' id='word_1_103' title='bbox 1287 2450 1375 2516; x_wconf 87' lang='lat' dir='ltr'><strong>qui</strong></span> 
     </span>
     <span class='ocr_line' id='line_1_23' title="bbox 316 2526 1376 2594; baseline -0.003 -15"><span class='ocrx_word' id='word_1_104' title='bbox 316 2531 464 2594; x_wconf 83' lang='lat' dir='ltr'><strong>vulgo</strong></span> <span class='ocrx_word' id='word_1_105' title='bbox 485 2528 751 2579; x_wconf 86' lang='lat' dir='ltr'><strong>habentur</strong></span> <span class='ocrx_word' id='word_1_106' title='bbox 782 2526 1065 2590; x_wconf 83' lang='lat' dir='ltr'><strong>fortissimi,</strong></span> <span class='ocrx_word' id='word_1_107' title='bbox 1085 2528 1140 2577; x_wconf 90' lang='lat' dir='ltr'><strong>in</strong></span> <span class='ocrx_word' id='word_1_108' title='bbox 1162 2529 1259 2578; x_wconf 88' lang='lat' dir='ltr'><strong>hoc</strong></span> <span class='ocrx_word' id='word_1_109' title='bbox 1281 2528 1376 2576; x_wconf 90' lang='lat' dir='ltr'><strong>im-</strong></span> 
     </span>
     <span class='ocr_line' id='line_1_24' title="bbox 314 2605 1372 2672; baseline -0.002 -15"><span class='ocrx_word' id='word_1_110' title='bbox 314 2613 572 2672; x_wconf 85' lang='lat' dir='ltr'><strong>potentes,</strong></span> <span class='ocrx_word' id='word_1_111' title='bbox 594 2605 736 2672; x_wconf 89' lang='lat' dir='ltr'><strong>quod</strong></span> <span class='ocrx_word' id='word_1_112' title='bbox 758 2605 1244 2671; x_wconf 78' lang='lat' dir='ltr'><strong>perturbationibus</strong></span> <span class='ocrx_word' id='word_1_113' title='bbox 1269 2606 1372 2655; x_wconf 81' lang='lat' dir='ltr'><strong>suis</strong></span> 
     </span>
     <span class='ocr_line' id='line_1_25' title="bbox 314 2683 1376 2748; baseline 0.001 -18"><span class='ocrx_word' id='word_1_114' title='bbox 314 2683 436 2735; x_wconf 80' lang='lat' dir='ltr'><strong>victi</strong></span> <span class='ocrx_word' id='word_1_115' title='bbox 453 2685 533 2735; x_wconf 86' lang='lat' dir='ltr'><strong>bis</strong></span> <span class='ocrx_word' id='word_1_116' title='bbox 566 2683 942 2747; x_wconf 82' lang='lat' dir='ltr'><strong>subjiciantur:</strong></span> <span class='ocrx_word' id='word_1_117' title='bbox 980 2690 1263 2748; x_wconf 86' lang='lat' dir='ltr'><strong>propterea</strong></span> <span class='ocrx_word' id='word_1_118' title='bbox 1285 2697 1376 2731; x_wconf 90' lang='lat' dir='ltr'><strong>eo·</strong></span> 
     </span>
     <span class='ocr_line' id='line_1_26' title="bbox 313 2759 1378 2827; baseline -0.004 -15"><span class='ocrx_word' id='word_1_119' title='bbox 313 2762 526 2813; x_wconf 86' lang='lat' dir='ltr'><strong>ruudem</strong></span> <span class='ocrx_word' id='word_1_120' title='bbox 571 2761 869 2827; x_wconf 84' lang='lat' dir='ltr'><strong>principum</strong></span> <span class='ocrx_word' id='word_1_121' title='bbox 909 2768 1229 2826; x_wconf 86' lang='lat' dir='ltr'><strong>potestatem</strong></span> <span class='ocrx_word' id='word_1_122' title='bbox 1271 2759 1378 2825; x_wconf 90' lang='lat' dir='ltr'><strong>pri-</strong></span> 
     </span>
     <span class='ocr_line' id='line_1_27' title="bbox 311 2839 1379 2902; baseline 0 -13"><span class='ocrx_word' id='word_1_123' title='bbox 311 2854 446 2890; x_wconf 87' lang='lat' dir='ltr'><strong>mum</strong></span> <span class='ocrx_word' id='word_1_124' title='bbox 470 2839 836 2902; x_wconf 80' lang='lat' dir='ltr'><strong>commendat3</strong></span> <span class='ocrx_word' id='word_1_125' title='bbox 886 2840 1077 2890; x_wconf 88' lang='lat' dir='ltr'><strong>deinde</strong></span> <span class='ocrx_word' id='word_1_126' title='bbox 1110 2844 1379 2890; x_wconf 78' lang='lat' dir='ltr'><strong>enumerat</strong></span> 
     </span>
     <span class='ocr_line' id='line_1_28' title="bbox 312 2917 1060 2981; baseline 0.004 -15"><span class='ocrx_word' id='word_1_127' title='bbox 312 2917 595 2967; x_wconf 84' lang='lat' dir='ltr'><strong>eorundem</strong></span> <span class='ocrx_word' id='word_1_128' title='bbox 620 2917 1060 2981; x_wconf 72' lang='lat' dir='ltr'><strong>perturbationes-</strong></span> 
     </span>
    </p>

    <p class='ocr_par' dir='ltr' id='par_1_15' title="bbox 308 2995 1378 3752">
     <span class='ocr_line' id='line_1_29' title="bbox 372 2995 1374 3060; baseline 0 -15"><span class='ocrx_word' id='word_1_129' title='bbox 372 2995 500 3046; x_wconf 76' lang='lat' dir='ltr'><strong>solii</strong></span> <span class='ocrx_word' id='word_1_130' title='bbox 518 2995 746 3059; x_wconf 76' lang='lat' dir='ltr'><strong>culmine]</strong></span> <span class='ocrx_word' id='word_1_131' title='bbox 798 2995 1035 3045; x_wconf 86' lang='lat' dir='ltr'><strong>Primum</strong></span> <span class='ocrx_word' id='word_1_132' title='bbox 1058 2995 1260 3060; x_wconf 82' lang='lat' dir='ltr'><strong>Regum</strong></span> <span class='ocrx_word' id='word_1_133' title='bbox 1283 3010 1374 3060; x_wconf 89' lang='lat' dir='ltr'><strong>po·</strong></span> 
     </span>
     <span class='ocr_line' id='line_1_30' title="bbox 312 3072 1373 3124; baseline 0.001 -3"><span class='ocrx_word' id='word_1_134' title='bbox 312 3077 474 3124; x_wconf 87' lang='lat' dir='ltr'><strong>testas</strong></span> <span class='ocrx_word' id='word_1_135' title='bbox 521 3072 938 3124; x_wconf 87' lang='lat' dir='ltr'><strong>commendatur.</strong></span> <span class='ocrx_word' id='word_1_136' title='bbox 991 3077 1042 3122; x_wconf 89' lang='lat'><strong>1.</strong></span> <span class='ocrx_word' id='word_1_137' title='bbox 1090 3072 1155 3122; x_wconf 80' lang='lat' dir='ltr'><strong>ab</strong></span> <span class='ocrx_word' id='word_1_138' title='bbox 1196 3087 1373 3123; x_wconf 91' lang='lat' dir='ltr'><strong>eorum</strong></span> 
     </span>
     <span class='ocr_line' id='line_1_31' title="bbox 310 3148 1377 3213; baseline 0.002 -17"><span class='ocrx_word' id='word_1_139' title='bbox 310 3148 451 3213; x_wconf 78' lang='lat' dir='ltr'><strong>sede,</strong></span> <span class='ocrx_word' id='word_1_140' title='bbox 473 3149 490 3177; x_wconf 87' lang='lat'>‘</span> <span class='ocrx_word' id='word_1_141' title='bbox 510 3150 740 3200; x_wconf 87' lang='lat' dir='ltr'><strong>culmine</strong></span> <span class='ocrx_word' id='word_1_142' title='bbox 760 3148 912 3199; x_wconf 88' lang='lat' dir='ltr'><strong>solii.’</strong></span> <span class='ocrx_word' id='word_1_143' title='bbox 968 3154 1018 3200; x_wconf 83' lang='lat'><strong>2.</strong></span> <span class='ocrx_word' id='word_1_144' title='bbox 1058 3164 1090 3199; x_wconf 85' lang='lat' dir='ltr'><strong>a</strong></span> <span class='ocrx_word' id='word_1_145' title='bbox 1128 3149 1377 3213; x_wconf 80' lang='lat' dir='ltr'><strong>vestibus,</strong></span> 
     </span>
     <span class='ocr_line' id='line_1_32' title="bbox 308 3225 1375 3290; baseline -0.002 -15"><span class='ocrx_word' id='word_1_146' title='bbox 308 3225 325 3252; x_wconf 75' lang='lat'>⁴</span> <span class='ocrx_word' id='word_1_147' title='bbox 351 3240 585 3290; x_wconf 79' lang='lat' dir='ltr'><strong>purpura</strong></span> <span class='ocrx_word' id='word_1_148' title='bbox 625 3225 828 3276; x_wconf 65' lang='lat' dir='ltr'><strong>claros!</strong></span> <span class='ocrx_word' id='word_1_149' title='bbox 886 3230 934 3275; x_wconf 73' lang='lat'><strong>8.</strong></span> <span class='ocrx_word' id='word_1_150' title='bbox 968 3227 1034 3276; x_wconf 89' lang='lat' dir='ltr'><strong>ab</strong></span> <span class='ocrx_word' id='word_1_151' title='bbox 1074 3226 1228 3276; x_wconf 86' lang='lat' dir='ltr'><strong>armis</strong></span> <span class='ocrx_word' id='word_1_152' title='bbox 1263 3226 1375 3275; x_wconf 87' lang='lat' dir='ltr'><strong>sive</strong></span> 
     </span>
     <span class='ocr_line' id='line_1_33' title="bbox 310 3300 1376 3367; baseline 0 -16"><span class='ocrx_word' id='word_1_153' title='bbox 310 3303 645 3367; x_wconf 79' lang='lat' dir='ltr'><strong>satellitibus,</strong></span> <span class='ocrx_word' id='word_1_154' title='bbox 677 3304 693 3331; x_wconf 90' lang='lat'>‘</span> <span class='ocrx_word' id='word_1_155' title='bbox 718 3309 894 3367; x_wconf 86' lang='lat' dir='ltr'><strong>septos</strong></span> <span class='ocrx_word' id='word_1_156' title='bbox 928 3303 1166 3352; x_wconf 84' lang='lat' dir='ltr'><strong>tristibus</strong></span> <span class='ocrx_word' id='word_1_157' title='bbox 1187 3300 1376 3352; x_wconf 69' lang='lat' dir='ltr'><strong>armis!</strong></span> 
     </span>
     <span class='ocr_line' id='line_1_34' title="bbox 309 3378 1378 3443; baseline -0.001 -14"><span class='ocrx_word' id='word_1_158' title='bbox 309 3385 358 3429; x_wconf 77' lang='lat'><strong>4.</strong></span> <span class='ocrx_word' id='word_1_159' title='bbox 381 3396 412 3429; x_wconf 88' lang='lat' dir='ltr'><strong>a</strong></span> <span class='ocrx_word' id='word_1_160' title='bbox 434 3381 608 3443; x_wconf 81' lang='lat' dir='ltr'><strong>vultu,</strong></span> <span class='ocrx_word' id='word_1_161' title='bbox 644 3379 660 3407; x_wconf 88' lang='lat'>‘</span> <span class='ocrx_word' id='word_1_162' title='bbox 684 3394 776 3429; x_wconf 88' lang='lat' dir='ltr'><strong>ore</strong></span> <span class='ocrx_word' id='word_1_163' title='bbox 798 3384 947 3429; x_wconf 81' lang='lat' dir='ltr'><strong>torvo</strong></span> <span class='ocrx_word' id='word_1_164' title='bbox 970 3378 1378 3429; x_wconf 59' lang='lat' dir='ltr'><strong>comminantes!</strong></span> 
     </span>
     <span class='ocr_line' id='line_1_35' title="bbox 308 3454 1376 3520; baseline -0.001 -16"><span class='ocrx_word' id='word_1_165' title='bbox 308 3460 356 3504; x_wconf 74' lang='grc' dir='ltr'><strong>ὅ.</strong></span> <span class='ocrx_word' id='word_1_166' title='bbox 394 3457 461 3507; x_wconf 89' lang='lat' dir='ltr'><strong>ab</strong></span> <span class='ocrx_word' id='word_1_167' title='bbox 505 3456 698 3507; x_wconf 83' lang='lat' dir='ltr'><strong>affectu</strong></span> <span class='ocrx_word' id='word_1_168' title='bbox 737 3458 947 3520; x_wconf 88' lang='lat' dir='ltr'><strong>mentis,</strong></span> <span class='ocrx_word' id='word_1_169' title='bbox 978 3463 993 3484; x_wconf 78' lang='lat'>⁸</span> <span class='ocrx_word' id='word_1_170' title='bbox 1018 3456 1163 3506; x_wconf 88' lang='lat' dir='ltr'><strong>rabie</strong></span> <span class='ocrx_word' id='word_1_171' title='bbox 1206 3454 1376 3505; x_wconf 84' lang='lat' dir='ltr'><strong>cordis</strong></span> 
     </span>
     <span class='ocr_line' id='line_1_36' title="bbox 312 3533 1377 3585; baseline -0.001 -2"><span class='ocrx_word' id='word_1_172' title='bbox 312 3534 559 3585; x_wconf 66' lang='lat' dir='ltr'><strong>anbelos!</strong></span> <span class='ocrx_word' id='word_1_173' title='bbox 628 3534 732 3584; x_wconf 86' lang='lat' dir='ltr'><strong>Ubi</strong></span> <span class='ocrx_word' id='word_1_174' title='bbox 770 3533 897 3583; x_wconf 85' lang='lat' dir='ltr'><strong>nihil</strong></span> <span class='ocrx_word' id='word_1_175' title='bbox 943 3533 1152 3583; x_wconf 86' lang='lat' dir='ltr'><strong>videtur</strong></span> <span class='ocrx_word' id='word_1_176' title='bbox 1196 3538 1377 3583; x_wconf 87' lang='lat' dir='ltr'><strong>notan-</strong></span> 
     </span>
     <span class='ocr_line' id='line_1_37' title="bbox 311 3609 1376 3675; baseline 0.002 -17"><span class='ocrx_word' id='word_1_177' title='bbox 311 3609 461 3671; x_wconf 87' lang='lat' dir='ltr'><strong>dum;</strong></span> <span class='ocrx_word' id='word_1_178' title='bbox 520 3626 641 3661; x_wconf 86' lang='lat' dir='ltr'><strong>cum</strong></span> <span class='ocrx_word' id='word_1_179' title='bbox 666 3611 778 3675; x_wconf 86' lang='lat' dir='ltr'><strong>jam</strong></span> <span class='ocrx_word' id='word_1_180' title='bbox 812 3611 1217 3674; x_wconf 82' lang='lat' dir='ltr'><strong>explicuerimus</strong></span> <span class='ocrx_word' id='word_1_181' title='bbox 1253 3611 1269 3639; x_wconf 87' lang='lat'>‘</span> <span class='ocrx_word' id='word_1_182' title='bbox 1294 3625 1376 3660; x_wconf 86' lang='lat' dir='ltr'><strong>so-</strong></span> 
     </span>
     <span class='ocr_line' id='line_1_38' title="bbox 309 3686 1247 3752; baseline 0.001 -16"><span class='ocrx_word' id='word_1_183' title='bbox 309 3686 467 3751; x_wconf 86' lang='lat' dir='ltr'><strong>lium,’</strong></span> <span class='ocrx_word' id='word_1_184' title='bbox 500 3689 517 3716; x_wconf 86' lang='lat'>‘</span> <span class='ocrx_word' id='word_1_185' title='bbox 542 3686 864 3752; x_wconf 83' lang='lat' dir='ltr'><strong>purpuram,’</strong></span> <span class='ocrx_word' id='word_1_186' title='bbox 885 3688 901 3715; x_wconf 89' lang='lat'>‘</span> <span class='ocrx_word' id='word_1_187' title='bbox 926 3703 983 3737; x_wconf 88' lang='lat' dir='ltr'><strong>os</strong></span> <span class='ocrx_word' id='word_1_188' title='bbox 1007 3686 1247 3737; x_wconf 66' lang='lat' dir='ltr'><strong>torvum!</strong></span> 
     </span>
    </p>

    <p class='ocr_par' dir='ltr' id='par_1_16' title="bbox 309 3765 1374 4373">
     <span class='ocr_line' id='line_1_39' title="bbox 370 3765 1374 3833; baseline 0 -18"><span class='ocrx_word' id='word_1_189' title='bbox 370 3773 397 3806; x_wconf 71' lang='grc' dir='ltr'>Ρ</span> <span class='ocrx_word' id='word_1_190' title='bbox 420 3766 561 3833; x_wconf 65' lang='lat' dir='ltr'><strong>Hinc</strong></span> <span class='ocrx_word' id='word_1_191' title='bbox 608 3766 734 3815; x_wconf 77' lang='lat' dir='ltr'><strong>enim</strong></span> <span class='ocrx_word' id='word_1_192' title='bbox 764 3766 909 3815; x_wconf 79' lang='lat' dir='ltr'><strong>libido</strong></span> <span class='ocrx_word' id='word_1_193' title='bbox 941 3767 1121 3831; x_wconf 74' lang='lat' dir='ltr'><strong>versat]</strong></span> <span class='ocrx_word' id='word_1_194' title='bbox 1170 3765 1374 3816; x_wconf 88' lang='lat' dir='ltr'><strong>Deinde</strong></span> 
     </span>
     <span class='ocr_line' id='line_1_40' title="bbox 311 3843 1373 3907; baseline 0.002 -18"><span class='ocrx_word' id='word_1_195' title='bbox 311 3849 684 3892; x_wconf 81' lang='lat' dir='ltr'><strong>enumerantur</strong></span> <span class='ocrx_word' id='word_1_196' title='bbox 722 3843 1142 3907; x_wconf 81' lang='lat' dir='ltr'><strong>perturbationes</strong></span> <span class='ocrx_word' id='word_1_197' title='bbox 1186 3844 1373 3906; x_wconf 84' lang='lat' dir='ltr'><strong>praeci·</strong></span> 
     </span>
     <span class='ocr_line' id='line_1_41' title="bbox 309 3919 1374 3983; baseline 0.002 -15"><span class='ocrx_word' id='word_1_198' title='bbox 309 3930 450 3980; x_wconf 65' lang='lat' dir='ltr'><strong>pua,</strong></span> <span class='ocrx_word' id='word_1_199' title='bbox 464 3919 656 3983; x_wconf 80' lang='lat' dir='ltr'><strong>quibus</strong></span> <span class='ocrx_word' id='word_1_200' title='bbox 672 3920 833 3983; x_wconf 83' lang='lat' dir='ltr'><strong>Reges</strong></span> <span class='ocrx_word' id='word_1_201' title='bbox 845 3920 972 3970; x_wconf 85' lang='lat' dir='ltr'><strong>victi</strong></span> <span class='ocrx_word' id='word_1_202' title='bbox 983 3920 1346 3982; x_wconf 81' lang='lat' dir='ltr'><strong>obsequuntur</strong></span> <span class='ocrx_word' id='word_1_203' title='bbox 1358 3936 1374 3981; x_wconf 76' lang='grc' dir='ltr'><strong><em>ς</em></strong></span> 
     </span>
     <span class='ocr_line' id='line_1_42' title="bbox 309 3995 1374 4061; baseline 0.002 -17"><span class='ocrx_word' id='word_1_204' title='bbox 309 3995 552 4046; x_wconf 80' lang='lat' dir='ltr'><strong>nimirum</strong></span> <span class='ocrx_word' id='word_1_205' title='bbox 572 3996 754 4061; x_wconf 85' lang='lat' dir='ltr'><strong>libido,</strong></span> <span class='ocrx_word' id='word_1_206' title='bbox 775 3998 871 4059; x_wconf 85' lang='lat' dir='ltr'><strong>ira,</strong></span> <span class='ocrx_word' id='word_1_207' title='bbox 894 3998 1134 4058; x_wconf 78' lang='lat' dir='ltr'><strong>tristitia,</strong></span> <span class='ocrx_word' id='word_1_208' title='bbox 1154 4004 1211 4047; x_wconf 88' lang='lat' dir='ltr'><strong>et</strong></span> <span class='ocrx_word' id='word_1_209' title='bbox 1236 4012 1374 4060; x_wconf 89' lang='lat' dir='ltr'><strong>spes,</strong></span> 
     </span>
     <span class='ocr_line' id='line_1_43' title="bbox 310 4071 1372 4138; baseline 0.004 -19"><span class='ocrx_word' id='word_1_210' title='bbox 310 4071 372 4120; x_wconf 89' lang='lat' dir='ltr'><strong>ab</strong></span> <span class='ocrx_word' id='word_1_211' title='bbox 384 4073 658 4124; x_wconf 87' lang='lat' dir='ltr'><strong>undecimo</strong></span> <span class='ocrx_word' id='word_1_212' title='bbox 676 4089 849 4137; x_wconf 84' lang='lat' dir='ltr'><strong>versu,</strong></span> <span class='ocrx_word' id='word_1_213' title='bbox 870 4076 934 4124; x_wconf 91' lang='lat' dir='ltr'><strong>ad</strong></span> <span class='ocrx_word' id='word_1_214' title='bbox 946 4075 1200 4125; x_wconf 88' lang='lat' dir='ltr'><strong>decimum</strong></span> <span class='ocrx_word' id='word_1_215' title='bbox 1215 4075 1372 4138; x_wconf 90' lang='lat' dir='ltr'><strong>septi-</strong></span> 
     </span>
     <span class='ocr_line' id='line_1_44' title="bbox 309 4147 1371 4213; baseline 0.003 -16"><span class='ocrx_word' id='word_1_216' title='bbox 309 4160 467 4199; x_wconf 88' lang='lat' dir='ltr'><strong>mum.</strong></span> <span class='ocrx_word' id='word_1_217' title='bbox 505 4153 553 4198; x_wconf 90' lang='lat'><strong>1.</strong></span> <span class='ocrx_word' id='word_1_218' title='bbox 575 4150 800 4203; x_wconf 82' lang='lat' dir='ltr'><strong>Quidem</strong></span> <span class='ocrx_word' id='word_1_219' title='bbox 822 4150 1115 4201; x_wconf 80' lang='lat' dir='ltr'><strong>nominatur</strong></span> <span class='ocrx_word' id='word_1_220' title='bbox 1136 4151 1153 4178; x_wconf 88' lang='lat'>‘</span> <span class='ocrx_word' id='word_1_221' title='bbox 1175 4147 1371 4213; x_wconf 70' lang='lat' dir='ltr'><strong>libido:</strong></span> 
     </span>
     <span class='ocr_line' id='line_1_45' title="bbox 309 4225 1372 4292; baseline 0.006 -19"><span class='ocrx_word' id='word_1_222' title='bbox 309 4225 416 4275; x_wconf 86' lang='lat' dir='ltr'><strong>sive</strong></span> <span class='ocrx_word' id='word_1_223' title='bbox 425 4225 693 4278; x_wconf 81' lang='lat' dir='ltr'><strong>effraenata</strong></span> <span class='ocrx_word' id='word_1_224' title='bbox 708 4227 967 4292; x_wconf 86' lang='lat' dir='ltr'><strong>cupiditas</strong></span> <span class='ocrx_word' id='word_1_225' title='bbox 984 4246 998 4279; x_wconf 75' lang='lat' dir='ltr'><em>z</em></span> <span class='ocrx_word' id='word_1_226' title='bbox 1014 4243 1129 4279; x_wconf 88' lang='lat' dir='ltr'><strong>cum</strong></span> <span class='ocrx_word' id='word_1_227' title='bbox 1148 4230 1284 4279; x_wconf 85' lang='lat' dir='ltr'><strong>enim</strong></span> <span class='ocrx_word' id='word_1_228' title='bbox 1294 4244 1372 4279; x_wconf 88' lang='lat' dir='ltr'><strong>so-</strong></span> 
     </span>
     <span class='ocr_line' id='line_1_46' title="bbox 313 4302 1371 4373; baseline 0.005 -22"><span class='ocrx_word' id='word_1_229' title='bbox 313 4302 362 4352; x_wconf 87' lang='lat' dir='ltr'><strong>la</strong></span> <span class='ocrx_word' id='word_1_230' title='bbox 375 4304 389 4331; x_wconf 91' lang='lat'>‘</span> <span class='ocrx_word' id='word_1_231' title='bbox 408 4306 728 4358; x_wconf 85' lang='lat' dir='ltr'><strong>auctoritate</strong></span> <span class='ocrx_word' id='word_1_232' title='bbox 745 4313 978 4373; x_wconf 87' lang='lat' dir='ltr'><strong>nutuque</strong></span> <span class='ocrx_word' id='word_1_233' title='bbox 995 4308 1209 4373; x_wconf 85' lang='lat' dir='ltr'><strong>legum,’</strong></span> <span class='ocrx_word' id='word_1_234' title='bbox 1231 4313 1371 4361; x_wconf 85' lang='lat' dir='ltr'><strong>teste</strong></span> 
     </span>
    </p>
   </div>
   <div class='ocr_carea' id='block_1_12' title="bbox 1441 2291 2589 4368">
    <p class='ocr_par' dir='ltr' id='par_1_17' title="bbox 1441 2291 2589 4368">
     <span class='ocr_line' id='line_1_47' title="bbox 1456 2291 2518 2347; baseline -0.004 -1"><span class='ocrx_word' id='word_1_235' title='bbox 1456 2297 1622 2347; x_wconf 85' lang='lat' dir='ltr'><strong>Tullio</strong></span> <span class='ocrx_word' id='word_1_236' title='bbox 1647 2312 1684 2346; x_wconf 87' lang='lat'><strong>1.</strong></span> <span class='ocrx_word' id='word_1_237' title='bbox 1719 2296 1784 2347; x_wconf 90' lang='lat' dir='ltr'><strong>de</strong></span> <span class='ocrx_word' id='word_1_238' title='bbox 1808 2296 1960 2347; x_wconf 84' lang='lat' dir='ltr'><strong>Orat.</strong></span> <span class='ocrx_word' id='word_1_239' title='bbox 1995 2296 2012 2324; x_wconf 89' lang='lat'>‘</span> <span class='ocrx_word' id='word_1_240' title='bbox 2035 2294 2312 2345; x_wconf 84' lang='lat' dir='ltr'><strong>doceamur</strong></span> <span class='ocrx_word' id='word_1_241' title='bbox 2352 2291 2518 2343; x_wconf 89' lang='lat' dir='ltr'><strong>domi-</strong></span> 
     </span>
     <span class='ocr_line' id='line_1_48' title="bbox 1457 2373 2520 2437; baseline -0.004 -13"><span class='ocrx_word' id='word_1_242' title='bbox 1457 2381 1537 2424; x_wconf 88' lang='lat' dir='ltr'><strong>tas</strong></span> <span class='ocrx_word' id='word_1_243' title='bbox 1563 2376 1755 2425; x_wconf 87' lang='lat' dir='ltr'><strong>habere</strong></span> <span class='ocrx_word' id='word_1_244' title='bbox 1791 2373 2054 2437; x_wconf 86' lang='lat' dir='ltr'><strong>libidines,</strong></span> <span class='ocrx_word' id='word_1_245' title='bbox 2077 2373 2321 2423; x_wconf 77' lang='lat' dir='ltr'><strong>coe‘rcere</strong></span> <span class='ocrx_word' id='word_1_246' title='bbox 2345 2387 2520 2421; x_wconf 88' lang='lat' dir='ltr'><strong>omnes</strong></span> 
     </span>
     <span class='ocr_line' id='line_1_49' title="bbox 1456 2442 2518 2517; baseline -0.006 -13"><span class='ocrx_word' id='word_1_247' title='bbox 1456 2453 1770 2517; x_wconf 81' lang='lat' dir='ltr'><strong>cupiditates</strong></span> <span class='ocrx_word' id='word_1_248' title='bbox 1792 2451 1827 2514; x_wconf 73' lang='grc' dir='ltr'><strong>ς’</strong></span> <span class='ocrx_word' id='word_1_249' title='bbox 1896 2452 2160 2517; x_wconf 88' lang='lat' dir='ltr'><strong>princeps,</strong></span> <span class='ocrx_word' id='word_1_250' title='bbox 2211 2449 2301 2516; x_wconf 87' lang='lat' dir='ltr'><strong>qui</strong></span> <span class='ocrx_word' id='word_1_251' title='bbox 2363 2442 2518 2506; x_wconf 75' lang='lat' dir='ltr'><strong>nullis</strong></span> 
     </span>
     <span class='ocr_line' id='line_1_50' title="bbox 1456 2528 2522 2595; baseline -0.007 -14"><span class='ocrx_word' id='word_1_252' title='bbox 1456 2531 1629 2582; x_wconf 88' lang='lat' dir='ltr'><strong>credit</strong></span> <span class='ocrx_word' id='word_1_253' title='bbox 1648 2546 1705 2581; x_wconf 87' lang='lat' dir='ltr'><strong>se</strong></span> <span class='ocrx_word' id='word_1_254' title='bbox 1729 2531 1895 2581; x_wconf 88' lang='lat' dir='ltr'><strong>teneri</strong></span> <span class='ocrx_word' id='word_1_255' title='bbox 1916 2530 2137 2595; x_wconf 86' lang='lat' dir='ltr'><strong>legibus,</strong></span> <span class='ocrx_word' id='word_1_256' title='bbox 2152 2528 2354 2578; x_wconf 86' lang='lat' dir='ltr'><strong>libidini</strong></span> <span class='ocrx_word' id='word_1_257' title='bbox 2379 2542 2522 2576; x_wconf 84' lang='lat' dir='ltr'><strong>max-</strong></span> 
     </span>
     <span class='ocr_line' id='line_1_51' title="bbox 1454 2606 2522 2659; baseline -0.004 -2"><span class='ocrx_word' id='word_1_258' title='bbox 1454 2609 1558 2659; x_wconf 88' lang='lat' dir='ltr'><strong>ime</strong></span> <span class='ocrx_word' id='word_1_259' title='bbox 1598 2608 1850 2658; x_wconf 84' lang='lat' dir='ltr'><strong>obnoxius</strong></span> <span class='ocrx_word' id='word_1_260' title='bbox 1890 2615 1990 2658; x_wconf 89' lang='lat' dir='ltr'><strong>est.</strong></span> <span class='ocrx_word' id='word_1_261' title='bbox 2059 2606 2193 2656; x_wconf 84' lang='lat' dir='ltr'><strong>Haec</strong></span> <span class='ocrx_word' id='word_1_262' title='bbox 2227 2611 2400 2655; x_wconf 88' lang='lat' dir='ltr'><strong>autem</strong></span> <span class='ocrx_word' id='word_1_263' title='bbox 2435 2619 2522 2654; x_wconf 89' lang='lat' dir='ltr'><strong>cu-</strong></span> 
     </span>
     <span class='ocr_line' id='line_1_52' title="bbox 1459 2677 2518 2749; baseline -0.005 -15"><span class='ocrx_word' id='word_1_264' title='bbox 1459 2684 1648 2749; x_wconf 88' lang='lat' dir='ltr'><strong>piditas</strong></span> <span class='ocrx_word' id='word_1_265' title='bbox 1668 2698 1805 2734; x_wconf 87' lang='lat' dir='ltr'><strong>uunc</strong></span> <span class='ocrx_word' id='word_1_266' title='bbox 1847 2683 2039 2734; x_wconf 88' lang='lat' dir='ltr'><strong>dicitur</strong></span> <span class='ocrx_word' id='word_1_267' title='bbox 2078 2685 2095 2711; x_wconf 85' lang='lat'><em>‘</em></span> <span class='ocrx_word' id='word_1_268' title='bbox 2118 2682 2282 2733; x_wconf 88' lang='lat' dir='ltr'><strong>avidis</strong></span> <span class='ocrx_word' id='word_1_269' title='bbox 2303 2677 2518 2731; x_wconf 72' lang='lat' dir='ltr'><strong>venenis</strong></span> 
     </span>
     <span class='ocr_line' id='line_1_53' title="bbox 1458 2759 2517 2825; baseline -0.005 -13"><span class='ocrx_word' id='word_1_270' title='bbox 1458 2761 1620 2812; x_wconf 87' lang='lat' dir='ltr'><strong>corda</strong></span> <span class='ocrx_word' id='word_1_271' title='bbox 1640 2775 1847 2811; x_wconf 78' lang='lat' dir='ltr'><strong>versare</strong></span> <span class='ocrx_word' id='word_1_272' title='bbox 1866 2759 1898 2810; x_wconf 87' lang='lat'><strong>:&#39;</strong></span> <span class='ocrx_word' id='word_1_273' title='bbox 1941 2761 2181 2825; x_wconf 84' lang='lat' dir='ltr'><strong>quoniam</strong></span> <span class='ocrx_word' id='word_1_274' title='bbox 2204 2759 2340 2809; x_wconf 88' lang='lat' dir='ltr'><strong>sicut</strong></span> <span class='ocrx_word' id='word_1_275' title='bbox 2363 2772 2517 2807; x_wconf 84' lang='lat' dir='ltr'><strong>vene-</strong></span> 
     </span>
     <span class='ocr_line' id='line_1_54' title="bbox 1460 2835 2521 2903; baseline -0.006 -15"><span class='ocrx_word' id='word_1_276' title='bbox 1460 2854 1583 2888; x_wconf 87' lang='lat' dir='ltr'><strong>num</strong></span> <span class='ocrx_word' id='word_1_277' title='bbox 1619 2853 1806 2903; x_wconf 88' lang='lat' dir='ltr'><strong>corpus</strong></span> <span class='ocrx_word' id='word_1_278' title='bbox 1843 2842 1943 2902; x_wconf 88' lang='lat' dir='ltr'><strong>est,</strong></span> <span class='ocrx_word' id='word_1_279' title='bbox 1973 2838 2110 2902; x_wconf 87' lang='lat' dir='ltr'><strong>quod</strong></span> <span class='ocrx_word' id='word_1_280' title='bbox 2149 2850 2306 2885; x_wconf 82' lang='lat' dir='ltr'><strong>venas</strong></span> <span class='ocrx_word' id='word_1_281' title='bbox 2326 2835 2521 2899; x_wconf 83' lang='lat' dir='ltr'><strong>ingres-</strong></span> 
     </span>
     <span class='ocr_line' id='line_1_55' title="bbox 1460 2912 2519 2978; baseline -0.005 -13"><span class='ocrx_word' id='word_1_282' title='bbox 1460 2931 1572 2966; x_wconf 86' lang='lat' dir='ltr'><strong>sum</strong></span> <span class='ocrx_word' id='word_1_283' title='bbox 1595 2921 1653 2967; x_wconf 88' lang='lat' dir='ltr'><strong>et</strong></span> <span class='ocrx_word' id='word_1_284' title='bbox 1671 2914 1985 2966; x_wconf 83' lang='lat' dir='ltr'><strong>circumfuso</strong></span> <span class='ocrx_word' id='word_1_285' title='bbox 2018 2913 2268 2978; x_wconf 82' lang='lat' dir='ltr'><strong>sanguine</strong></span> <span class='ocrx_word' id='word_1_286' title='bbox 2290 2912 2519 2962; x_wconf 87' lang='lat' dir='ltr'><strong>delatum</strong></span> 
     </span>
     <span class='ocr_line' id='line_1_56' title="bbox 1453 2991 2518 3061; baseline -0.007 -15"><span class='ocrx_word' id='word_1_287' title='bbox 1453 2997 1530 3047; x_wconf 89' lang='lat' dir='ltr'><strong>ita</strong></span> <span class='ocrx_word' id='word_1_288' title='bbox 1571 2993 1837 3061; x_wconf 86' lang='lat' dir='ltr'><strong>discurrit,</strong></span> <span class='ocrx_word' id='word_1_289' title='bbox 1870 3002 1929 3045; x_wconf 89' lang='lat' dir='ltr'><strong>ut</strong></span> <span class='ocrx_word' id='word_1_290' title='bbox 1954 2993 2175 3043; x_wconf 87' lang='lat' dir='ltr'><strong>animam</strong></span> <span class='ocrx_word' id='word_1_291' title='bbox 2209 2991 2518 3055; x_wconf 54' lang='lat' dir='ltr'><strong>extinguam</strong></span> 
     </span>
     <span class='ocr_line' id='line_1_57' title="bbox 1455 3065 2522 3137; baseline -0.007 -15"><span class='ocrx_word' id='word_1_292' title='bbox 1455 3074 1530 3123; x_wconf 89' lang='lat' dir='ltr'><strong>sic</strong></span> <span class='ocrx_word' id='word_1_293' title='bbox 1553 3072 1807 3137; x_wconf 83' lang='lat' dir='ltr'><strong>praedicta</strong></span> <span class='ocrx_word' id='word_1_294' title='bbox 1838 3070 2167 3136; x_wconf 85' lang='lat' dir='ltr'><strong>perturbatio</strong></span> <span class='ocrx_word' id='word_1_295' title='bbox 2205 3068 2365 3117; x_wconf 74' lang='lat' dir='ltr'><strong>menti</strong></span> <span class='ocrx_word' id='word_1_296' title='bbox 2389 3065 2522 3115; x_wconf 83' lang='lat' dir='ltr'><strong>infu-</strong></span> 
     </span>
     <span class='ocr_line' id='line_1_58' title="bbox 1455 3143 2517 3215; baseline -0.01 -14"><span class='ocrx_word' id='word_1_297' title='bbox 1455 3166 1531 3213; x_wconf 83' lang='lat' dir='ltr'><strong>sa,</strong></span> <span class='ocrx_word' id='word_1_298' title='bbox 1562 3149 1774 3201; x_wconf 89' lang='lat' dir='ltr'><strong>taudem</strong></span> <span class='ocrx_word' id='word_1_299' title='bbox 1806 3147 2086 3215; x_wconf 87' lang='lat' dir='ltr'><strong>aliquando</strong></span> <span class='ocrx_word' id='word_1_300' title='bbox 2120 3147 2306 3196; x_wconf 90' lang='lat' dir='ltr'><strong>bonam</strong></span> <span class='ocrx_word' id='word_1_301' title='bbox 2343 3143 2517 3193; x_wconf 86' lang='lat' dir='ltr'><strong>volun-</strong></span> 
     </span>
     <span class='ocr_line' id='line_1_59' title="bbox 1456 3220 2518 3290; baseline -0.008 -14"><span class='ocrx_word' id='word_1_302' title='bbox 1456 3233 1638 3290; x_wconf 87' lang='lat' dir='ltr'><strong>tatem,</strong></span> <span class='ocrx_word' id='word_1_303' title='bbox 1684 3226 1997 3290; x_wconf 85' lang='lat' dir='ltr'><strong>praecipuam</strong></span> <span class='ocrx_word' id='word_1_304' title='bbox 2055 3222 2288 3287; x_wconf 87' lang='lat' dir='ltr'><strong>ejusdem</strong></span> <span class='ocrx_word' id='word_1_305' title='bbox 2332 3220 2518 3270; x_wconf 86' lang='lat' dir='ltr'><strong>mentis</strong></span> 
     </span>
     <span class='ocr_line' id='line_1_60' title="bbox 1456 3294 2521 3366; baseline -0.01 -11"><span class='ocrx_word' id='word_1_306' title='bbox 1456 3305 1638 3366; x_wconf 84' lang='lat' dir='ltr'><strong>vitam,</strong></span> <span class='ocrx_word' id='word_1_307' title='bbox 1677 3301 1842 3366; x_wconf 77' lang='lat' dir='ltr'><strong>fugat.</strong></span> <span class='ocrx_word' id='word_1_308' title='bbox 1913 3307 1964 3353; x_wconf 76' lang='lat'><strong>2.</strong></span> <span class='ocrx_word' id='word_1_309' title='bbox 2001 3300 2313 3351; x_wconf 88' lang='lat' dir='ltr'><strong>Nominatur</strong></span> <span class='ocrx_word' id='word_1_310' title='bbox 2371 3294 2521 3355; x_wconf 76' lang='lat' dir='ltr'><strong>‘ira‚&#39;</strong></span> 
     </span>
     <span class='ocr_line' id='line_1_61' title="bbox 1458 3376 2519 3446; baseline -0.007 -15"><span class='ocrx_word' id='word_1_311' title='bbox 1458 3382 1589 3442; x_wconf 83' lang='lat' dir='ltr'><strong>sive,</strong></span> <span class='ocrx_word' id='word_1_312' title='bbox 1611 3387 1671 3430; x_wconf 87' lang='lat' dir='ltr'><strong>ut</strong></span> <span class='ocrx_word' id='word_1_313' title='bbox 1690 3382 1920 3446; x_wconf 87' lang='lat' dir='ltr'><strong>loquitur</strong></span> <span class='ocrx_word' id='word_1_314' title='bbox 1951 3378 2167 3435; x_wconf 79' lang='lat' dir='ltr'><strong>Tullius,</strong></span> <span class='ocrx_word' id='word_1_315' title='bbox 2205 3381 2219 3405; x_wconf 90' lang='lat'>‘</span> <span class='ocrx_word' id='word_1_316' title='bbox 2240 3376 2400 3426; x_wconf 87' lang='lat' dir='ltr'><strong>libido</strong></span> <span class='ocrx_word' id='word_1_317' title='bbox 2425 3391 2519 3438; x_wconf 91' lang='lat' dir='ltr'><strong>pu·</strong></span> 
     </span>
     <span class='ocr_line' id='line_1_62' title="bbox 1457 3455 2519 3525; baseline -0.006 -16"><span class='ocrx_word' id='word_1_318' title='bbox 1457 3460 1635 3509; x_wconf 90' lang='lat' dir='ltr'><strong>niendi</strong></span> <span class='ocrx_word' id='word_1_319' title='bbox 1655 3461 1790 3524; x_wconf 85' lang='lat' dir='ltr'><strong>ejus,</strong></span> <span class='ocrx_word' id='word_1_320' title='bbox 1828 3459 1915 3525; x_wconf 90' lang='lat' dir='ltr'><strong>qui</strong></span> <span class='ocrx_word' id='word_1_321' title='bbox 1956 3458 2196 3507; x_wconf 86' lang='lat' dir='ltr'><strong>videatur</strong></span> <span class='ocrx_word' id='word_1_322' title='bbox 2217 3456 2416 3505; x_wconf 82' lang='lat' dir='ltr'><strong>laesisse</strong></span> <span class='ocrx_word' id='word_1_323' title='bbox 2441 3455 2519 3504; x_wconf 88' lang='lat' dir='ltr'><strong>in-</strong></span> 
     </span>
     <span class='ocr_line' id='line_1_63' title="bbox 1450 3533 2589 3601; baseline -0.007 -15"><span class='ocrx_word' id='word_1_324' title='bbox 1450 3536 1593 3601; x_wconf 83' lang='lat' dir='ltr'><strong>juria</strong></span> <span class='ocrx_word' id='word_1_325' title='bbox 1611 3535 1644 3585; x_wconf 68' lang='grc' dir='ltr'><strong>τ’</strong></span> <span class='ocrx_word' id='word_1_326' title='bbox 1698 3536 1816 3601; x_wconf 88' lang='lat' dir='ltr'><strong>quia</strong></span> <span class='ocrx_word' id='word_1_327' title='bbox 1861 3550 1977 3585; x_wconf 86' lang='lat' dir='ltr'><strong>cum</strong></span> <span class='ocrx_word' id='word_1_328' title='bbox 2022 3533 2273 3598; x_wconf 87' lang='lat' dir='ltr'><strong>ejusmodi</strong></span> <span class='ocrx_word' id='word_1_329' title='bbox 2318 3539 2523 3596; x_wconf 87' lang='lat' dir='ltr'><strong>pertur-</strong></span> <span class='ocrx_word' id='word_1_330' title='bbox 2584 3571 2589 3578; x_wconf 74' lang='grc'>,</span> 
     </span>
     <span class='ocr_line' id='line_1_64' title="bbox 1459 3607 2520 3676; baseline -0.007 -13"><span class='ocrx_word' id='word_1_331' title='bbox 1459 3613 1602 3663; x_wconf 88' lang='lat' dir='ltr'><strong>batio</strong></span> <span class='ocrx_word' id='word_1_332' title='bbox 1625 3628 1690 3663; x_wconf 80' lang='lat' dir='ltr'><strong>ex</strong></span> <span class='ocrx_word' id='word_1_333' title='bbox 1714 3612 1958 3676; x_wconf 88' lang='lat' dir='ltr'><strong>opinione</strong></span> <span class='ocrx_word' id='word_1_334' title='bbox 1988 3617 2284 3660; x_wconf 86' lang='lat' dir='ltr'><strong>contemtus</strong></span> <span class='ocrx_word' id='word_1_335' title='bbox 2302 3607 2520 3670; x_wconf 85' lang='lat' dir='ltr'><strong>oriatur,</strong></span> 
     </span>
     <span class='ocr_line' id='line_1_65' title="bbox 1457 3686 2520 3755; baseline -0.007 -15"><span class='ocrx_word' id='word_1_336' title='bbox 1457 3704 1680 3755; x_wconf 86' lang='lat' dir='ltr'><strong>cumque</strong></span> <span class='ocrx_word' id='word_1_337' title='bbox 1703 3690 1970 3754; x_wconf 87' lang='lat' dir='ltr'><strong>princeps,</strong></span> <span class='ocrx_word' id='word_1_338' title='bbox 2001 3693 2197 3752; x_wconf 86' lang='lat' dir='ltr'><strong>quanto</strong></span> <span class='ocrx_word' id='word_1_339' title='bbox 2233 3686 2396 3751; x_wconf 69' lang='lat' dir='ltr'><strong>major</strong></span> <span class='ocrx_word' id='word_1_340' title='bbox 2416 3693 2520 3748; x_wconf 86' lang='lat' dir='ltr'><strong>est,</strong></span> 
     </span>
     <span class='ocr_line' id='line_1_66' title="bbox 1457 3764 2521 3829; baseline -0.005 -14"><span class='ocrx_word' id='word_1_341' title='bbox 1457 3772 1606 3816; x_wconf 82' lang='lat' dir='ltr'><strong>tanto</strong></span> <span class='ocrx_word' id='word_1_342' title='bbox 1640 3765 1844 3815; x_wconf 86' lang='lat' dir='ltr'><strong>facilius</strong></span> <span class='ocrx_word' id='word_1_343' title='bbox 1885 3764 2085 3829; x_wconf 86' lang='lat' dir='ltr'><strong>opinari</strong></span> <span class='ocrx_word' id='word_1_344' title='bbox 2119 3764 2284 3827; x_wconf 88' lang='lat' dir='ltr'><strong>possit</strong></span> <span class='ocrx_word' id='word_1_345' title='bbox 2321 3777 2378 3811; x_wconf 89' lang='lat' dir='ltr'><strong>se</strong></span> <span class='ocrx_word' id='word_1_346' title='bbox 2400 3776 2521 3811; x_wconf 90' lang='lat' dir='ltr'><strong>con·</strong></span> 
     </span>
     <span class='ocr_line' id='line_1_67' title="bbox 1456 3839 2519 3903; baseline -0.007 -10"><span class='ocrx_word' id='word_1_347' title='bbox 1456 3843 1639 3903; x_wconf 88' lang='lat' dir='ltr'><strong>temni,</strong></span> <span class='ocrx_word' id='word_1_348' title='bbox 1678 3842 1874 3892; x_wconf 84' lang='lat' dir='ltr'><strong>idcirco</strong></span> <span class='ocrx_word' id='word_1_349' title='bbox 1921 3842 2013 3890; x_wconf 82' lang='lat' dir='ltr'><strong>irae</strong></span> <span class='ocrx_word' id='word_1_350' title='bbox 2047 3840 2236 3903; x_wconf 79' lang='lat' dir='ltr'><strong>saepius</strong></span> <span class='ocrx_word' id='word_1_351' title='bbox 2269 3839 2519 3888; x_wconf 84' lang='lat' dir='ltr'><strong>obnoxius</strong></span> 
     </span>
     <span class='ocr_line' id='line_1_68' title="bbox 1456 3918 2518 3986; baseline -0.006 -15"><span class='ocrx_word' id='word_1_352' title='bbox 1456 3929 1555 3971; x_wconf 87' lang='lat' dir='ltr'><strong>est.</strong></span> <span class='ocrx_word' id='word_1_353' title='bbox 1619 3920 1799 3986; x_wconf 74' lang='lat' dir='ltr'><strong>Atque</strong></span> <span class='ocrx_word' id='word_1_354' title='bbox 1815 3921 1930 3969; x_wconf 77' lang='lat' dir='ltr'><strong>baec</strong></span> <span class='ocrx_word' id='word_1_355' title='bbox 1950 3920 2115 3983; x_wconf 76' lang='lat' dir='ltr'><strong>Regis</strong></span> <span class='ocrx_word' id='word_1_356' title='bbox 2142 3918 2219 3966; x_wconf 83' lang='lat' dir='ltr'><strong>ira</strong></span> <span class='ocrx_word' id='word_1_357' title='bbox 2240 3923 2390 3967; x_wconf 84' lang='lat' dir='ltr'><strong>tanto</strong></span> <span class='ocrx_word' id='word_1_358' title='bbox 2413 3931 2518 3966; x_wconf 80' lang='lat' dir='ltr'><strong>ma-</strong></span> 
     </span>
     <span class='ocr_line' id='line_1_69' title="bbox 1441 3993 2520 4064; baseline -0.006 -16"><span class='ocrx_word' id='word_1_359' title='bbox 1441 3997 1827 4064; x_wconf 84' lang='lat' dir='ltr'><strong>jores‘fluctus</strong></span> <span class='ocrx_word' id='word_1_360' title='bbox 1859 3996 2011 4047; x_wconf 84' lang='lat' dir='ltr'><strong>tollet</strong></span> <span class='ocrx_word' id='word_1_361' title='bbox 2035 3994 2245 4045; x_wconf 86' lang='lat' dir='ltr'><strong>turbida</strong></span> <span class='ocrx_word' id='word_1_362' title='bbox 2259 3993 2294 4054; x_wconf 86' lang='lat'><strong>;&#39;</strong></span> <span class='ocrx_word' id='word_1_363' title='bbox 2329 3999 2520 4059; x_wconf 85' lang='lat' dir='ltr'><strong>quanto</strong></span> 
     </span>
     <span class='ocr_line' id='line_1_70' title="bbox 1455 4068 2519 4139; baseline -0.008 -14"><span class='ocrx_word' id='word_1_364' title='bbox 1455 4076 1624 4139; x_wconf 86' lang='lat' dir='ltr'><strong>major</strong></span> <span class='ocrx_word' id='word_1_365' title='bbox 1666 4083 1751 4125; x_wconf 88' lang='lat' dir='ltr'><strong>est</strong></span> <span class='ocrx_word' id='word_1_366' title='bbox 1792 4074 1917 4123; x_wconf 85' lang='lat' dir='ltr'><strong>irati</strong></span> <span class='ocrx_word' id='word_1_367' title='bbox 1956 4072 2259 4122; x_wconf 85' lang='lat' dir='ltr'><strong>auctoritas.</strong></span> <span class='ocrx_word' id='word_1_368' title='bbox 2325 4073 2375 4119; x_wconf 79' lang='lat'><strong>3.</strong></span> <span class='ocrx_word' id='word_1_369' title='bbox 2411 4068 2519 4118; x_wconf 89' lang='lat' dir='ltr'><strong>No-</strong></span> 
     </span>
     <span class='ocr_line' id='line_1_71' title="bbox 1453 4140 2516 4211; baseline -0.009 -8"><span class='ocrx_word' id='word_1_370' title='bbox 1453 4140 1681 4203; x_wconf 44' lang='lat' dir='ltr'><strong>minatur&#39;</strong></span> <span class='ocrx_word' id='word_1_371' title='bbox 1699 4152 1715 4180; x_wconf 89' lang='lat'>‘</span> <span class='ocrx_word' id='word_1_372' title='bbox 1737 4151 1953 4201; x_wconf 88' lang='lat' dir='ltr'><strong>tristitia</strong></span> <span class='ocrx_word' id='word_1_373' title='bbox 1969 4150 1985 4173; x_wconf 83' lang='lat'>’</span> <span class='ocrx_word' id='word_1_374' title='bbox 1999 4150 2106 4199; x_wconf 80' lang='lat' dir='ltr'><strong>sive</strong></span> <span class='ocrx_word' id='word_1_375' title='bbox 2127 4162 2347 4197; x_wconf 77' lang='lat' dir='ltr'><strong>nioeror:</strong></span> <span class='ocrx_word' id='word_1_376' title='bbox 2394 4159 2516 4211; x_wconf 77' lang='lat' dir='ltr'><strong>quo·-</strong></span> 
     </span>
     <span class='ocr_line' id='line_1_72' title="bbox 1453 4222 2517 4292; baseline -0.009 -14"><span class='ocrx_word' id='word_1_377' title='bbox 1453 4230 1591 4278; x_wconf 83' lang='lat' dir='ltr'><strong>niam</strong></span> <span class='ocrx_word' id='word_1_378' title='bbox 1611 4227 1910 4292; x_wconf 87' lang='lat' dir='ltr'><strong>peturbatio</strong></span> <span class='ocrx_word' id='word_1_379' title='bbox 1928 4227 2040 4276; x_wconf 84' lang='lat' dir='ltr'><strong>haec</strong></span> <span class='ocrx_word' id='word_1_380' title='bbox 2062 4230 2144 4275; x_wconf 91' lang='lat' dir='ltr'><strong>est</strong></span> <span class='ocrx_word' id='word_1_381' title='bbox 2163 4222 2352 4272; x_wconf 88' lang='lat' dir='ltr'><strong>flebilis</strong></span> <span class='ocrx_word' id='word_1_382' title='bbox 2375 4236 2517 4286; x_wconf 85' lang='lat' dir='ltr'><strong>quae-</strong></span> 
     </span>
     <span class='ocr_line' id='line_1_73' title="bbox 1452 4298 2514 4368; baseline -0.01 -13"><span class='ocrx_word' id='word_1_383' title='bbox 1452 4305 1572 4355; x_wconf 85' lang='lat' dir='ltr'><strong>dam</strong></span> <span class='ocrx_word' id='word_1_384' title='bbox 1618 4303 1899 4368; x_wconf 69' lang='lat' dir='ltr'><strong>aegritudo,</strong></span> <span class='ocrx_word' id='word_1_385' title='bbox 1933 4308 2050 4353; x_wconf 89' lang='lat' dir='ltr'><strong>orta</strong></span> <span class='ocrx_word' id='word_1_386' title='bbox 2091 4315 2157 4350; x_wconf 85' lang='lat' dir='ltr'><strong>ex</strong></span> <span class='ocrx_word' id='word_1_387' title='bbox 2193 4298 2360 4361; x_wconf 79' lang='lat' dir='ltr'><strong>malis,</strong></span> <span class='ocrx_word' id='word_1_388' title='bbox 2400 4311 2514 4361; x_wconf 81' lang='lat' dir='ltr'><strong>quae</strong></span> 
     </span>
    </p>
   </div>
  </div>
 </body>
</html>
