<?xml version="1.0" encoding="UTF-8"?>
<!DOCTYPE html PUBLIC "-//W3C//DTD XHTML 1.0 Transitional//EN"
    "http://www.w3.org/TR/xhtml1/DTD/xhtml1-transitional.dtd">
<html xmlns="http://www.w3.org/1999/xhtml" xml:lang="en" lang="en">
 <head>
  <title>
</title>
<meta http-equiv="Content-Type" content="text/html;charset=utf-8" />
  <meta name='ocr-system' content='tesseract 3.04.00' />
  <meta name='ocr-capabilities' content='ocr_page ocr_carea ocr_par ocr_line ocrx_word'/>
</head>
<body>
  <div class='ocr_page' id='page_1' title='image "./deconsolationep00boetgoog_0423.png"; bbox 0 0 3049 4928; ppageno 0'>
   <div class='ocr_carea' id='block_1_1' title="bbox 708 419 2481 489">
    <p class='ocr_par' dir='ltr' id='par_1_1' title="bbox 708 419 2481 489">
     <span class='ocr_line' id='line_1_1' title="bbox 708 419 2481 489; baseline -0.002 -3"><span class='ocrx_word' id='word_1_1' title='bbox 708 433 983 488; x_wconf 65' lang='lat' dir='ltr'>wacon.</span> <span class='ocrx_word' id='word_1_2' title='bbox 1029 437 1260 487; x_wconf 74' lang='lat' dir='ltr'>PULM.</span> <span class='ocrx_word' id='word_1_3' title='bbox 1311 438 1408 486; x_wconf 77' lang='lat' dir='ltr'>ns</span> <span class='ocrx_word' id='word_1_4' title='bbox 1459 435 1687 489; x_wconf 67' lang='lat' dir='ltr'>Mera.</span> <span class='ocrx_word' id='word_1_5' title='bbox 1738 437 2006 485; x_wconf 76' lang='lat' dir='ltr'>noum.</span> <span class='ocrx_word' id='word_1_6' title='bbox 2350 419 2481 484; x_wconf 84' lang='grc'>413</span> 
     </span>
    </p>
   </div>
   <div class='ocr_carea' id='block_1_2' title="bbox 304 572 2480 820">
    <p class='ocr_par' dir='ltr' id='par_1_2' title="bbox 304 572 2480 820">
     <span class='ocr_line' id='line_1_2' title="bbox 376 572 2480 660; baseline 0 -22"><span class='ocrx_word' id='word_1_7' title='bbox 376 572 481 639; x_wconf 79' lang='lat' dir='ltr'>lv,</span> <span class='ocrx_word' id='word_1_8' title='bbox 523 578 903 640; x_wconf 87' lang='lat' dir='ltr'>Monocolon.</span> <span class='ocrx_word' id='word_1_9' title='bbox 986 582 1205 642; x_wconf 77' lang='lat' dir='ltr'>Versus</span> <span class='ocrx_word' id='word_1_10' title='bbox 1247 590 1335 641; x_wconf 82' lang='lat' dir='ltr'>est</span> <span class='ocrx_word' id='word_1_11' title='bbox 1379 579 1711 660; x_wconf 78' lang='lat' dir='ltr'><strong>dactylicus</strong></span> <span class='ocrx_word' id='word_1_12' title='bbox 1757 580 2081 641; x_wconf 78' lang='lat' dir='ltr'>Phulaecius</span> <span class='ocrx_word' id='word_1_13' title='bbox 2119 588 2480 659; x_wconf 79' lang='lat' dir='ltr'>pentameter</span> 
     </span>
     <span class='ocr_line' id='line_1_3' title="bbox 304 655 2473 820; baseline 0.001 -101"><span class='ocrx_word' id='word_1_14' title='bbox 304 655 846 820; x_wconf 46' lang='lat' dir='ltr'>Zaigdgssaaazlpus,</span> <span class='ocrx_word' id='word_1_15' title='bbox 879 672 1157 723; x_wconf 78' lang='lat' dir='ltr'>constans</span> <span class='ocrx_word' id='word_1_16' title='bbox 1186 662 1491 741; x_wconf 79' lang='lat' dir='ltr'>spondaeo,</span> <span class='ocrx_word' id='word_1_17' title='bbox 1543 661 1804 742; x_wconf 75' lang='lat' dir='ltr'>dactylo,</span> <span class='ocrx_word' id='word_1_18' title='bbox 1843 674 1902 722; x_wconf 78' lang='lat' dir='ltr'>et</span> <span class='ocrx_word' id='word_1_19' title='bbox 1940 663 2125 722; x_wconf 85' lang='lat' dir='ltr'>tribus</span> <span class='ocrx_word' id='word_1_20' title='bbox 2156 661 2473 721; x_wconf 76' lang='lat' dir='ltr'>trochaeis:</span> 
     </span>
    </p>
   </div>
   <div class='ocr_carea' id='block_1_3' title="bbox 297 855 2475 1303">
    <p class='ocr_par' dir='ltr' id='par_1_3' title="bbox 297 855 2475 1303">
     <span class='ocr_line' id='line_1_4' title="bbox 719 855 1821 921; baseline 0 -17"><span class='ocrx_word' id='word_1_21' title='bbox 719 869 757 905; x_wconf 85' lang='lat'>1.</span> <span class='ocrx_word' id='word_1_22' title='bbox 792 860 840 905; x_wconf 80' lang='grc'><strong>4.</strong></span> <span class='ocrx_word' id='word_1_23' title='bbox 876 855 1122 921; x_wconf 77' lang='lat' dir='ltr'><strong>Quisquis</strong></span> <span class='ocrx_word' id='word_1_24' title='bbox 1147 855 1430 920; x_wconf 88' lang='lat' dir='ltr'>composito</span> <span class='ocrx_word' id='word_1_25' title='bbox 1454 868 1667 904; x_wconf 88' lang='lat' dir='ltr'>serenus</span> <span class='ocrx_word' id='word_1_26' title='bbox 1692 870 1821 905; x_wconf 80' lang='lat' dir='ltr'>aevo.</span> 
     </span>
     <span class='ocr_line' id='line_1_5' title="bbox 880 941 1584 973; baseline 0 0"><span class='ocrx_word' id='word_1_27' title='bbox 880 947 964 957; x_wconf 92' lang='lat'>·--</span> <span class='ocrx_word' id='word_1_28' title='bbox 1028 941 1154 973; x_wconf 78' lang='grc' dir='ltr'>-υυ</span> <span class='ocrx_word' id='word_1_29' title='bbox 1217 945 1300 973; x_wconf 82' lang='grc' dir='ltr'>-υ</span> <span class='ocrx_word' id='word_1_30' title='bbox 1360 944 1442 973; x_wconf 79' lang='grc' dir='ltr'>-υ</span> <span class='ocrx_word' id='word_1_31' title='bbox 1504 947 1584 957; x_wconf 89' lang='lat'>--·</span> 
     </span>
     <span class='ocr_line' id='line_1_6' title="bbox 680 1001 1835 1066; baseline 0.001 -17"><span class='ocrx_word' id='word_1_32' title='bbox 680 1013 767 1050; x_wconf 85' lang='lat'>111.</span> <span class='ocrx_word' id='word_1_33' title='bbox 804 1004 881 1051; x_wconf 86' lang='lat'>10.</span> <span class='ocrx_word' id='word_1_34' title='bbox 918 1001 1038 1051; x_wconf 90' lang='lat' dir='ltr'>Huc</span> <span class='ocrx_word' id='word_1_35' title='bbox 1062 1017 1237 1051; x_wconf 88' lang='lat' dir='ltr'>omnes</span> <span class='ocrx_word' id='word_1_36' title='bbox 1262 1002 1458 1066; x_wconf 86' lang='lat' dir='ltr'>pariter</span> <span class='ocrx_word' id='word_1_37' title='bbox 1482 1002 1654 1052; x_wconf 87' lang='lat' dir='ltr'>venite</span> <span class='ocrx_word' id='word_1_38' title='bbox 1678 1001 1835 1066; x_wconf 82' lang='lat' dir='ltr'>capti.</span> 
     </span>
     <span class='ocr_line' id='line_1_7' title="bbox 922 1091 1626 1121; baseline -0.001 -1"><span class='ocrx_word' id='word_1_39' title='bbox 922 1093 1002 1102; x_wconf 61' lang='lat'>⁶*</span> <span class='ocrx_word' id='word_1_40' title='bbox 1064 1091 1192 1121; x_wconf 65' lang='lat' dir='ltr'>-VV</span> <span class='ocrx_word' id='word_1_41' title='bbox 1255 1092 1336 1119; x_wconf 67' lang='lat' dir='ltr'>*U</span> <span class='ocrx_word' id='word_1_42' title='bbox 1396 1092 1479 1119; x_wconf 71' lang='grc' dir='ltr'>-υ</span> <span class='ocrx_word' id='word_1_43' title='bbox 1543 1094 1626 1103; x_wconf 84' lang='grc'><em>·“·“·</em></span> 
     </span>
     <span class='ocr_line' id='line_1_8' title="bbox 300 1161 2475 1256; baseline 0.001 -35"><span class='ocrx_word' id='word_1_44' title='bbox 300 1240 314 1255; x_wconf 44' lang='lat'><em>.</em></span> <span class='ocrx_word' id='word_1_45' title='bbox 374 1162 487 1256; x_wconf 75' lang='lat' dir='ltr'>Hic</span> <span class='ocrx_word' id='word_1_46' title='bbox 518 1182 657 1222; x_wconf 80' lang='lat' dir='ltr'>vero</span> <span class='ocrx_word' id='word_1_47' title='bbox 684 1162 742 1221; x_wconf 91' lang='lat' dir='ltr'>in</span> <span class='ocrx_word' id='word_1_48' title='bbox 773 1163 960 1242; x_wconf 84' lang='lat' dir='ltr'>prima</span> <span class='ocrx_word' id='word_1_49' title='bbox 991 1167 1223 1244; x_wconf 80' lang='lat' dir='ltr'>regione</span> <span class='ocrx_word' id='word_1_50' title='bbox 1250 1184 1666 1244; x_wconf 80' lang='lat' dir='ltr'>nonnunquam</span> <span class='ocrx_word' id='word_1_51' title='bbox 1697 1182 1807 1241; x_wconf 88' lang='lat' dir='ltr'>pro</span> <span class='ocrx_word' id='word_1_52' title='bbox 1838 1161 2123 1242; x_wconf 80' lang='lat' dir='ltr'>spondaeo</span> <span class='ocrx_word' id='word_1_53' title='bbox 2151 1166 2475 1228; x_wconf 78' lang='lat' dir='ltr'>trochaeum</span> 
     </span>
     <span class='ocr_line' id='line_1_9' title="bbox 297 1260 573 1303; baseline 0.014 -4"><span class='ocrx_word' id='word_1_54' title='bbox 297 1260 573 1303; x_wconf 66' lang='lat' dir='ltr'>inventes».</span> 
     </span>
    </p>
   </div>
   <div class='ocr_carea' id='block_1_4' title="bbox 294 1371 2478 1922">
    <p class='ocr_par' dir='ltr' id='par_1_4' title="bbox 294 1371 2478 1695">
     <span class='ocr_line' id='line_1_10' title="bbox 370 1371 2478 1450; baseline 0 -19"><span class='ocrx_word' id='word_1_55' title='bbox 370 1373 443 1432; x_wconf 88' lang='lat' dir='ltr'>V.</span> <span class='ocrx_word' id='word_1_56' title='bbox 491 1374 872 1433; x_wconf 87' lang='lat' dir='ltr'>Monocolon.</span> <span class='ocrx_word' id='word_1_57' title='bbox 960 1373 1174 1433; x_wconf 78' lang='lat' dir='ltr'><strong>Versus</strong></span> <span class='ocrx_word' id='word_1_58' title='bbox 1227 1386 1318 1434; x_wconf 89' lang='lat' dir='ltr'>est</span> <span class='ocrx_word' id='word_1_59' title='bbox 1366 1372 1760 1450; x_wconf 83' lang='lat' dir='ltr'>anapaesticus</span> <span class='ocrx_word' id='word_1_60' title='bbox 1811 1371 2174 1443; x_wconf 76' lang='lat' dir='ltr'>Pindaricus,</span> <span class='ocrx_word' id='word_1_61' title='bbox 2232 1372 2478 1433; x_wconf 86' lang='lat' dir='ltr'>dimeter</span> 
     </span>
     <span class='ocr_line' id='line_1_11' title="bbox 296 1453 2477 1533; baseline 0.001 -23"><span class='ocrx_word' id='word_1_62' title='bbox 296 1454 670 1526; x_wconf 81' lang='lat' dir='ltr'>acatalectus,</span> <span class='ocrx_word' id='word_1_63' title='bbox 690 1468 960 1513; x_wconf 84' lang='lat' dir='ltr'>constans</span> <span class='ocrx_word' id='word_1_64' title='bbox 989 1467 1325 1533; x_wconf 82' lang='lat' dir='ltr'>anapaesto:</span> <span class='ocrx_word' id='word_1_65' title='bbox 1351 1456 1559 1532; x_wconf 78' lang='lat' dir='ltr'><strong>recipit</strong></span> <span class='ocrx_word' id='word_1_66' title='bbox 1591 1465 1783 1513; x_wconf 84' lang='lat' dir='ltr'>tamen</span> <span class='ocrx_word' id='word_1_67' title='bbox 1814 1453 2158 1531; x_wconf 86' lang='lat' dir='ltr'>spondaeum</span> <span class='ocrx_word' id='word_1_68' title='bbox 2188 1462 2249 1513; x_wconf 89' lang='lat' dir='ltr'>et</span> <span class='ocrx_word' id='word_1_69' title='bbox 2268 1454 2477 1531; x_wconf 82' lang='lat' dir='ltr'>dacty-</span> 
     </span>
     <span class='ocr_line' id='line_1_12' title="bbox 294 1533 2474 1614; baseline 0.001 -24"><span class='ocrx_word' id='word_1_70' title='bbox 294 1533 441 1592; x_wconf 83' lang='lat' dir='ltr'>lum:</span> <span class='ocrx_word' id='word_1_71' title='bbox 503 1555 922 1614; x_wconf 87' lang='lat' dir='ltr'>nonnunquam</span> <span class='ocrx_word' id='word_1_72' title='bbox 975 1537 1594 1613; x_wconf 78' lang='lat' dir='ltr'><strong>proceleusmaticum,</strong></span> <span class='ocrx_word' id='word_1_73' title='bbox 1650 1534 1754 1594; x_wconf 84' lang='lat' dir='ltr'>sed</span> <span class='ocrx_word' id='word_1_74' title='bbox 1813 1534 2022 1594; x_wconf 80' lang='lat' dir='ltr'>rarius.</span> <span class='ocrx_word' id='word_1_75' title='bbox 2110 1535 2305 1594; x_wconf 88' lang='lat' dir='ltr'>Utitur</span> <span class='ocrx_word' id='word_1_76' title='bbox 2362 1536 2474 1593; x_wconf 89' lang='lat' dir='ltr'>hoc</span> 
     </span>
     <span class='ocr_line' id='line_1_13' title="bbox 296 1614 1171 1695; baseline 0.001 -23"><span class='ocrx_word' id='word_1_77' title='bbox 296 1614 577 1675; x_wconf 77' lang='lat' dir='ltr'>Carminis</span> <span class='ocrx_word' id='word_1_78' title='bbox 606 1636 811 1694; x_wconf 82' lang='lat' dir='ltr'><strong>genere</strong></span> <span class='ocrx_word' id='word_1_79' title='bbox 838 1616 1171 1695; x_wconf 87' lang='lat' dir='ltr'>quinquies.</span> 
     </span>
    </p>

    <p class='ocr_par' dir='ltr' id='par_1_5' title="bbox 671 1726 1777 1922">
     <span class='ocr_line' id='line_1_14' title="bbox 731 1726 1634 1780; baseline -0.003 -2"><span class='ocrx_word' id='word_1_80' title='bbox 731 1741 769 1780; x_wconf 82' lang='lat'>1.</span> <span class='ocrx_word' id='word_1_81' title='bbox 801 1735 848 1780; x_wconf 87' lang='lat'>5.</span> <span class='ocrx_word' id='word_1_82' title='bbox 886 1729 936 1779; x_wconf 91' lang='grc' dir='ltr'>Ο</span> <span class='ocrx_word' id='word_1_83' title='bbox 961 1726 1196 1778; x_wconf 81' lang='lat' dir='ltr'>stelliferi</span> <span class='ocrx_word' id='word_1_84' title='bbox 1220 1727 1454 1777; x_wconf 81' lang='lat' dir='ltr'>conditor</span> <span class='ocrx_word' id='word_1_85' title='bbox 1474 1726 1634 1776; x_wconf 78' lang='lat' dir='ltr'>orbis,</span> 
     </span>
     <span class='ocr_line' id='line_1_15' title="bbox 671 1791 1777 1846; baseline 0.001 -5"><span class='ocrx_word' id='word_1_86' title='bbox 671 1808 759 1843; x_wconf 85' lang='grc' dir='ltr'><strong>ιιι.</strong></span> <span class='ocrx_word' id='word_1_87' title='bbox 792 1799 842 1844; x_wconf 80' lang='grc'><strong>2.</strong></span> <span class='ocrx_word' id='word_1_88' title='bbox 879 1795 1112 1846; x_wconf 67' lang='lat' dir='ltr'>Quantas</span> <span class='ocrx_word' id='word_1_89' title='bbox 1135 1808 1305 1843; x_wconf 84' lang='lat' dir='ltr'>rerum</span> <span class='ocrx_word' id='word_1_90' title='bbox 1326 1791 1508 1841; x_wconf 78' lang='lat' dir='ltr'>flectat</span> <span class='ocrx_word' id='word_1_91' title='bbox 1531 1793 1777 1842; x_wconf 71' lang='lat' dir='ltr'>habenas.</span> 
     </span>
     <span class='ocr_line' id='line_1_16' title="bbox 675 1859 1579 1922; baseline -0.001 -15"><span class='ocrx_word' id='word_1_92' title='bbox 675 1873 754 1908; x_wconf 78' lang='lat' dir='ltr'>lv,</span> <span class='ocrx_word' id='word_1_93' title='bbox 793 1864 842 1907; x_wconf 82' lang='lat'>6.</span> <span class='ocrx_word' id='word_1_94' title='bbox 878 1860 930 1908; x_wconf 92' lang='lat' dir='ltr'>Si</span> <span class='ocrx_word' id='word_1_95' title='bbox 955 1859 1031 1908; x_wconf 83' lang='lat' dir='ltr'>vis</span> <span class='ocrx_word' id='word_1_96' title='bbox 1055 1860 1180 1908; x_wconf 84' lang='lat' dir='ltr'>celsi</span> <span class='ocrx_word' id='word_1_97' title='bbox 1195 1859 1312 1922; x_wconf 69' lang='lat' dir='ltr'>jum</span> <span class='ocrx_word' id='word_1_98' title='bbox 1335 1859 1579 1907; x_wconf 74' lang='lat' dir='ltr'>tonantis.</span> 
     </span>
    </p>
   </div>
   <div class='ocr_carea' id='block_1_5' title="bbox 705 1922 1788 2039">
    <p class='ocr_par' dir='ltr' id='par_1_6' title="bbox 705 1922 1788 2039">
     <span class='ocr_line' id='line_1_17' title="bbox 709 1922 1757 1973; baseline 0 -2"><span class='ocrx_word' id='word_1_99' title='bbox 709 1938 764 1972; x_wconf 87' lang='lat' dir='ltr'>v.</span> <span class='ocrx_word' id='word_1_100' title='bbox 799 1926 848 1972; x_wconf 71' lang='lat'>2.</span> <span class='ocrx_word' id='word_1_101' title='bbox 885 1924 1025 1973; x_wconf 88' lang='lat' dir='ltr'>Puro</span> <span class='ocrx_word' id='word_1_102' title='bbox 1049 1925 1247 1972; x_wconf 85' lang='lat' dir='ltr'>clarum</span> <span class='ocrx_word' id='word_1_103' title='bbox 1269 1923 1459 1972; x_wconf 83' lang='lat' dir='ltr'>lumine</span> <span class='ocrx_word' id='word_1_104' title='bbox 1486 1922 1757 1972; x_wconf 77' lang='lat' dir='ltr'><strong>Phoebum.</strong></span> 
     </span>
     <span class='ocr_line' id='line_1_18' title="bbox 705 1986 1788 2039; baseline 0 -3"><span class='ocrx_word' id='word_1_105' title='bbox 705 2002 759 2037; x_wconf 79' lang='lat' dir='ltr'>v,</span> <span class='ocrx_word' id='word_1_106' title='bbox 793 1992 842 2037; x_wconf 76' lang='grc'><strong>3.</strong></span> <span class='ocrx_word' id='word_1_107' title='bbox 879 1990 1126 2039; x_wconf 69' lang='lat' dir='ltr'>Quaenam</span> <span class='ocrx_word' id='word_1_108' title='bbox 1153 1990 1351 2037; x_wconf 86' lang='lat' dir='ltr'>discors</span> <span class='ocrx_word' id='word_1_109' title='bbox 1376 1986 1575 2038; x_wconf 79' lang='lat' dir='ltr'>foedera</span> <span class='ocrx_word' id='word_1_110' title='bbox 1600 2002 1788 2037; x_wconf 85' lang='lat' dir='ltr'>rerum.</span> 
     </span>
    </p>
   </div>
   <div class='ocr_carea' id='block_1_6' title="bbox 298 2073 1485 2216">
    <p class='ocr_par' dir='ltr' id='par_1_7' title="bbox 298 2073 1485 2216">
     <span class='ocr_line' id='line_1_19' title="bbox 866 2073 1427 2121; baseline -0.004 -14"><span class='ocrx_word' id='word_1_111' title='bbox 866 2079 945 2121; x_wconf 53' lang='lat' dir='ltr'>·ss</span> <span class='ocrx_word' id='word_1_112' title='bbox 1008 2080 1090 2092; x_wconf 83' lang='lat'>--</span> <span class='ocrx_word' id='word_1_113' title='bbox 1154 2073 1282 2107; x_wconf 76' lang='grc' dir='ltr'>-υυ</span> <span class='ocrx_word' id='word_1_114' title='bbox 1345 2077 1427 2105; x_wconf 78' lang='grc' dir='ltr'>-υ</span> 
     </span>
     <span class='ocr_line' id='line_1_20' title="bbox 298 2130 1485 2216; baseline 0.003 -27"><span class='ocrx_word' id='word_1_115' title='bbox 298 2130 424 2191; x_wconf 82' lang='lat' dir='ltr'>Hoc</span> <span class='ocrx_word' id='word_1_116' title='bbox 452 2132 689 2216; x_wconf 87' lang='lat' dir='ltr'>Adonio</span> <span class='ocrx_word' id='word_1_117' title='bbox 720 2131 926 2192; x_wconf 82' lang='lat' dir='ltr'>finivit.</span> <span class='ocrx_word' id='word_1_118' title='bbox 1457 2180 1485 2213; x_wconf 49' lang='lat'><em>7</em></span> 
     </span>
    </p>
   </div>
   <div class='ocr_carea' id='block_1_7' title="bbox 288 2257 2476 2654">
    <p class='ocr_par' dir='ltr' id='par_1_8' title="bbox 288 2257 2476 2503">
     <span class='ocr_line' id='line_1_21' title="bbox 364 2257 2475 2341; baseline 0 -24"><span class='ocrx_word' id='word_1_119' title='bbox 364 2257 900 2325; x_wconf 62' lang='lat' dir='ltr'>V1.&#39;Monocolon.</span> <span class='ocrx_word' id='word_1_120' title='bbox 985 2262 1205 2321; x_wconf 82' lang='lat' dir='ltr'>Versus</span> <span class='ocrx_word' id='word_1_121' title='bbox 1234 2272 1323 2320; x_wconf 84' lang='lat' dir='ltr'>est</span> <span class='ocrx_word' id='word_1_122' title='bbox 1367 2260 1702 2341; x_wconf 84' lang='lat' dir='ltr'>Glyconius</span> <span class='ocrx_word' id='word_1_123' title='bbox 1745 2258 2174 2319; x_wconf 87' lang='lat' dir='ltr'>choriambicus</span> <span class='ocrx_word' id='word_1_124' title='bbox 2219 2257 2475 2318; x_wconf 88' lang='lat' dir='ltr'>trimeter</span> 
     </span>
     <span class='ocr_line' id='line_1_22' title="bbox 288 2340 2476 2435; baseline 0 -37"><span class='ocrx_word' id='word_1_125' title='bbox 288 2342 664 2435; x_wconf 67' lang='lat' dir='ltr'>acatalectus.</span> <span class='ocrx_word' id='word_1_126' title='bbox 699 2422 710 2434; x_wconf 36' lang='grc' dir='ltr'><strong>ο</strong></span> <span class='ocrx_word' id='word_1_127' title='bbox 748 2344 994 2413; x_wconf 76' lang='lat' dir='ltr'>Constat</span> <span class='ocrx_word' id='word_1_128' title='bbox 1050 2341 1357 2421; x_wconf 85' lang='lat' dir='ltr'>spondaeo,</span> <span class='ocrx_word' id='word_1_129' title='bbox 1414 2342 1783 2415; x_wconf 77' lang='lat' dir='ltr'>cltoriambO,</span> <span class='ocrx_word' id='word_1_130' title='bbox 1829 2350 1885 2399; x_wconf 90' lang='lat' dir='ltr'>et</span> <span class='ocrx_word' id='word_1_131' title='bbox 1938 2340 2313 2419; x_wconf 80' lang='lat' dir='ltr'>Pyrrhicbio:</span> <span class='ocrx_word' id='word_1_132' title='bbox 2357 2359 2476 2419; x_wconf 90' lang='lat' dir='ltr'>quo</span> 
     </span>
     <span class='ocr_line' id='line_1_23' title="bbox 291 2432 830 2503; baseline 0.007 -23"><span class='ocrx_word' id='word_1_133' title='bbox 291 2439 599 2503; x_wconf 78' lang='lat' dir='ltr'>quinquies</span> <span class='ocrx_word' id='word_1_134' title='bbox 630 2432 830 2484; x_wconf 78' lang='lat' dir='ltr'>utitur.</span> 
     </span>
    </p>

    <p class='ocr_par' dir='ltr' id='par_1_9' title="bbox 755 2536 1705 2654">
     <span class='ocr_line' id='line_1_24' title="bbox 778 2536 1682 2597; baseline -0.002 -11"><span class='ocrx_word' id='word_1_135' title='bbox 778 2551 818 2586; x_wconf 91' lang='grc' dir='ltr'>ι.</span> <span class='ocrx_word' id='word_1_136' title='bbox 884 2542 933 2586; x_wconf 81' lang='grc'><strong>6.</strong></span> <span class='ocrx_word' id='word_1_137' title='bbox 969 2537 1099 2586; x_wconf 89' lang='lat' dir='ltr'>Cum</span> <span class='ocrx_word' id='word_1_138' title='bbox 1122 2537 1302 2586; x_wconf 82' lang='lat' dir='ltr'>Phoebi</span> <span class='ocrx_word' id='word_1_139' title='bbox 1328 2536 1482 2584; x_wconf 79' lang='lat' dir='ltr'>radiis</span> <span class='ocrx_word' id='word_1_140' title='bbox 1508 2550 1682 2597; x_wconf 81' lang='lat' dir='ltr'>grave.</span> 
     </span>
     <span class='ocr_line' id='line_1_25' title="bbox 755 2597 1705 2654; baseline -0.001 -3"><span class='ocrx_word' id='word_1_141' title='bbox 755 2615 819 2651; x_wconf 86' lang='lat'>11.</span> <span class='ocrx_word' id='word_1_142' title='bbox 884 2607 934 2652; x_wconf 87' lang='grc'>8.</span> <span class='ocrx_word' id='word_1_143' title='bbox 970 2601 1124 2654; x_wconf 83' lang='lat' dir='ltr'>Quod</span> <span class='ocrx_word' id='word_1_144' title='bbox 1145 2601 1364 2650; x_wconf 86' lang='lat' dir='ltr'>mundus</span> <span class='ocrx_word' id='word_1_145' title='bbox 1386 2601 1563 2650; x_wconf 81' lang='lat' dir='ltr'>stabili</span> <span class='ocrx_word' id='word_1_146' title='bbox 1582 2597 1705 2650; x_wconf 83' lang='lat' dir='ltr'>fide.</span> 
     </span>
    </p>
   </div>
   <div class='ocr_carea' id='block_1_8' title="bbox 732 2665 1586 2780">
    <p class='ocr_par' dir='ltr' id='par_1_10' title="bbox 732 2665 1586 2780">
     <span class='ocr_line' id='line_1_26' title="bbox 732 2665 1586 2729; baseline 0.002 -15"><span class='ocrx_word' id='word_1_147' title='bbox 732 2679 822 2716; x_wconf 85' lang='grc' dir='ltr'><strong>ιιι.</strong></span> <span class='ocrx_word' id='word_1_148' title='bbox 857 2671 937 2716; x_wconf 79' lang='lat'>12.</span> <span class='ocrx_word' id='word_1_149' title='bbox 972 2666 1117 2714; x_wconf 80' lang='lat' dir='ltr'>Felix</span> <span class='ocrx_word' id='word_1_150' title='bbox 1142 2666 1228 2729; x_wconf 86' lang='lat' dir='ltr'>qui</span> <span class='ocrx_word' id='word_1_151' title='bbox 1251 2669 1424 2729; x_wconf 89' lang='lat' dir='ltr'>potuit</span> <span class='ocrx_word' id='word_1_152' title='bbox 1445 2665 1586 2716; x_wconf 72' lang='lat' dir='ltr'>boni.</span> 
     </span>
     <span class='ocr_line' id='line_1_27' title="bbox 752 2729 1517 2780; baseline -0.004 0"><span class='ocrx_word' id='word_1_153' title='bbox 752 2744 831 2780; x_wconf 80' lang='lat' dir='ltr'>lv.</span> <span class='ocrx_word' id='word_1_154' title='bbox 897 2735 945 2780; x_wconf 75' lang='lat'>3.</span> <span class='ocrx_word' id='word_1_155' title='bbox 979 2731 1110 2780; x_wconf 85' lang='lat' dir='ltr'>Vela</span> <span class='ocrx_word' id='word_1_156' title='bbox 1135 2731 1326 2779; x_wconf 86' lang='lat' dir='ltr'>Neritii</span> <span class='ocrx_word' id='word_1_157' title='bbox 1354 2729 1517 2779; x_wconf 86' lang='lat' dir='ltr'>ducis.</span> 
     </span>
    </p>
   </div>
   <div class='ocr_carea' id='block_1_9' title="bbox 287 2839 2472 3003">
    <p class='ocr_par' dir='ltr' id='par_1_11' title="bbox 287 2839 2472 3003">
     <span class='ocr_line' id='line_1_28' title="bbox 360 2839 2472 2922; baseline -0.001 -21"><span class='ocrx_word' id='word_1_158' title='bbox 360 2843 573 2903; x_wconf 87' lang='lat' dir='ltr'>Verum</span> <span class='ocrx_word' id='word_1_159' title='bbox 606 2844 664 2902; x_wconf 89' lang='lat' dir='ltr'>in</span> <span class='ocrx_word' id='word_1_160' title='bbox 695 2844 808 2903; x_wconf 87' lang='lat' dir='ltr'>hoc</span> <span class='ocrx_word' id='word_1_161' title='bbox 838 2844 1111 2904; x_wconf 83' lang='lat' dir='ltr'>Carmine</span> <span class='ocrx_word' id='word_1_162' title='bbox 1139 2844 1363 2922; x_wconf 84' lang='lat' dir='ltr'>primus</span> <span class='ocrx_word' id='word_1_163' title='bbox 1392 2846 1642 2921; x_wconf 83' lang='lat' dir='ltr'>quisque</span> <span class='ocrx_word' id='word_1_164' title='bbox 1689 2861 1796 2920; x_wconf 88' lang='lat' dir='ltr'>pes</span> <span class='ocrx_word' id='word_1_165' title='bbox 1848 2840 1971 2898; x_wconf 82' lang='lat' dir='ltr'>fere</span> <span class='ocrx_word' id='word_1_166' title='bbox 2016 2839 2312 2898; x_wconf 77' lang='lat' dir='ltr'>trochaeus</span> <span class='ocrx_word' id='word_1_167' title='bbox 2361 2849 2472 2910; x_wconf 87' lang='lat' dir='ltr'>est,</span> 
     </span>
     <span class='ocr_line' id='line_1_29' title="bbox 287 2920 2229 3003; baseline -0.002 -22"><span class='ocrx_word' id='word_1_168' title='bbox 287 2935 531 3003; x_wconf 81' lang='lat' dir='ltr'>excepto</span> <span class='ocrx_word' id='word_1_169' title='bbox 563 2925 772 2984; x_wconf 83' lang='lat' dir='ltr'>ultimo</span> <span class='ocrx_word' id='word_1_170' title='bbox 802 2945 991 2995; x_wconf 83' lang='lat' dir='ltr'>versu,</span> <span class='ocrx_word' id='word_1_171' title='bbox 1034 2926 1089 2983; x_wconf 85' lang='lat' dir='ltr'>iu</span> <span class='ocrx_word' id='word_1_172' title='bbox 1123 2945 1242 3002; x_wconf 90' lang='lat' dir='ltr'>quo</span> <span class='ocrx_word' id='word_1_173' title='bbox 1271 2924 1534 2983; x_wconf 85' lang='lat' dir='ltr'>nonnulli</span> <span class='ocrx_word' id='word_1_174' title='bbox 1565 2933 1760 2982; x_wconf 86' lang='lat' dir='ltr'>tamen</span> <span class='ocrx_word' id='word_1_175' title='bbox 1787 2920 1978 2981; x_wconf 78' lang='lat' dir='ltr'>rdoere</span> <span class='ocrx_word' id='word_1_176' title='bbox 2003 2921 2229 2999; x_wconf 81' lang='lat' dir='ltr'>legunt.</span> 
     </span>
    </p>
   </div>
   <div class='ocr_carea' id='block_1_10' title="bbox 735 3037 1641 3155">
    <p class='ocr_par' dir='ltr' id='par_1_12' title="bbox 735 3037 1641 3155">
     <span class='ocr_line' id='line_1_30' title="bbox 735 3037 1641 3102; baseline 0 -16"><span class='ocrx_word' id='word_1_177' title='bbox 735 3052 791 3087; x_wconf 79' lang='lat' dir='ltr'>v,</span> <span class='ocrx_word' id='word_1_178' title='bbox 824 3042 873 3087; x_wconf 83' lang='grc'><strong>4.</strong></span> <span class='ocrx_word' id='word_1_179' title='bbox 909 3037 1179 3089; x_wconf 82' lang='lat' dir='ltr'>Quondam</span> <span class='ocrx_word' id='word_1_180' title='bbox 1201 3038 1429 3102; x_wconf 81' lang='lat' dir='ltr'>porticus</span> <span class='ocrx_word' id='word_1_181' title='bbox 1453 3037 1641 3086; x_wconf 79' lang='lat' dir='ltr'>attulit.</span> 
     </span>
     <span class='ocr_line' id='line_1_31' title="bbox 925 3123 1390 3155; baseline 0 0"><span class='ocrx_word' id='word_1_182' title='bbox 925 3130 1007 3138; x_wconf 93' lang='lat'>--</span> <span class='ocrx_word' id='word_1_183' title='bbox 1070 3124 1231 3155; x_wconf 77' lang='grc' dir='ltr'><strong><em>-υυ-</em></strong></span> <span class='ocrx_word' id='word_1_184' title='bbox 1296 3123 1390 3155; x_wconf 70' lang='lat' dir='ltr'>w</span> 
     </span>
    </p>
   </div>
   <div class='ocr_carea' id='block_1_11' title="bbox 290 3197 2474 3361">
    <p class='ocr_par' dir='ltr' id='par_1_13' title="bbox 290 3197 2474 3361">
     <span class='ocr_line' id='line_1_32' title="bbox 362 3197 2473 3279; baseline -0 -22"><span class='ocrx_word' id='word_1_185' title='bbox 362 3199 495 3258; x_wconf 89' lang='lat' dir='ltr'>VII.</span> <span class='ocrx_word' id='word_1_186' title='bbox 540 3201 922 3259; x_wconf 85' lang='lat' dir='ltr'>Monocolon.</span> <span class='ocrx_word' id='word_1_187' title='bbox 1004 3203 1217 3261; x_wconf 80' lang='lat' dir='ltr'>Versus</span> <span class='ocrx_word' id='word_1_188' title='bbox 1247 3213 1337 3260; x_wconf 86' lang='lat' dir='ltr'>est</span> <span class='ocrx_word' id='word_1_189' title='bbox 1363 3200 1693 3279; x_wconf 82' lang='lat' dir='ltr'>dactylicus</span> <span class='ocrx_word' id='word_1_190' title='bbox 1723 3199 1992 3258; x_wconf 82' lang='lat' dir='ltr'>Adouius</span> <span class='ocrx_word' id='word_1_191' title='bbox 2024 3197 2269 3256; x_wconf 88' lang='lat' dir='ltr'>dimeter</span> <span class='ocrx_word' id='word_1_192' title='bbox 2310 3205 2473 3256; x_wconf 85' lang='lat' dir='ltr'>cata·</span> 
     </span>
     <span class='ocr_line' id='line_1_33' title="bbox 290 3275 2474 3361; baseline 0 -26"><span class='ocrx_word' id='word_1_193' title='bbox 290 3275 547 3355; x_wconf 79' lang='lat' dir='ltr'>lecticus,</span> <span class='ocrx_word' id='word_1_194' title='bbox 574 3290 854 3340; x_wconf 78' lang='lat' dir='ltr'>constans</span> <span class='ocrx_word' id='word_1_195' title='bbox 883 3282 1122 3360; x_wconf 84' lang='lat' dir='ltr'>dactylo</span> <span class='ocrx_word' id='word_1_196' title='bbox 1162 3295 1225 3342; x_wconf 87' lang='lat' dir='ltr'>et</span> <span class='ocrx_word' id='word_1_197' title='bbox 1264 3281 1568 3361; x_wconf 70' lang='lat' dir='ltr'>spondam,</span> <span class='ocrx_word' id='word_1_198' title='bbox 1599 3282 1717 3340; x_wconf 87' lang='lat' dir='ltr'>sive</span> <span class='ocrx_word' id='word_1_199' title='bbox 1766 3282 2049 3339; x_wconf 77' lang='lat' dir='ltr'>trochaee.</span> <span class='ocrx_word' id='word_1_200' title='bbox 2133 3278 2320 3338; x_wconf 86' lang='lat' dir='ltr'>Semel</span> <span class='ocrx_word' id='word_1_201' title='bbox 2361 3278 2474 3336; x_wconf 88' lang='lat' dir='ltr'>hoc</span> 
     </span>
    </p>
   </div>
   <div class='ocr_carea' id='block_1_12' title="bbox 298 3359 1302 3490">
    <p class='ocr_par' dir='ltr' id='par_1_14' title="bbox 298 3359 1302 3490">
     <span class='ocr_line' id='line_1_34' title="bbox 298 3359 495 3419; baseline 0.01 -3"><span class='ocrx_word' id='word_1_202' title='bbox 298 3359 495 3419; x_wconf 87' lang='lat' dir='ltr'>utitur.</span> 
     </span>
     <span class='ocr_line' id='line_1_35' title="bbox 736 3440 1302 3490; baseline -0.002 -1"><span class='ocrx_word' id='word_1_203' title='bbox 736 3454 775 3490; x_wconf 89' lang='lat'>1.</span> <span class='ocrx_word' id='word_1_204' title='bbox 812 3443 860 3490; x_wconf 83' lang='grc'><strong>7.</strong></span> <span class='ocrx_word' id='word_1_205' title='bbox 900 3440 1137 3490; x_wconf 87' lang='lat' dir='ltr'>Nubibus</span> <span class='ocrx_word' id='word_1_206' title='bbox 1160 3441 1302 3489; x_wconf 81' lang='lat' dir='ltr'>atris.</span> 
     </span>
    </p>
   </div>
   <div class='ocr_carea' id='block_1_13' title="bbox 894 3528 1166 3558">
    <p class='ocr_par' dir='ltr' id='par_1_15' title="bbox 894 3528 1166 3558">
     <span class='ocr_line' id='line_1_36' title="bbox 894 3528 1166 3558; baseline 0.004 -18"><span class='ocrx_word' id='word_1_207' title='bbox 894 3528 1022 3558; x_wconf 50' lang='grc' dir='ltr'><strong>..νυ</strong></span> <span class='ocrx_word' id='word_1_208' title='bbox 1086 3532 1166 3541; x_wconf 80' lang='grc'>..-</span> 
     </span>
    </p>
   </div>
   <div class='ocr_carea' id='block_1_14' title="bbox 287 3600 2475 4007">
    <p class='ocr_par' dir='ltr' id='par_1_16' title="bbox 287 3600 2475 4007">
     <span class='ocr_line' id='line_1_37' title="bbox 367 3600 2475 3682; baseline -0 -21"><span class='ocrx_word' id='word_1_209' title='bbox 367 3601 533 3663; x_wconf 85' lang='lat' dir='ltr'>vm.</span> <span class='ocrx_word' id='word_1_210' title='bbox 576 3604 958 3662; x_wconf 88' lang='lat' dir='ltr'>Monocolon.</span> <span class='ocrx_word' id='word_1_211' title='bbox 1058 3606 1271 3663; x_wconf 83' lang='lat' dir='ltr'>Versus</span> <span class='ocrx_word' id='word_1_212' title='bbox 1299 3614 1390 3664; x_wconf 81' lang='lat' dir='ltr'>est</span> <span class='ocrx_word' id='word_1_213' title='bbox 1420 3604 1706 3662; x_wconf 87' lang='lat' dir='ltr'>iambicus</span> <span class='ocrx_word' id='word_1_214' title='bbox 1738 3604 2185 3682; x_wconf 83' lang='lat' dir='ltr'>Hipponacteus</span> <span class='ocrx_word' id='word_1_215' title='bbox 2216 3600 2475 3660; x_wconf 79' lang='lat' dir='ltr'>trimeter</span> 
     </span>
     <span class='ocr_line' id='line_1_38' title="bbox 287 3684 2472 3765; baseline 0 -26"><span class='ocrx_word' id='word_1_216' title='bbox 287 3685 664 3754; x_wconf 75' lang='lat' dir='ltr'>acatalectus,</span> <span class='ocrx_word' id='word_1_217' title='bbox 683 3685 784 3762; x_wconf 88' lang='lat' dir='ltr'>qui</span> <span class='ocrx_word' id='word_1_218' title='bbox 812 3704 1027 3744; x_wconf 83' lang='lat' dir='ltr'>scazon</span> <span class='ocrx_word' id='word_1_219' title='bbox 1050 3685 1403 3765; x_wconf 84' lang='lat' dir='ltr'>appellatur,</span> <span class='ocrx_word' id='word_1_220' title='bbox 1421 3685 1581 3764; x_wconf 88' lang='lat' dir='ltr'>quod</span> <span class='ocrx_word' id='word_1_221' title='bbox 1605 3687 1659 3744; x_wconf 90' lang='lat' dir='ltr'>in</span> <span class='ocrx_word' id='word_1_222' title='bbox 1682 3697 1846 3744; x_wconf 83' lang='lat' dir='ltr'>sexta</span> <span class='ocrx_word' id='word_1_223' title='bbox 1873 3685 2106 3760; x_wconf 85' lang='lat' dir='ltr'>regione</span> <span class='ocrx_word' id='word_1_224' title='bbox 2134 3684 2472 3760; x_wconf 86' lang='lat' dir='ltr'>spondaeum</span> 
     </span>
     <span class='ocr_line' id='line_1_39' title="bbox 291 3763 2471 3844; baseline 0.001 -25"><span class='ocrx_word' id='word_1_225' title='bbox 291 3763 377 3820; x_wconf 82' lang='lat' dir='ltr'>vel</span> <span class='ocrx_word' id='word_1_226' title='bbox 405 3765 724 3823; x_wconf 78' lang='lat' dir='ltr'>trochaeuin</span> <span class='ocrx_word' id='word_1_227' title='bbox 756 3765 989 3826; x_wconf 84' lang='lat' dir='ltr'>habeat.</span> <span class='ocrx_word' id='word_1_228' title='bbox 1075 3766 1310 3844; x_wconf 85' lang='lat' dir='ltr'>Recipit</span> <span class='ocrx_word' id='word_1_229' title='bbox 1352 3767 1675 3843; x_wconf 83' lang='lat' dir='ltr'>imparibus</span> <span class='ocrx_word' id='word_1_230' title='bbox 1725 3765 1869 3824; x_wconf 89' lang='lat' dir='ltr'>locis</span> <span class='ocrx_word' id='word_1_231' title='bbox 1922 3764 2205 3833; x_wconf 80' lang='lat' dir='ltr'>iambum,</span> <span class='ocrx_word' id='word_1_232' title='bbox 2262 3763 2471 3821; x_wconf 86' lang='lat' dir='ltr'>tribra-</span> 
     </span>
     <span class='ocr_line' id='line_1_40' title="bbox 293 3842 2474 3927; baseline 0.001 -28"><span class='ocrx_word' id='word_1_233' title='bbox 293 3842 461 3919; x_wconf 78' lang='lat' dir='ltr'>chyn,</span> <span class='ocrx_word' id='word_1_234' title='bbox 491 3845 859 3920; x_wconf 82' lang='lat' dir='ltr'>spondaeum,</span> <span class='ocrx_word' id='word_1_235' title='bbox 889 3846 1212 3925; x_wconf 78' lang='lat' dir='ltr'>dactylum,</span> <span class='ocrx_word' id='word_1_236' title='bbox 1242 3857 1301 3906; x_wconf 89' lang='lat' dir='ltr'>et</span> <span class='ocrx_word' id='word_1_237' title='bbox 1356 3856 1753 3927; x_wconf 82' lang='lat' dir='ltr'>anapaestum:</span> <span class='ocrx_word' id='word_1_238' title='bbox 1799 3846 2036 3922; x_wconf 83' lang='lat' dir='ltr'>paribus</span> <span class='ocrx_word' id='word_1_239' title='bbox 2080 3843 2364 3914; x_wconf 85' lang='lat' dir='ltr'>iambum,</span> <span class='ocrx_word' id='word_1_240' title='bbox 2410 3851 2474 3901; x_wconf 90' lang='lat' dir='ltr'>et</span> 
     </span>
     <span class='ocr_line' id='line_1_41' title="bbox 292 3922 2468 4007; baseline 0.001 -29"><span class='ocrx_word' id='word_1_241' title='bbox 292 3922 652 4003; x_wconf 80' lang='lat' dir='ltr'>tribrachyn:</span> <span class='ocrx_word' id='word_1_242' title='bbox 712 3925 868 4003; x_wconf 87' lang='lat' dir='ltr'>apud</span> <span class='ocrx_word' id='word_1_243' title='bbox 928 3927 1189 3986; x_wconf 88' lang='lat' dir='ltr'>comicos</span> <span class='ocrx_word' id='word_1_244' title='bbox 1244 3926 1581 4007; x_wconf 86' lang='lat' dir='ltr'>frequenter</span> <span class='ocrx_word' id='word_1_245' title='bbox 1627 3936 1689 3987; x_wconf 84' lang='lat' dir='ltr'>et</span> <span class='ocrx_word' id='word_1_246' title='bbox 1740 3934 2129 4004; x_wconf 68' lang='lat' dir='ltr'>anapaestum.</span> <span class='ocrx_word' id='word_1_247' title='bbox 2212 3923 2310 3983; x_wconf 77' lang='lat' dir='ltr'>Bis</span> <span class='ocrx_word' id='word_1_248' title='bbox 2355 3923 2468 3982; x_wconf 88' lang='lat' dir='ltr'>hoc</span> 
     </span>
    </p>
   </div>
   <div class='ocr_carea' id='block_1_15' title="bbox 301 4002 1999 4202">
    <p class='ocr_par' dir='ltr' id='par_1_17' title="bbox 301 4002 1999 4202">
     <span class='ocr_line' id='line_1_42' title="bbox 301 4002 1369 4061; baseline -0.001 -3"><span class='ocrx_word' id='word_1_249' title='bbox 301 4002 404 4060; x_wconf 78' lang='lat' dir='ltr'>utit</span> <span class='ocrx_word' id='word_1_250' title='bbox 475 4045 494 4061; x_wconf 89' lang='grc'><strong>.</strong></span> <span class='ocrx_word' id='word_1_251' title='bbox 1364 4054 1369 4057; x_wconf 18' lang='grc' dir='ltr'><strong>Α</strong></span> 
     </span>
     <span class='ocr_line' id='line_1_43' title="bbox 410 4023 1999 4155; baseline 0.002 -23"><span class='ocrx_word' id='word_1_252' title='bbox 410 4023 475 4062; x_wconf 67' lang='lat' dir='ltr'>ur</span> <span class='ocrx_word' id='word_1_253' title='bbox 669 4097 732 4133; x_wconf 84' lang='grc' dir='ltr'>ιι.</span> <span class='ocrx_word' id='word_1_254' title='bbox 771 4089 815 4133; x_wconf 88' lang='grc'><strong>1.</strong></span> <span class='ocrx_word' id='word_1_255' title='bbox 855 4084 984 4134; x_wconf 83' lang='lat' dir='ltr'>Haec</span> <span class='ocrx_word' id='word_1_256' title='bbox 1006 4099 1122 4135; x_wconf 90' lang='lat' dir='ltr'>cum</span> <span class='ocrx_word' id='word_1_257' title='bbox 1145 4085 1368 4149; x_wconf 84' lang='lat' dir='ltr'>superba</span> <span class='ocrx_word' id='word_1_258' title='bbox 1388 4085 1609 4135; x_wconf 86' lang='lat' dir='ltr'>verterit</span> <span class='ocrx_word' id='word_1_259' title='bbox 1628 4084 1771 4134; x_wconf 88' lang='lat' dir='ltr'>vices</span> <span class='ocrx_word' id='word_1_260' title='bbox 1795 4084 1999 4155; x_wconf 71' lang='lat' dir='ltr'>dextra.</span> 
     </span>
     <span class='ocr_line' id='line_1_44' title="bbox 860 4174 1656 4202; baseline 0 0"><span class='ocrx_word' id='word_1_261' title='bbox 860 4176 941 4186; x_wconf 88' lang='lat'><strong>·-·-</strong></span> <span class='ocrx_word' id='word_1_262' title='bbox 1002 4174 1084 4202; x_wconf 81' lang='grc' dir='ltr'>υ-</span> <span class='ocrx_word' id='word_1_263' title='bbox 1146 4176 1228 4185; x_wconf 87' lang='grc'><em>·--·</em></span> <span class='ocrx_word' id='word_1_264' title='bbox 1291 4174 1371 4202; x_wconf 84' lang='grc' dir='ltr'>υ-</span> <span class='ocrx_word' id='word_1_265' title='bbox 1432 4174 1515 4202; x_wconf 70' lang='lat' dir='ltr'>u·</span> <span class='ocrx_word' id='word_1_266' title='bbox 1577 4176 1656 4187; x_wconf 85' lang='lat'><strong>·-·-</strong></span> 
     </span>
    </p>
   </div>
   <div class='ocr_carea' id='block_1_16' title="bbox 671 4196 2084 4296">
    <p class='ocr_par' dir='ltr' id='par_1_18' title="bbox 671 4196 2084 4296">
     <span class='ocr_line' id='line_1_45' title="bbox 671 4196 2084 4296; baseline -0.002 -14"><span class='ocrx_word' id='word_1_267' title='bbox 671 4243 758 4282; x_wconf 82' lang='lat' dir='ltr'>m.</span> <span class='ocrx_word' id='word_1_268' title='bbox 796 4235 872 4281; x_wconf 92' lang='lat' dir='ltr'>ll.</span> <span class='ocrx_word' id='word_1_269' title='bbox 909 4230 1155 4295; x_wconf 78' lang='lat' dir='ltr'>Quisquis</span> <span class='ocrx_word' id='word_1_270' title='bbox 1178 4229 1434 4294; x_wconf 79' lang='lat' dir='ltr'>profunda</span> <span class='ocrx_word' id='word_1_271' title='bbox 1455 4237 1628 4281; x_wconf 81' lang='lat' dir='ltr'>mente</span> <span class='ocrx_word' id='word_1_272' title='bbox 1650 4231 1871 4296; x_wconf 77' lang='lat' dir='ltr'>vestigat</span> <span class='ocrx_word' id='word_1_273' title='bbox 1892 4196 2084 4283; x_wconf 67' lang='lat' dir='ltr'>rerum.</span> 
     </span>
    </p>
   </div>
  </div>
 </body>
</html>
