<?xml version="1.0" encoding="UTF-8"?>
<!DOCTYPE html PUBLIC "-//W3C//DTD XHTML 1.0 Transitional//EN"
    "http://www.w3.org/TR/xhtml1/DTD/xhtml1-transitional.dtd">
<html xmlns="http://www.w3.org/1999/xhtml" xml:lang="en" lang="en">
 <head>
  <title>
</title>
<meta http-equiv="Content-Type" content="text/html;charset=utf-8" />
  <meta name='ocr-system' content='tesseract 3.04.00' />
  <meta name='ocr-capabilities' content='ocr_page ocr_carea ocr_par ocr_line ocrx_word'/>
</head>
<body>
  <div class='ocr_page' id='page_1' title='image "./deconsolationep00boetgoog_0077.png"; bbox 0 0 3049 4928; ppageno 0'>
   <div class='ocr_carea' id='block_1_1' title="bbox 1030 410 1845 460">
    <p class='ocr_par' dir='ltr' id='par_1_1' title="bbox 1030 410 1845 460">
     <span class='ocr_line' id='line_1_1' title="bbox 1030 410 1845 460; baseline -0.004 0"><span class='ocrx_word' id='word_1_1' title='bbox 1030 410 1155 460; x_wconf 68' lang='grc' dir='ltr'>ΡΗ]</span> <span class='ocrx_word' id='word_1_2' title='bbox 1169 412 1551 459; x_wconf 70' lang='lat' dir='ltr'>LosorfflAE</span> <span class='ocrx_word' id='word_1_3' title='bbox 1604 412 1745 459; x_wconf 81' lang='lat' dir='ltr'><strong>LIB.</strong></span> <span class='ocrx_word' id='word_1_4' title='bbox 1797 412 1845 459; x_wconf 87' lang='lat'>1.</span> 
     </span>
    </p>
   </div>
   <div class='ocr_carea' id='block_1_2' title="bbox 324 555 1447 638">
    <p class='ocr_par' dir='ltr' id='par_1_2' title="bbox 324 555 1447 638">
     <span class='ocr_line' id='line_1_2' title="bbox 324 555 1447 638; baseline 0.005 -22"><span class='ocrx_word' id='word_1_5' title='bbox 324 555 618 637; x_wconf 86' lang='lat' dir='ltr'>quisque</span> <span class='ocrx_word' id='word_1_6' title='bbox 679 556 926 638; x_wconf 89' lang='lat' dir='ltr'>potuit,</span> <span class='ocrx_word' id='word_1_7' title='bbox 989 556 1447 622; x_wconf 80' lang='lat' dir='ltr'>abstulerant.⁷</span> 
     </span>
    </p>
   </div>
   <div class='ocr_carea' id='block_1_3' title="bbox 1566 397 2546 644">
    <p class='ocr_par' dir='ltr' id='par_1_3' title="bbox 1566 397 2546 644">
     <span class='ocr_line' id='line_1_3' title="bbox 2446 397 2546 463; baseline 0.01 -1"><span class='ocrx_word' id='word_1_8' title='bbox 2446 397 2546 463; x_wconf 33' lang='lat'>67*</span> 
     </span>
     <span class='ocr_line' id='line_1_4' title="bbox 1566 554 2531 644; baseline 0.003 -25"><span class='ocrx_word' id='word_1_9' title='bbox 1566 554 1657 620; x_wconf 83' lang='lat' dir='ltr'>Et</span> <span class='ocrx_word' id='word_1_10' title='bbox 1712 555 1993 622; x_wconf 83' lang='lat' dir='ltr'>dextera</span> <span class='ocrx_word' id='word_1_11' title='bbox 2046 558 2320 641; x_wconf 83' lang='lat' dir='ltr'>quidem</span> <span class='ocrx_word' id='word_1_12' title='bbox 2379 560 2531 644; x_wconf 88' lang='lat' dir='ltr'>ejus</span> 
     </span>
    </p>
   </div>
   <div class='ocr_carea' id='block_1_4' title="bbox 252 655 2543 746">
    <p class='ocr_par' dir='ltr' id='par_1_4' title="bbox 252 655 2543 746">
     <span class='ocr_line' id='line_1_5' title="bbox 252 655 2543 746; baseline 0.003 -27"><span class='ocrx_word' id='word_1_13' title='bbox 252 716 255 719; x_wconf 78' lang='grc'>,</span> <span class='ocrx_word' id='word_1_14' title='bbox 323 655 631 736; x_wconf 85' lang='lat' dir='ltr'>libellos,</span> <span class='ocrx_word' id='word_1_15' title='bbox 683 665 1027 742; x_wconf 85' lang='lat' dir='ltr'><strong>sceptrum</strong></span> <span class='ocrx_word' id='word_1_16' title='bbox 1057 678 1212 724; x_wconf 88' lang='lat' dir='ltr'>vero</span> <span class='ocrx_word' id='word_1_17' title='bbox 1261 660 1536 723; x_wconf 85' lang='lat' dir='ltr'>sinistra</span> <span class='ocrx_word' id='word_1_18' title='bbox 1576 662 1937 742; x_wconf 75' lang='lat' dir='ltr'>gestabat.g</span> <span class='ocrx_word' id='word_1_19' title='bbox 2023 661 2201 741; x_wconf 76' lang='lat' dir='ltr'>Quae</span> <span class='ocrx_word' id='word_1_20' title='bbox 2231 662 2349 725; x_wconf 90' lang='lat' dir='ltr'>ubi</span> <span class='ocrx_word' id='word_1_21' title='bbox 2379 662 2543 746; x_wconf 70' lang='lat' dir='ltr'>poe-</span> 
     </span>
    </p>
   </div>
   <div class='ocr_carea' id='block_1_5' title="bbox 1264 826 1623 848">
    <p class='ocr_par' dir='ltr' id='par_1_5' title="bbox 1264 826 1623 848">
     <span class='ocr_line' id='line_1_6' title="bbox 1264 826 1623 848; baseline -0.008 -1"><span class='ocrx_word' id='word_1_22' title='bbox 1264 826 1623 848; x_wconf 53' lang='lat' dir='ltr'>“moe“</span> 
     </span>
    </p>
   </div>
   <div class='ocr_carea' id='block_1_6' title="bbox 327 907 2546 976">
    <p class='ocr_par' dir='ltr' id='par_1_6' title="bbox 327 907 2546 976">
     <span class='ocr_line' id='line_1_7' title="bbox 327 907 2546 976; baseline 0.003 -20"><span class='ocrx_word' id='word_1_23' title='bbox 327 911 422 956; x_wconf 85' lang='grc'>-7</span> <span class='ocrx_word' id='word_1_24' title='bbox 455 907 744 958; x_wconf 75' lang='lat' dir='ltr'><strong><em>Abstulerat</em></strong></span> <span class='ocrx_word' id='word_1_25' title='bbox 767 908 933 958; x_wconf 85' lang='lat' dir='ltr'>codex</span> <span class='ocrx_word' id='word_1_26' title='bbox 952 908 1252 959; x_wconf 80' lang='lat' dir='ltr'><strong>Victorinus</strong></span> <span class='ocrx_word' id='word_1_27' title='bbox 1270 907 1649 975; x_wconf 80' lang='lat' dir='ltr'>secundus.--8</span> <span class='ocrx_word' id='word_1_28' title='bbox 1685 909 1849 958; x_wconf 76' lang='lat' dir='ltr'>Nullis</span> <span class='ocrx_word' id='word_1_29' title='bbox 1873 909 2319 969; x_wconf 79' lang='lat' dir='ltr'>remediissoverent</span> <span class='ocrx_word' id='word_1_30' title='bbox 2349 912 2546 976; x_wconf 86' lang='lat' dir='ltr'>Delph.</span> 
     </span>
    </p>
   </div>
   <div class='ocr_carea' id='block_1_7' title="bbox 1330 1030 1551 1084">
    <p class='ocr_par' dir='ltr' id='par_1_7' title="bbox 1330 1030 1551 1084">
     <span class='ocr_line' id='line_1_8' title="bbox 1330 1030 1551 1084; baseline 0.014 -3"><span class='ocrx_word' id='word_1_31' title='bbox 1330 1030 1551 1084; x_wconf 82' lang='lat' dir='ltr'><strong>NOTAE</strong></span> 
     </span>
    </p>
   </div>
   <div class='ocr_carea' id='block_1_8' title="bbox 319 1140 1410 2513">
    <p class='ocr_par' dir='ltr' id='par_1_8' title="bbox 319 1140 1410 2513">
     <span class='ocr_line' id='line_1_9' title="bbox 322 1140 1404 1209; baseline 0.005 -17"><span class='ocrx_word' id='word_1_32' title='bbox 322 1143 339 1170; x_wconf 79' lang='lat'><strong><em>⁴</em></strong></span> <span class='ocrx_word' id='word_1_33' title='bbox 362 1140 461 1198; x_wconf 83' lang='lat' dir='ltr'>Est</span> <span class='ocrx_word' id='word_1_34' title='bbox 498 1143 684 1207; x_wconf 89' lang='lat' dir='ltr'>enim,’</span> <span class='ocrx_word' id='word_1_35' title='bbox 721 1145 891 1209; x_wconf 85' lang='lat' dir='ltr'>inquit</span> <span class='ocrx_word' id='word_1_36' title='bbox 931 1153 1107 1196; x_wconf 92' lang='lat' dir='ltr'>noster</span> <span class='ocrx_word' id='word_1_37' title='bbox 1151 1144 1404 1197; x_wconf 66' lang='lat' dir='ltr'>Boethius</span> 
     </span>
     <span class='ocr_line' id='line_1_10' title="bbox 327 1219 1407 1288; baseline 0.003 -19"><span class='ocrx_word' id='word_1_38' title='bbox 327 1219 551 1271; x_wconf 85' lang='lat' dir='ltr'>Praefat.</span> <span class='ocrx_word' id='word_1_39' title='bbox 572 1221 629 1269; x_wconf 88' lang='lat' dir='ltr'>in</span> <span class='ocrx_word' id='word_1_40' title='bbox 656 1222 911 1286; x_wconf 81' lang='lat' dir='ltr'>Porpyhr.</span> <span class='ocrx_word' id='word_1_41' title='bbox 936 1223 952 1251; x_wconf 89' lang='lat'>‘</span> <span class='ocrx_word' id='word_1_42' title='bbox 976 1223 1304 1287; x_wconf 78' lang='lat' dir='ltr'><strong>Philosophia</strong></span> <span class='ocrx_word' id='word_1_43' title='bbox 1321 1238 1407 1288; x_wconf 88' lang='lat' dir='ltr'>ge·</span> 
     </span>
     <span class='ocr_line' id='line_1_11' title="bbox 329 1297 1406 1371; baseline 0.006 -27"><span class='ocrx_word' id='word_1_44' title='bbox 329 1311 461 1347; x_wconf 84' lang='lat' dir='ltr'>nus:</span> <span class='ocrx_word' id='word_1_45' title='bbox 518 1297 736 1360; x_wconf 86' lang='lat' dir='ltr'>species</span> <span class='ocrx_word' id='word_1_46' title='bbox 779 1313 900 1349; x_wconf 89' lang='lat' dir='ltr'>vero</span> <span class='ocrx_word' id='word_1_47' title='bbox 941 1301 1049 1364; x_wconf 85' lang='lat' dir='ltr'>ejus</span> <span class='ocrx_word' id='word_1_48' title='bbox 1085 1298 1234 1371; x_wconf 58' lang='lat' dir='ltr'>duae:</span> <span class='ocrx_word' id='word_1_49' title='bbox 1284 1315 1406 1361; x_wconf 91' lang='lat' dir='ltr'>una,</span> 
     </span>
     <span class='ocr_line' id='line_1_12' title="bbox 325 1374 1404 1441; baseline 0.004 -20"><span class='ocrx_word' id='word_1_50' title='bbox 325 1387 441 1438; x_wconf 84' lang='lat' dir='ltr'>qnae</span> <span class='ocrx_word' id='word_1_51' title='bbox 479 1374 744 1436; x_wconf 76' lang='grc' dir='ltr'><strong><em>θεωρητυεὴ</em></strong></span> <span class='ocrx_word' id='word_1_52' title='bbox 782 1374 1009 1437; x_wconf 83' lang='lat' dir='ltr'>dicitur;</span> <span class='ocrx_word' id='word_1_53' title='bbox 1060 1377 1243 1439; x_wconf 84' lang='lat' dir='ltr'>altera,</span> <span class='ocrx_word' id='word_1_54' title='bbox 1287 1391 1404 1441; x_wconf 81' lang='lat' dir='ltr'>quae</span> 
     </span>
     <span class='ocr_line' id='line_1_13' title="bbox 325 1449 1405 1516; baseline 0.007 -20"><span class='ocrx_word' id='word_1_55' title='bbox 325 1449 590 1512; x_wconf 67' lang='grc' dir='ltr'><strong><em>πρακτικῆς</em></strong></span> <span class='ocrx_word' id='word_1_56' title='bbox 615 1449 668 1499; x_wconf 88' lang='lat' dir='ltr'>id</span> <span class='ocrx_word' id='word_1_57' title='bbox 684 1457 783 1513; x_wconf 86' lang='lat' dir='ltr'>est,</span> <span class='ocrx_word' id='word_1_58' title='bbox 797 1452 1116 1516; x_wconf 83' lang='lat' dir='ltr'>speculativa</span> <span class='ocrx_word' id='word_1_59' title='bbox 1133 1458 1185 1502; x_wconf 86' lang='lat' dir='ltr'>et</span> <span class='ocrx_word' id='word_1_60' title='bbox 1196 1452 1405 1505; x_wconf 84' lang='lat' dir='ltr'>activa.&#39;</span> 
     </span>
     <span class='ocr_line' id='line_1_14' title="bbox 326 1525 1406 1593; baseline 0.004 -19"><span class='ocrx_word' id='word_1_61' title='bbox 326 1525 481 1575; x_wconf 80' lang='lat' dir='ltr'>Prior</span> <span class='ocrx_word' id='word_1_62' title='bbox 509 1527 604 1575; x_wconf 90' lang='lat' dir='ltr'>illa</span> <span class='ocrx_word' id='word_1_63' title='bbox 624 1527 842 1591; x_wconf 88' lang='lat' dir='ltr'>species,</span> <span class='ocrx_word' id='word_1_64' title='bbox 864 1544 975 1593; x_wconf 83' lang='lat' dir='ltr'>quae</span> <span class='ocrx_word' id='word_1_65' title='bbox 999 1529 1156 1579; x_wconf 88' lang='lat' dir='ltr'>litera</span> <span class='ocrx_word' id='word_1_66' title='bbox 1188 1535 1229 1577; x_wconf 84' lang='grc' dir='ltr'>Θ</span> <span class='ocrx_word' id='word_1_67' title='bbox 1251 1529 1406 1592; x_wconf 88' lang='lat' dir='ltr'>signi-</span> 
     </span>
     <span class='ocr_line' id='line_1_15' title="bbox 319 1599 1405 1669; baseline 0.004 -20"><span class='ocrx_word' id='word_1_68' title='bbox 319 1599 541 1659; x_wconf 77' lang='lat' dir='ltr'>ficatur,</span> <span class='ocrx_word' id='word_1_69' title='bbox 566 1602 619 1651; x_wconf 90' lang='lat' dir='ltr'>in</span> <span class='ocrx_word' id='word_1_70' title='bbox 652 1617 796 1652; x_wconf 83' lang='lat' dir='ltr'>mera</span> <span class='ocrx_word' id='word_1_71' title='bbox 828 1604 1062 1654; x_wconf 84' lang='lat' dir='ltr'>veritatis</span> <span class='ocrx_word' id='word_1_72' title='bbox 1087 1605 1405 1669; x_wconf 88' lang='lat' dir='ltr'>contempla-</span> 
     </span>
     <span class='ocr_line' id='line_1_16' title="bbox 327 1676 1409 1745; baseline 0.002 -19"><span class='ocrx_word' id='word_1_73' title='bbox 327 1676 466 1728; x_wconf 88' lang='lat' dir='ltr'>tione</span> <span class='ocrx_word' id='word_1_74' title='bbox 506 1696 521 1726; x_wconf 67' lang='grc' dir='ltr'>ι</span> <span class='ocrx_word' id='word_1_75' title='bbox 577 1680 831 1742; x_wconf 77' lang='lat' dir='ltr'>posterior</span> <span class='ocrx_word' id='word_1_76' title='bbox 867 1686 1061 1743; x_wconf 87' lang='lat' dir='ltr'>autem,</span> <span class='ocrx_word' id='word_1_77' title='bbox 1098 1696 1216 1745; x_wconf 81' lang='lat' dir='ltr'>quae</span> <span class='ocrx_word' id='word_1_78' title='bbox 1258 1680 1409 1729; x_wconf 87' lang='lat' dir='ltr'>litera</span> 
     </span>
     <span class='ocr_line' id='line_1_17' title="bbox 324 1754 1407 1816; baseline 0 -12"><span class='ocrx_word' id='word_1_79' title='bbox 324 1756 387 1816; x_wconf 83' lang='lat' dir='ltr'>n,</span> <span class='ocrx_word' id='word_1_80' title='bbox 419 1755 483 1806; x_wconf 77' lang='lat' dir='ltr'>in</span> <span class='ocrx_word' id='word_1_81' title='bbox 511 1754 891 1806; x_wconf 75' lang='lat' dir='ltr'>exercitatione</span> <span class='ocrx_word' id='word_1_82' title='bbox 931 1756 1136 1806; x_wconf 87' lang='lat' dir='ltr'>virtutis</span> <span class='ocrx_word' id='word_1_83' title='bbox 1156 1763 1407 1815; x_wconf 85' lang='lat' dir='ltr'>versatur,</span> 
     </span>
     <span class='ocr_line' id='line_1_18' title="bbox 327 1827 1409 1894; baseline 0.001 -13"><span class='ocrx_word' id='word_1_84' title='bbox 327 1837 384 1881; x_wconf 86' lang='lat' dir='ltr'>ut</span> <span class='ocrx_word' id='word_1_85' title='bbox 406 1830 578 1881; x_wconf 81' lang='lat' dir='ltr'>docet</span> <span class='ocrx_word' id='word_1_86' title='bbox 600 1829 654 1878; x_wconf 88' lang='lat' dir='ltr'>S.</span> <span class='ocrx_word' id='word_1_87' title='bbox 678 1828 815 1894; x_wconf 87' lang='lat' dir='ltr'>Aug.</span> <span class='ocrx_word' id='word_1_88' title='bbox 840 1831 874 1881; x_wconf 90' lang='lat'>1.</span> <span class='ocrx_word' id='word_1_89' title='bbox 898 1846 1024 1881; x_wconf 82' lang='lat' dir='ltr'>vm.</span> <span class='ocrx_word' id='word_1_90' title='bbox 1046 1831 1112 1882; x_wconf 89' lang='lat' dir='ltr'>de</span> <span class='ocrx_word' id='word_1_91' title='bbox 1144 1832 1254 1882; x_wconf 85' lang='lat' dir='ltr'>Civ.</span> <span class='ocrx_word' id='word_1_92' title='bbox 1273 1827 1343 1882; x_wconf 62' lang='lat' dir='ltr'>DJ</span> <span class='ocrx_word' id='word_1_93' title='bbox 1363 1846 1409 1882; x_wconf 87' lang='lat' dir='ltr'>c.</span> 
     </span>
     <span class='ocr_line' id='line_1_19' title="bbox 327 1905 1410 1973; baseline 0 -18"><span class='ocrx_word' id='word_1_94' title='bbox 327 1911 373 1959; x_wconf 75' lang='lat'>40.</span> <span class='ocrx_word' id='word_1_95' title='bbox 403 1906 504 1955; x_wconf 88' lang='lat' dir='ltr'>ubi</span> <span class='ocrx_word' id='word_1_96' title='bbox 540 1907 556 1937; x_wconf 79' lang='lat'><em>⁶</em></span> <span class='ocrx_word' id='word_1_97' title='bbox 580 1905 858 1966; x_wconf 88' lang='lat' dir='ltr'>Socrates,’</span> <span class='ocrx_word' id='word_1_98' title='bbox 895 1907 1086 1973; x_wconf 87' lang='lat' dir='ltr'>inquit,</span> <span class='ocrx_word' id='word_1_99' title='bbox 1119 1906 1210 1955; x_wconf 89' lang='lat' dir='ltr'>‘in</span> <span class='ocrx_word' id='word_1_100' title='bbox 1237 1908 1410 1956; x_wconf 86' lang='lat' dir='ltr'>activa</span> 
     </span>
     <span class='ocr_line' id='line_1_20' title="bbox 331 1983 1407 2047; baseline 0.002 -16"><span class='ocrx_word' id='word_1_101' title='bbox 331 1983 645 2032; x_wconf 80' lang='lat' dir='ltr'>excelluisse</span> <span class='ocrx_word' id='word_1_102' title='bbox 681 1991 1013 2033; x_wconf 86' lang='lat' dir='ltr'>memoratur.</span> <span class='ocrx_word' id='word_1_103' title='bbox 1083 1984 1407 2047; x_wconf 83' lang='lat' dir='ltr'>Pythagoras</span> 
     </span>
     <span class='ocr_line' id='line_1_21' title="bbox 331 2059 1407 2125; baseline 0.001 -19"><span class='ocrx_word' id='word_1_104' title='bbox 331 2073 456 2108; x_wconf 80' lang='lat' dir='ltr'>vero</span> <span class='ocrx_word' id='word_1_105' title='bbox 483 2059 650 2120; x_wconf 84' lang='lat' dir='ltr'>magis</span> <span class='ocrx_word' id='word_1_106' title='bbox 674 2060 1088 2122; x_wconf 83' lang='lat' dir='ltr'>contemplativae</span> <span class='ocrx_word' id='word_1_107' title='bbox 1106 2060 1293 2124; x_wconf 85' lang='lat' dir='ltr'>quibus</span> <span class='ocrx_word' id='word_1_108' title='bbox 1318 2075 1407 2125; x_wconf 70' lang='lat' dir='ltr'>po·</span> 
     </span>
     <span class='ocr_line' id='line_1_22' title="bbox 333 2133 1406 2196; baseline 0.004 -13"><span class='ocrx_word' id='word_1_109' title='bbox 333 2134 438 2183; x_wconf 88' lang='lat' dir='ltr'>tuit</span> <span class='ocrx_word' id='word_1_110' title='bbox 485 2133 850 2196; x_wconf 84' lang='lat' dir='ltr'>intelligentiae</span> <span class='ocrx_word' id='word_1_111' title='bbox 907 2135 1097 2184; x_wconf 84' lang='lat' dir='ltr'>viribus</span> <span class='ocrx_word' id='word_1_112' title='bbox 1138 2135 1406 2187; x_wconf 83' lang='lat' dir='ltr'>institisse.</span> 
     </span>
     <span class='ocr_line' id='line_1_23' title="bbox 333 2210 1404 2277; baseline 0.003 -18"><span class='ocrx_word' id='word_1_113' title='bbox 333 2210 571 2260; x_wconf 85' lang='lat' dir='ltr'>Proinde</span> <span class='ocrx_word' id='word_1_114' title='bbox 618 2211 775 2260; x_wconf 87' lang='lat' dir='ltr'>Plato</span> <span class='ocrx_word' id='word_1_115' title='bbox 820 2218 1094 2277; x_wconf 88' lang='lat' dir='ltr'>utrumque</span> <span class='ocrx_word' id='word_1_116' title='bbox 1135 2212 1404 2275; x_wconf 84' lang='lat' dir='ltr'>jungendo</span> 
     </span>
     <span class='ocr_line' id='line_1_24' title="bbox 333 2286 1407 2350; baseline 0.001 -13"><span class='ocrx_word' id='word_1_117' title='bbox 333 2286 722 2349; x_wconf 75' lang='lat' dir='ltr'>Philosophiam</span> <span class='ocrx_word' id='word_1_118' title='bbox 784 2286 1067 2350; x_wconf 81' lang='lat' dir='ltr'>perfecisse</span> <span class='ocrx_word' id='word_1_119' title='bbox 1124 2288 1407 2339; x_wconf 63' lang='lat' dir='ltr'>laudatur!</span> 
     </span>
     <span class='ocr_line' id='line_1_25' title="bbox 330 2362 1405 2427; baseline 0.004 -15"><span class='ocrx_word' id='word_1_120' title='bbox 330 2362 567 2412; x_wconf 84' lang='lat' dir='ltr'>Theoria</span> <span class='ocrx_word' id='word_1_121' title='bbox 587 2362 795 2426; x_wconf 88' lang='lat' dir='ltr'>quidem</span> <span class='ocrx_word' id='word_1_122' title='bbox 830 2363 915 2412; x_wconf 91' lang='lat' dir='ltr'>‘in</span> <span class='ocrx_word' id='word_1_123' title='bbox 936 2379 1194 2427; x_wconf 87' lang='lat' dir='ltr'>supremo,</span> <span class='ocrx_word' id='word_1_124' title='bbox 1219 2367 1405 2417; x_wconf 83' lang='lat' dir='ltr'>Praxis</span> 
     </span>
     <span class='ocr_line' id='line_1_26' title="bbox 330 2439 1406 2513; baseline 0.003 -25"><span class='ocrx_word' id='word_1_125' title='bbox 330 2439 382 2488; x_wconf 90' lang='lat' dir='ltr'>iu</span> <span class='ocrx_word' id='word_1_126' title='bbox 399 2445 652 2513; x_wconf 40' lang='lat' dir='ltr'>&#39;extremo</span> <span class='ocrx_word' id='word_1_127' title='bbox 674 2440 904 2504; x_wconf 81' lang='lat' dir='ltr'>margine</span> <span class='ocrx_word' id='word_1_128' title='bbox 926 2441 1233 2506; x_wconf 85' lang='lat' dir='ltr'>legebatur,&#39;</span> <span class='ocrx_word' id='word_1_129' title='bbox 1254 2442 1406 2508; x_wconf 88' lang='lat' dir='ltr'>qnod,</span> 
     </span>
    </p>
   </div>
   <div class='ocr_carea' id='block_1_9' title="bbox 323 2514 1439 2584">
    <p class='ocr_par' dir='ltr' id='par_1_9' title="bbox 323 2514 1439 2584">
     <span class='ocr_line' id='line_1_27' title="bbox 323 2514 1439 2584; baseline 0.005 -20"><span class='ocrx_word' id='word_1_130' title='bbox 323 2514 512 2578; x_wconf 87' lang='lat' dir='ltr'>judice</span> <span class='ocrx_word' id='word_1_131' title='bbox 535 2515 652 2579; x_wconf 88' lang='lat' dir='ltr'>ipso</span> <span class='ocrx_word' id='word_1_132' title='bbox 675 2515 979 2582; x_wconf 85' lang='lat' dir='ltr'>Aristotele,</span> <span class='ocrx_word' id='word_1_133' title='bbox 1003 2522 1408 2584; x_wconf 87' lang='lat' dir='ltr'>contemplativa</span> <span class='ocrx_word' id='word_1_134' title='bbox 1430 2533 1439 2536; x_wconf 62' lang='grc'><em>’</em></span> 
     </span>
    </p>
   </div>
   <div class='ocr_carea' id='block_1_10' title="bbox 333 2595 1412 4338">
    <p class='ocr_par' dir='ltr' id='par_1_10' title="bbox 333 2595 1411 4094">
     <span class='ocr_line' id='line_1_28' title="bbox 335 2595 1408 2659; baseline 0.007 -20"><span class='ocrx_word' id='word_1_135' title='bbox 335 2597 560 2655; x_wconf 65' lang='lat' dir='ltr'>praestet</span> <span class='ocrx_word' id='word_1_136' title='bbox 577 2599 804 2641; x_wconf 81' lang='lat' dir='ltr'>actuosae</span> <span class='ocrx_word' id='word_1_137' title='bbox 823 2610 837 2643; x_wconf 73' lang='lat' dir='ltr'><strong><em>z</em></strong></span> <span class='ocrx_word' id='word_1_138' title='bbox 874 2595 1064 2657; x_wconf 89' lang='lat' dir='ltr'>gradus</span> <span class='ocrx_word' id='word_1_139' title='bbox 1082 2601 1254 2646; x_wconf 87' lang='lat' dir='ltr'>tamen</span> <span class='ocrx_word' id='word_1_140' title='bbox 1271 2604 1408 2659; x_wconf 87' lang='lat' dir='ltr'>sunt,</span> 
     </span>
     <span class='ocr_line' id='line_1_29' title="bbox 333 2668 1408 2731; baseline 0.003 -14"><span class='ocrx_word' id='word_1_141' title='bbox 333 2668 525 2731; x_wconf 86' lang='lat' dir='ltr'>quibus</span> <span class='ocrx_word' id='word_1_142' title='bbox 561 2668 627 2717; x_wconf 86' lang='lat' dir='ltr'>ab</span> <span class='ocrx_word' id='word_1_143' title='bbox 662 2684 765 2718; x_wconf 89' lang='lat' dir='ltr'>una</span> <span class='ocrx_word' id='word_1_144' title='bbox 807 2670 874 2718; x_wconf 88' lang='lat' dir='ltr'>ad</span> <span class='ocrx_word' id='word_1_145' title='bbox 909 2671 1125 2720; x_wconf 88' lang='lat' dir='ltr'>alteram</span> <span class='ocrx_word' id='word_1_146' title='bbox 1169 2686 1408 2721; x_wconf 87' lang='lat' dir='ltr'>ascensus</span> 
     </span>
     <span class='ocr_line' id='line_1_30' title="bbox 335 2742 1408 2810; baseline 0.005 -18"><span class='ocrx_word' id='word_1_147' title='bbox 335 2742 429 2794; x_wconf 85' lang='lat' dir='ltr'>fiat</span> <span class='ocrx_word' id='word_1_148' title='bbox 453 2752 511 2794; x_wconf 84' lang='lat' dir='ltr'>et</span> <span class='ocrx_word' id='word_1_149' title='bbox 533 2743 841 2794; x_wconf 86' lang='lat' dir='ltr'>descensus:</span> <span class='ocrx_word' id='word_1_150' title='bbox 888 2746 1009 2810; x_wconf 89' lang='lat' dir='ltr'>quia</span> <span class='ocrx_word' id='word_1_151' title='bbox 1029 2762 1126 2797; x_wconf 93' lang='lat' dir='ltr'>nec</span> <span class='ocrx_word' id='word_1_152' title='bbox 1150 2750 1408 2797; x_wconf 83' lang='lat' dir='ltr'>exercita-</span> 
     </span>
     <span class='ocr_line' id='line_1_31' title="bbox 335 2820 1408 2887; baseline 0.004 -18"><span class='ocrx_word' id='word_1_153' title='bbox 335 2821 410 2870; x_wconf 88' lang='lat' dir='ltr'>tio</span> <span class='ocrx_word' id='word_1_154' title='bbox 442 2820 654 2870; x_wconf 85' lang='lat' dir='ltr'>virtutis</span> <span class='ocrx_word' id='word_1_155' title='bbox 687 2820 800 2871; x_wconf 89' lang='lat' dir='ltr'>sine</span> <span class='ocrx_word' id='word_1_156' title='bbox 833 2822 1067 2872; x_wconf 86' lang='lat' dir='ltr'>veritatis</span> <span class='ocrx_word' id='word_1_157' title='bbox 1089 2825 1408 2887; x_wconf 87' lang='lat' dir='ltr'>contempla·</span> 
     </span>
     <span class='ocr_line' id='line_1_32' title="bbox 336 2896 1407 2962; baseline 0.003 -18"><span class='ocrx_word' id='word_1_158' title='bbox 336 2896 479 2948; x_wconf 86' lang='lat' dir='ltr'>tione</span> <span class='ocrx_word' id='word_1_159' title='bbox 502 2901 710 2960; x_wconf 82' lang='lat' dir='ltr'>potest3</span> <span class='ocrx_word' id='word_1_160' title='bbox 754 2911 852 2946; x_wconf 90' lang='lat' dir='ltr'>nec</span> <span class='ocrx_word' id='word_1_161' title='bbox 883 2900 1252 2962; x_wconf 88' lang='lat' dir='ltr'>contemplatio</span> <span class='ocrx_word' id='word_1_162' title='bbox 1276 2899 1407 2949; x_wconf 87' lang='lat' dir='ltr'>veri-</span> 
     </span>
     <span class='ocr_line' id='line_1_33' title="bbox 335 2971 1408 3024; baseline 0.002 -3"><span class='ocrx_word' id='word_1_163' title='bbox 335 2971 456 3021; x_wconf 83' lang='lat' dir='ltr'>tatis</span> <span class='ocrx_word' id='word_1_164' title='bbox 480 2971 594 3019; x_wconf 90' lang='lat' dir='ltr'>sine</span> <span class='ocrx_word' id='word_1_165' title='bbox 616 2971 990 3021; x_wconf 85' lang='lat' dir='ltr'>exercitatione</span> <span class='ocrx_word' id='word_1_166' title='bbox 1023 2974 1224 3023; x_wconf 84' lang='lat' dir='ltr'>virtutis</span> <span class='ocrx_word' id='word_1_167' title='bbox 1250 2974 1408 3024; x_wconf 87' lang='lat' dir='ltr'>debet</span> 
     </span>
     <span class='ocr_line' id='line_1_34' title="bbox 339 3046 1404 3100; baseline 0 0"><span class='ocrx_word' id='word_1_168' title='bbox 339 3062 472 3100; x_wconf 72' lang='lat' dir='ltr'>esse.</span> <span class='ocrx_word' id='word_1_169' title='bbox 555 3046 793 3097; x_wconf 86' lang='lat' dir='ltr'>Tandem</span> <span class='ocrx_word' id='word_1_170' title='bbox 857 3048 1100 3098; x_wconf 88' lang='lat' dir='ltr'>‘manus&#39;</span> <span class='ocrx_word' id='word_1_171' title='bbox 1145 3051 1404 3100; x_wconf 89' lang='lat' dir='ltr'>hominum</span> 
     </span>
     <span class='ocr_line' id='line_1_35' title="bbox 338 3125 1408 3192; baseline 0 -15"><span class='ocrx_word' id='word_1_172' title='bbox 338 3125 761 3188; x_wconf 77' lang='lat' dir='ltr'>‘violentorum,’</span> <span class='ocrx_word' id='word_1_173' title='bbox 805 3127 893 3191; x_wconf 89' lang='lat' dir='ltr'>qui</span> <span class='ocrx_word' id='word_1_174' title='bbox 937 3128 1138 3177; x_wconf 87' lang='lat' dir='ltr'>scilicet</span> <span class='ocrx_word' id='word_1_175' title='bbox 1170 3129 1408 3192; x_wconf 83' lang='lat' dir='ltr'>praecipi-</span> 
     </span>
     <span class='ocr_line' id='line_1_36' title="bbox 343 3203 1411 3268; baseline 0.004 -17"><span class='ocrx_word' id='word_1_176' title='bbox 343 3203 540 3254; x_wconf 84' lang='lat' dir='ltr'>tatione</span> <span class='ocrx_word' id='word_1_177' title='bbox 576 3210 669 3252; x_wconf 90' lang='lat' dir='ltr'>aut</span> <span class='ocrx_word' id='word_1_178' title='bbox 702 3203 1011 3267; x_wconf 76' lang='lat' dir='ltr'>praejudicio</span> <span class='ocrx_word' id='word_1_179' title='bbox 1045 3205 1411 3268; x_wconf 86' lang='lat' dir='ltr'>philosophati,</span> 
     </span>
     <span class='ocr_line' id='line_1_37' title="bbox 342 3278 1407 3347; baseline 0.002 -20"><span class='ocrx_word' id='word_1_180' title='bbox 342 3294 508 3347; x_wconf 88' lang='lat' dir='ltr'>neque</span> <span class='ocrx_word' id='word_1_181' title='bbox 548 3279 754 3328; x_wconf 87' lang='lat' dir='ltr'>veritati</span> <span class='ocrx_word' id='word_1_182' title='bbox 791 3278 1202 3339; x_wconf 64' lang='lat' dir='ltr'>considerandae,</span> <span class='ocrx_word' id='word_1_183' title='bbox 1239 3294 1407 3344; x_wconf 84' lang='lat' dir='ltr'>neque</span> 
     </span>
     <span class='ocr_line' id='line_1_38' title="bbox 339 3354 1408 3418; baseline 0.002 -15"><span class='ocrx_word' id='word_1_184' title='bbox 339 3354 521 3404; x_wconf 81' lang='lat' dir='ltr'>virtuti</span> <span class='ocrx_word' id='word_1_185' title='bbox 554 3354 863 3404; x_wconf 83' lang='lat' dir='ltr'>exercendae</span> <span class='ocrx_word' id='word_1_186' title='bbox 896 3355 1222 3418; x_wconf 86' lang='lat' dir='ltr'>studuerunt,</span> <span class='ocrx_word' id='word_1_187' title='bbox 1256 3371 1408 3406; x_wconf 85' lang='lat' dir='ltr'>voces</span> 
     </span>
     <span class='ocr_line' id='line_1_39' title="bbox 340 3430 1408 3495; baseline 0.003 -17"><span class='ocrx_word' id='word_1_188' title='bbox 340 3430 717 3495; x_wconf 85' lang='lat' dir='ltr'>philosophicas</span> <span class='ocrx_word' id='word_1_189' title='bbox 736 3430 944 3493; x_wconf 80' lang='lat' dir='ltr'>partitae</span> <span class='ocrx_word' id='word_1_190' title='bbox 961 3437 1100 3495; x_wconf 79' lang='lat' dir='ltr'>sunt,</span> <span class='ocrx_word' id='word_1_191' title='bbox 1117 3437 1173 3480; x_wconf 89' lang='lat' dir='ltr'>et</span> <span class='ocrx_word' id='word_1_192' title='bbox 1209 3432 1225 3458; x_wconf 88' lang='lat'>‘</span> <span class='ocrx_word' id='word_1_193' title='bbox 1248 3433 1408 3494; x_wconf 85' lang='lat' dir='ltr'>parti·</span> 
     </span>
     <span class='ocr_line' id='line_1_40' title="bbox 341 3508 1406 3573; baseline 0.003 -18"><span class='ocrx_word' id='word_1_194' title='bbox 341 3508 502 3567; x_wconf 86' lang='lat' dir='ltr'>cnlas,</span> <span class='ocrx_word' id='word_1_195' title='bbox 537 3523 666 3571; x_wconf 90' lang='lat' dir='ltr'>quas</span> <span class='ocrx_word' id='word_1_196' title='bbox 704 3508 921 3573; x_wconf 89' lang='lat' dir='ltr'>quisque</span> <span class='ocrx_word' id='word_1_197' title='bbox 959 3509 1148 3572; x_wconf 91' lang='lat' dir='ltr'>potuit,</span> <span class='ocrx_word' id='word_1_198' title='bbox 1184 3508 1406 3559; x_wconf 87' lang='lat' dir='ltr'>abstule-</span> 
     </span>
     <span class='ocr_line' id='line_1_41' title="bbox 340 3582 1406 3648; baseline 0.003 -16"><span class='ocrx_word' id='word_1_199' title='bbox 340 3582 470 3634; x_wconf 83' lang='lat' dir='ltr'>unt.’</span> <span class='ocrx_word' id='word_1_200' title='bbox 487 3584 638 3634; x_wconf 86' lang='lat' dir='ltr'>Rom.</span> <span class='ocrx_word' id='word_1_201' title='bbox 662 3598 704 3634; x_wconf 88' lang='lat'>1.</span> <span class='ocrx_word' id='word_1_202' title='bbox 729 3588 744 3615; x_wconf 79' lang='lat'><em>⁶</em></span> <span class='ocrx_word' id='word_1_203' title='bbox 767 3585 872 3636; x_wconf 82' lang='lat' dir='ltr'>Qui</span> <span class='ocrx_word' id='word_1_204' title='bbox 895 3599 1010 3633; x_wconf 90' lang='lat' dir='ltr'>cum</span> <span class='ocrx_word' id='word_1_205' title='bbox 1036 3585 1406 3648; x_wconf 81' lang='lat' dir='ltr'>cognovissent</span> 
     </span>
     <span class='ocr_line' id='line_1_42' title="bbox 343 3659 1408 3724; baseline 0.003 -16"><span class='ocrx_word' id='word_1_206' title='bbox 343 3660 536 3722; x_wconf 84' lang='lat' dir='ltr'>Deum,</span> <span class='ocrx_word' id='word_1_207' title='bbox 569 3675 672 3709; x_wconf 90' lang='lat' dir='ltr'>non</span> <span class='ocrx_word' id='word_1_208' title='bbox 709 3662 849 3710; x_wconf 88' lang='lat' dir='ltr'>sicut</span> <span class='ocrx_word' id='word_1_209' title='bbox 883 3661 1056 3710; x_wconf 89' lang='lat' dir='ltr'>Deum</span> <span class='ocrx_word' id='word_1_210' title='bbox 1090 3659 1408 3724; x_wconf 85' lang='lat' dir='ltr'>glorificave-</span> 
     </span>
     <span class='ocr_line' id='line_1_43' title="bbox 342 3736 1406 3800; baseline 0.001 -15"><span class='ocrx_word' id='word_1_211' title='bbox 342 3742 478 3800; x_wconf 86' lang='lat' dir='ltr'>runt,</span> <span class='ocrx_word' id='word_1_212' title='bbox 501 3744 596 3786; x_wconf 83' lang='lat' dir='ltr'>aut</span> <span class='ocrx_word' id='word_1_213' title='bbox 619 3736 812 3799; x_wconf 82' lang='lat' dir='ltr'>gratias</span> <span class='ocrx_word' id='word_1_214' title='bbox 834 3741 1069 3800; x_wconf 87' lang='lat' dir='ltr'>egerunt,</span> <span class='ocrx_word' id='word_1_215' title='bbox 1103 3737 1193 3786; x_wconf 89' lang='lat' dir='ltr'>sed</span> <span class='ocrx_word' id='word_1_216' title='bbox 1216 3751 1406 3786; x_wconf 81' lang='lat' dir='ltr'>evanu-</span> 
     </span>
     <span class='ocr_line' id='line_1_44' title="bbox 342 3813 1406 3877; baseline -0.001 -13"><span class='ocrx_word' id='word_1_217' title='bbox 342 3819 495 3864; x_wconf 82' lang='lat' dir='ltr'>erunt</span> <span class='ocrx_word' id='word_1_218' title='bbox 509 3814 562 3861; x_wconf 90' lang='lat' dir='ltr'>in</span> <span class='ocrx_word' id='word_1_219' title='bbox 584 3813 984 3877; x_wconf 81' lang='lat' dir='ltr'>cogitationibus</span> <span class='ocrx_word' id='word_1_220' title='bbox 1006 3815 1130 3875; x_wconf 90' lang='lat' dir='ltr'>suis,</span> <span class='ocrx_word' id='word_1_221' title='bbox 1151 3821 1206 3864; x_wconf 91' lang='lat' dir='ltr'>et</span> <span class='ocrx_word' id='word_1_222' title='bbox 1228 3814 1406 3864; x_wconf 87' lang='lat' dir='ltr'>obscu-</span> 
     </span>
     <span class='ocr_line' id='line_1_45' title="bbox 345 3892 1408 3955; baseline -0.001 -13"><span class='ocrx_word' id='word_1_223' title='bbox 345 3900 518 3942; x_wconf 82' lang='lat' dir='ltr'>ratum</span> <span class='ocrx_word' id='word_1_224' title='bbox 551 3897 636 3941; x_wconf 89' lang='lat' dir='ltr'>est</span> <span class='ocrx_word' id='word_1_225' title='bbox 673 3892 917 3955; x_wconf 86' lang='lat' dir='ltr'>insipiens</span> <span class='ocrx_word' id='word_1_226' title='bbox 957 3906 1050 3942; x_wconf 91' lang='lat' dir='ltr'>cor</span> <span class='ocrx_word' id='word_1_227' title='bbox 1081 3907 1288 3942; x_wconf 78' lang='lat' dir='ltr'>eorum:</span> <span class='ocrx_word' id='word_1_228' title='bbox 1329 3893 1408 3941; x_wconf 89' lang='lat' dir='ltr'>di·</span> 
     </span>
     <span class='ocr_line' id='line_1_46' title="bbox 342 3967 1411 4032; baseline 0.002 -15"><span class='ocrx_word' id='word_1_229' title='bbox 342 3973 520 4017; x_wconf 87' lang='lat' dir='ltr'>centes</span> <span class='ocrx_word' id='word_1_230' title='bbox 544 3967 683 4016; x_wconf 88' lang='lat' dir='ltr'>enim</span> <span class='ocrx_word' id='word_1_231' title='bbox 719 3982 775 4017; x_wconf 87' lang='lat' dir='ltr'>se</span> <span class='ocrx_word' id='word_1_232' title='bbox 812 3982 925 4017; x_wconf 87' lang='lat' dir='ltr'>esse</span> <span class='ocrx_word' id='word_1_233' title='bbox 963 3968 1242 4032; x_wconf 82' lang='lat' dir='ltr'>sapientes,</span> <span class='ocrx_word' id='word_1_234' title='bbox 1265 3969 1411 4019; x_wconf 85' lang='lat' dir='ltr'>stulti</span> 
     </span>
     <span class='ocr_line' id='line_1_47' title="bbox 344 4042 652 4094; baseline 0 -2"><span class='ocrx_word' id='word_1_235' title='bbox 344 4042 472 4094; x_wconf 80' lang='lat' dir='ltr'>facti</span> <span class='ocrx_word' id='word_1_236' title='bbox 493 4043 652 4093; x_wconf 67' lang='lat' dir='ltr'>sunt!</span> 
     </span>
    </p>

    <p class='ocr_par' dir='ltr' id='par_1_11' title="bbox 348 4120 1412 4338">
     <span class='ocr_line' id='line_1_48' title="bbox 408 4120 1411 4184; baseline 0.001 -15"><span class='ocrx_word' id='word_1_237' title='bbox 408 4127 435 4162; x_wconf 69' lang='grc' dir='ltr'>Ι</span> <span class='ocrx_word' id='word_1_238' title='bbox 477 4120 730 4184; x_wconf 77' lang='lat' dir='ltr'>Dextera.</span> <span class='ocrx_word' id='word_1_239' title='bbox 750 4120 1317 4183; x_wconf 73' lang='lat' dir='ltr'>..libellos...cceptrum</span> <span class='ocrx_word' id='word_1_240' title='bbox 1348 4120 1411 4170; x_wconf 79' lang='lat' dir='ltr'>si·</span> 
     </span>
     <span class='ocr_line' id='line_1_49' title="bbox 348 4195 1410 4262; baseline 0.001 -16"><span class='ocrx_word' id='word_1_241' title='bbox 348 4195 499 4246; x_wconf 71' lang='lat' dir='ltr'>nistra</span> <span class='ocrx_word' id='word_1_242' title='bbox 515 4196 759 4260; x_wconf 76' lang='lat' dir='ltr'>gestabat]</span> <span class='ocrx_word' id='word_1_243' title='bbox 815 4210 892 4246; x_wconf 78' lang='lat' dir='ltr'>vx.</span> <span class='ocrx_word' id='word_1_244' title='bbox 926 4197 1163 4262; x_wconf 88' lang='lat' dir='ltr'>Denique</span> <span class='ocrx_word' id='word_1_245' title='bbox 1182 4198 1410 4247; x_wconf 80' lang='lat' dir='ltr'>Philoso-</span> 
     </span>
     <span class='ocr_line' id='line_1_50' title="bbox 351 4272 1412 4338; baseline 0 -16"><span class='ocrx_word' id='word_1_246' title='bbox 351 4272 483 4336; x_wconf 67' lang='lat' dir='ltr'>phiae</span> <span class='ocrx_word' id='word_1_247' title='bbox 506 4272 645 4332; x_wconf 72' lang='lat' dir='ltr'>Usus</span> <span class='ocrx_word' id='word_1_248' title='bbox 668 4273 1001 4338; x_wconf 84' lang='lat' dir='ltr'>proponitur:</span> <span class='ocrx_word' id='word_1_249' title='bbox 1038 4289 1155 4324; x_wconf 86' lang='lat' dir='ltr'>nam</span> <span class='ocrx_word' id='word_1_250' title='bbox 1177 4273 1412 4331; x_wconf 70' lang='lat' dir='ltr'>Philoso-</span> 
     </span>
    </p>
   </div>
   <div class='ocr_carea' id='block_1_11' title="bbox 1485 1144 2555 4337">
    <p class='ocr_par' dir='ltr' id='par_1_12' title="bbox 1485 1144 2555 4337">
     <span class='ocr_line' id='line_1_51' title="bbox 1488 1144 2552 1213; baseline 0.008 -21"><span class='ocrx_word' id='word_1_251' title='bbox 1488 1144 1610 1208; x_wconf 89' lang='lat' dir='ltr'>phia</span> <span class='ocrx_word' id='word_1_252' title='bbox 1630 1144 1772 1201; x_wconf 80' lang='lat' dir='ltr'>utilis</span> <span class='ocrx_word' id='word_1_253' title='bbox 1806 1151 1887 1194; x_wconf 87' lang='lat' dir='ltr'>est</span> <span class='ocrx_word' id='word_1_254' title='bbox 1910 1145 1975 1194; x_wconf 86' lang='lat' dir='ltr'>ad</span> <span class='ocrx_word' id='word_1_255' title='bbox 2014 1151 2217 1198; x_wconf 85' lang='lat' dir='ltr'>ceteras</span> <span class='ocrx_word' id='word_1_256' title='bbox 2255 1147 2552 1213; x_wconf 77' lang='lat' dir='ltr'>disciplinas</span> 
     </span>
     <span class='ocr_line' id='line_1_52' title="bbox 1487 1220 2553 1288; baseline 0.005 -18"><span class='ocrx_word' id='word_1_257' title='bbox 1487 1220 1851 1283; x_wconf 85' lang='lat' dir='ltr'>capessendas,</span> <span class='ocrx_word' id='word_1_258' title='bbox 1874 1228 1929 1270; x_wconf 90' lang='lat' dir='ltr'>et</span> <span class='ocrx_word' id='word_1_259' title='bbox 1960 1222 2027 1271; x_wconf 89' lang='lat' dir='ltr'>ad</span> <span class='ocrx_word' id='word_1_260' title='bbox 2060 1223 2315 1286; x_wconf 85' lang='lat' dir='ltr'>regendos</span> <span class='ocrx_word' id='word_1_261' title='bbox 2338 1225 2553 1288; x_wconf 88' lang='lat' dir='ltr'>animos,</span> 
     </span>
     <span class='ocr_line' id='line_1_53' title="bbox 1489 1296 2550 1364; baseline 0.008 -20"><span class='ocrx_word' id='word_1_262' title='bbox 1489 1297 1625 1360; x_wconf 89' lang='lat' dir='ltr'>quod</span> <span class='ocrx_word' id='word_1_263' title='bbox 1650 1296 1834 1346; x_wconf 85' lang='lat' dir='ltr'>libellis</span> <span class='ocrx_word' id='word_1_264' title='bbox 1871 1305 2184 1364; x_wconf 88' lang='lat' dir='ltr'>sceptroque</span> <span class='ocrx_word' id='word_1_265' title='bbox 2215 1299 2550 1361; x_wconf 85' lang='lat' dir='ltr'>significatur.</span> 
     </span>
     <span class='ocr_line' id='line_1_54' title="bbox 1490 1372 2554 1437; baseline 0.008 -17"><span class='ocrx_word' id='word_1_266' title='bbox 1490 1372 1718 1420; x_wconf 88' lang='lat' dir='ltr'>Primum</span> <span class='ocrx_word' id='word_1_267' title='bbox 1739 1372 1945 1437; x_wconf 90' lang='lat' dir='ltr'>quidem</span> <span class='ocrx_word' id='word_1_268' title='bbox 1964 1373 2297 1436; x_wconf 77' lang='lat' dir='ltr'>Philosophia</span> <span class='ocrx_word' id='word_1_269' title='bbox 2311 1374 2452 1426; x_wconf 85' lang='lat' dir='ltr'>utilis</span> <span class='ocrx_word' id='word_1_270' title='bbox 2469 1385 2554 1428; x_wconf 90' lang='lat' dir='ltr'>est</span> 
     </span>
     <span class='ocr_line' id='line_1_55' title="bbox 1487 1447 2542 1514; baseline 0.009 -19"><span class='ocrx_word' id='word_1_271' title='bbox 1487 1447 1553 1495; x_wconf 88' lang='lat' dir='ltr'>ad</span> <span class='ocrx_word' id='word_1_272' title='bbox 1593 1454 1799 1497; x_wconf 86' lang='lat' dir='ltr'>ceteras</span> <span class='ocrx_word' id='word_1_273' title='bbox 1838 1448 2136 1513; x_wconf 85' lang='lat' dir='ltr'>disciplinas</span> <span class='ocrx_word' id='word_1_274' title='bbox 2164 1452 2542 1514; x_wconf 72' lang='lat' dir='ltr'>capessendas:</span> 
     </span>
     <span class='ocr_line' id='line_1_56' title="bbox 1486 1523 2550 1588; baseline 0.007 -17"><span class='ocrx_word' id='word_1_275' title='bbox 1486 1531 1744 1588; x_wconf 84' lang='lat' dir='ltr'>quatenus</span> <span class='ocrx_word' id='word_1_276' title='bbox 1786 1525 1907 1573; x_wconf 90' lang='lat' dir='ltr'>hinc</span> <span class='ocrx_word' id='word_1_277' title='bbox 1948 1523 2128 1573; x_wconf 86' lang='lat' dir='ltr'>erroris</span> <span class='ocrx_word' id='word_1_278' title='bbox 2169 1525 2384 1583; x_wconf 84' lang='lat' dir='ltr'>vitandi,</span> <span class='ocrx_word' id='word_1_279' title='bbox 2427 1527 2550 1579; x_wconf 83' lang='lat' dir='ltr'>inde</span> 
     </span>
     <span class='ocr_line' id='line_1_57' title="bbox 1485 1600 2550 1667; baseline 0.005 -18"><span class='ocrx_word' id='word_1_280' title='bbox 1485 1614 1611 1649; x_wconf 79' lang='lat' dir='ltr'>vero</span> <span class='ocrx_word' id='word_1_281' title='bbox 1634 1600 1869 1649; x_wconf 85' lang='lat' dir='ltr'>veritatis</span> <span class='ocrx_word' id='word_1_282' title='bbox 1899 1600 2221 1649; x_wconf 69' lang='lat' dir='ltr'>inveniendae</span> <span class='ocrx_word' id='word_1_283' title='bbox 2249 1602 2392 1665; x_wconf 88' lang='lat' dir='ltr'>leges</span> <span class='ocrx_word' id='word_1_284' title='bbox 2415 1618 2550 1667; x_wconf 83' lang='lat' dir='ltr'>prae-</span> 
     </span>
     <span class='ocr_line' id='line_1_58' title="bbox 1489 1675 2552 1740; baseline 0.003 -15"><span class='ocrx_word' id='word_1_285' title='bbox 1489 1675 1707 1726; x_wconf 84' lang='lat' dir='ltr'>scribit:</span> <span class='ocrx_word' id='word_1_286' title='bbox 1758 1676 1896 1725; x_wconf 87' lang='lat' dir='ltr'>unde</span> <span class='ocrx_word' id='word_1_287' title='bbox 1928 1676 2127 1725; x_wconf 85' lang='lat' dir='ltr'>Tullius</span> <span class='ocrx_word' id='word_1_288' title='bbox 2146 1690 2304 1740; x_wconf 84' lang='lat' dir='ltr'>saepe,</span> <span class='ocrx_word' id='word_1_289' title='bbox 2338 1677 2354 1705; x_wconf 89' lang='lat'>‘</span> <span class='ocrx_word' id='word_1_290' title='bbox 2377 1678 2552 1728; x_wconf 89' lang='lat' dir='ltr'>Philo-</span> 
     </span>
     <span class='ocr_line' id='line_1_59' title="bbox 1490 1750 2553 1816; baseline 0.001 -13"><span class='ocrx_word' id='word_1_291' title='bbox 1490 1750 1706 1815; x_wconf 82' lang='lat' dir='ltr'>sophia,&#39;</span> <span class='ocrx_word' id='word_1_292' title='bbox 1726 1751 1911 1816; x_wconf 90' lang='lat' dir='ltr'>inquit,</span> <span class='ocrx_word' id='word_1_293' title='bbox 1948 1755 1965 1779; x_wconf 89' lang='lat'>‘</span> <span class='ocrx_word' id='word_1_294' title='bbox 1989 1753 2222 1801; x_wconf 84' lang='lat' dir='ltr'>omnium.</span> <span class='ocrx_word' id='word_1_295' title='bbox 2242 1760 2411 1803; x_wconf 87' lang='lat' dir='ltr'>mater</span> <span class='ocrx_word' id='word_1_296' title='bbox 2427 1756 2553 1804; x_wconf 81' lang='lat' dir='ltr'>arti-</span> 
     </span>
     <span class='ocr_line' id='line_1_60' title="bbox 1491 1831 2552 1884; baseline 0.005 -5"><span class='ocrx_word' id='word_1_297' title='bbox 1491 1845 1611 1879; x_wconf 88' lang='lat' dir='ltr'>um:</span> <span class='ocrx_word' id='word_1_298' title='bbox 1661 1831 2035 1880; x_wconf 83' lang='lat' dir='ltr'>laudandamm</span> <span class='ocrx_word' id='word_1_299' title='bbox 2077 1832 2302 1882; x_wconf 88' lang='lat' dir='ltr'>omnium</span> <span class='ocrx_word' id='word_1_300' title='bbox 2360 1833 2552 1884; x_wconf 85' lang='lat' dir='ltr'>artium</span> 
     </span>
     <span class='ocr_line' id='line_1_61' title="bbox 1490 1906 2551 1972; baseline 0.005 -18"><span class='ocrx_word' id='word_1_301' title='bbox 1490 1906 1811 1969; x_wconf 85' lang='lat' dir='ltr'>procreatrix</span> <span class='ocrx_word' id='word_1_302' title='bbox 1831 1913 1886 1956; x_wconf 90' lang='lat' dir='ltr'>et</span> <span class='ocrx_word' id='word_1_303' title='bbox 1906 1907 2052 1972; x_wconf 86' lang='lat' dir='ltr'>quasi</span> <span class='ocrx_word' id='word_1_304' title='bbox 2074 1906 2259 1970; x_wconf 82' lang='lat' dir='ltr'>pareu‘s</span> <span class='ocrx_word' id='word_1_305' title='bbox 2280 1925 2292 1957; x_wconf 75' lang='lat' dir='ltr'><strong><em>z</em></strong></span> <span class='ocrx_word' id='word_1_306' title='bbox 2346 1923 2443 1958; x_wconf 87' lang='lat' dir='ltr'>nec</span> <span class='ocrx_word' id='word_1_307' title='bbox 2462 1924 2551 1959; x_wconf 82' lang='lat' dir='ltr'>ve·</span> 
     </span>
     <span class='ocr_line' id='line_1_62' title="bbox 1489 1982 2553 2051; baseline -0.002 -18"><span class='ocrx_word' id='word_1_308' title='bbox 1489 1996 1550 2033; x_wconf 82' lang='lat' dir='ltr'>ro</span> <span class='ocrx_word' id='word_1_309' title='bbox 1572 1982 1683 2032; x_wconf 86' lang='lat' dir='ltr'>sine</span> <span class='ocrx_word' id='word_1_310' title='bbox 1721 1984 2141 2048; x_wconf 88' lang='lat' dir='ltr'>philosophorum</span> <span class='ocrx_word' id='word_1_311' title='bbox 2168 1985 2439 2050; x_wconf 80' lang='lat' dir='ltr'>disciplina</span> <span class='ocrx_word' id='word_1_312' title='bbox 2463 2002 2553 2051; x_wconf 81' lang='lat' dir='ltr'>ge·</span> 
     </span>
     <span class='ocr_line' id='line_1_63' title="bbox 1487 2061 2552 2126; baseline 0.001 -15"><span class='ocrx_word' id='word_1_313' title='bbox 1487 2073 1582 2111; x_wconf 82' lang='lat' dir='ltr'>uus</span> <span class='ocrx_word' id='word_1_314' title='bbox 1604 2066 1659 2108; x_wconf 87' lang='lat' dir='ltr'>et</span> <span class='ocrx_word' id='word_1_315' title='bbox 1695 2061 1922 2124; x_wconf 85' lang='lat' dir='ltr'>speciem</span> <span class='ocrx_word' id='word_1_316' title='bbox 1946 2061 2192 2126; x_wconf 89' lang='lat' dir='ltr'>cujusque</span> <span class='ocrx_word' id='word_1_317' title='bbox 2222 2063 2297 2111; x_wconf 83' lang='lat' dir='ltr'>rei</span> <span class='ocrx_word' id='word_1_318' title='bbox 2320 2076 2552 2126; x_wconf 84' lang='lat' dir='ltr'>cernere,</span> 
     </span>
     <span class='ocr_line' id='line_1_64' title="bbox 1485 2138 2552 2202; baseline 0.005 -18"><span class='ocrx_word' id='word_1_319' title='bbox 1485 2150 1657 2200; x_wconf 89' lang='lat' dir='ltr'>neque</span> <span class='ocrx_word' id='word_1_320' title='bbox 1682 2151 1793 2186; x_wconf 90' lang='lat' dir='ltr'>eam</span> <span class='ocrx_word' id='word_1_321' title='bbox 1819 2138 2115 2191; x_wconf 85' lang='lat' dir='ltr'>definiendo</span> <span class='ocrx_word' id='word_1_322' title='bbox 2152 2140 2432 2202; x_wconf 83' lang='lat' dir='ltr'>explicare,</span> <span class='ocrx_word' id='word_1_323' title='bbox 2455 2155 2552 2191; x_wconf 89' lang='lat' dir='ltr'>nec</span> 
     </span>
     <span class='ocr_line' id='line_1_65' title="bbox 1486 2211 2550 2278; baseline 0.004 -17"><span class='ocrx_word' id='word_1_324' title='bbox 1486 2211 1721 2262; x_wconf 86' lang='lat' dir='ltr'>tribuere</span> <span class='ocrx_word' id='word_1_325' title='bbox 1739 2213 1792 2260; x_wconf 91' lang='lat' dir='ltr'>in</span> <span class='ocrx_word' id='word_1_326' title='bbox 1810 2219 1987 2277; x_wconf 84' lang='lat' dir='ltr'>partes</span> <span class='ocrx_word' id='word_1_327' title='bbox 2003 2229 2289 2278; x_wconf 86' lang='lat' dir='ltr'>possumus,</span> <span class='ocrx_word' id='word_1_328' title='bbox 2305 2229 2399 2264; x_wconf 76' lang='lat' dir='ltr'>nec</span> <span class='ocrx_word' id='word_1_329' title='bbox 2411 2216 2550 2278; x_wconf 83' lang='lat' dir='ltr'>judi·</span> 
     </span>
     <span class='ocr_line' id='line_1_66' title="bbox 1487 2289 2551 2356; baseline 0.005 -20"><span class='ocrx_word' id='word_1_330' title='bbox 1487 2301 1608 2337; x_wconf 89' lang='lat' dir='ltr'>care</span> <span class='ocrx_word' id='word_1_331' title='bbox 1634 2303 1749 2353; x_wconf 83' lang='lat' dir='ltr'>quae</span> <span class='ocrx_word' id='word_1_332' title='bbox 1774 2303 1896 2338; x_wconf 84' lang='lat' dir='ltr'>vera</span> <span class='ocrx_word' id='word_1_333' title='bbox 1926 2305 2041 2354; x_wconf 79' lang='lat' dir='ltr'>quae</span> <span class='ocrx_word' id='word_1_334' title='bbox 2073 2289 2204 2339; x_wconf 85' lang='lat' dir='ltr'>falsa</span> <span class='ocrx_word' id='word_1_335' title='bbox 2222 2297 2361 2353; x_wconf 90' lang='lat' dir='ltr'>sunt,</span> <span class='ocrx_word' id='word_1_336' title='bbox 2382 2306 2551 2356; x_wconf 87' lang='lat' dir='ltr'>neque</span> 
     </span>
     <span class='ocr_line' id='line_1_67' title="bbox 1485 2367 2555 2431; baseline 0.003 -17"><span class='ocrx_word' id='word_1_337' title='bbox 1485 2379 1700 2414; x_wconf 91' lang='lat' dir='ltr'>cernere</span> <span class='ocrx_word' id='word_1_338' title='bbox 1755 2367 2144 2431; x_wconf 81' lang='lat' dir='ltr'>consequentia,</span> <span class='ocrx_word' id='word_1_339' title='bbox 2205 2369 2555 2430; x_wconf 78' lang='lat' dir='ltr'>repugnantia</span> 
     </span>
     <span class='ocr_line' id='line_1_68' title="bbox 1486 2441 2552 2508; baseline 0.006 -20"><span class='ocrx_word' id='word_1_340' title='bbox 1486 2441 1684 2504; x_wconf 85' lang='lat' dir='ltr'>videre,</span> <span class='ocrx_word' id='word_1_341' title='bbox 1713 2441 1955 2506; x_wconf 87' lang='lat' dir='ltr'>ambigua</span> <span class='ocrx_word' id='word_1_342' title='bbox 1993 2442 2314 2507; x_wconf 88' lang='lat' dir='ltr'>distinguere</span> <span class='ocrx_word' id='word_1_343' title='bbox 2334 2441 2369 2494; x_wconf 71' lang='grc' dir='ltr'>ε’</span> <span class='ocrx_word' id='word_1_344' title='bbox 2411 2444 2552 2508; x_wconf 87' lang='lat' dir='ltr'>quod</span> 
     </span>
     <span class='ocr_line' id='line_1_69' title="bbox 1489 2518 2553 2585; baseline 0.005 -19"><span class='ocrx_word' id='word_1_345' title='bbox 1489 2518 1833 2583; x_wconf 84' lang='lat' dir='ltr'>Philosophiae</span> <span class='ocrx_word' id='word_1_346' title='bbox 1860 2518 2083 2569; x_wconf 87' lang='lat' dir='ltr'>officium</span> <span class='ocrx_word' id='word_1_347' title='bbox 2117 2520 2360 2569; x_wconf 82' lang='lat' dir='ltr'>‘libellis&#39;</span> <span class='ocrx_word' id='word_1_348' title='bbox 2395 2522 2553 2585; x_wconf 87' lang='lat' dir='ltr'>signi·</span> 
     </span>
     <span class='ocr_line' id='line_1_70' title="bbox 1490 2591 2551 2646; baseline 0.005 -5"><span class='ocrx_word' id='word_1_349' title='bbox 1490 2591 1714 2644; x_wconf 81' lang='lat' dir='ltr'>fleatur:</span> <span class='ocrx_word' id='word_1_350' title='bbox 1769 2595 2053 2645; x_wconf 80' lang='lat' dir='ltr'>‘libellus’</span> <span class='ocrx_word' id='word_1_351' title='bbox 2097 2595 2231 2644; x_wconf 85' lang='lat' dir='ltr'>enim</span> <span class='ocrx_word' id='word_1_352' title='bbox 2290 2595 2485 2645; x_wconf 88' lang='lat' dir='ltr'>dicitur</span> <span class='ocrx_word' id='word_1_353' title='bbox 2521 2612 2551 2646; x_wconf 89' lang='lat' dir='ltr'>a</span> 
     </span>
     <span class='ocr_line' id='line_1_71' title="bbox 1488 2669 2550 2733; baseline 0.001 -14"><span class='ocrx_word' id='word_1_354' title='bbox 1488 2669 1504 2697; x_wconf 90' lang='lat'>‘</span> <span class='ocrx_word' id='word_1_355' title='bbox 1526 2669 1660 2719; x_wconf 87' lang='lat' dir='ltr'>liber</span> <span class='ocrx_word' id='word_1_356' title='bbox 1675 2669 1712 2720; x_wconf 68' lang='grc' dir='ltr'>τ’</span> <span class='ocrx_word' id='word_1_357' title='bbox 1757 2673 1773 2699; x_wconf 89' lang='lat'>‘</span> <span class='ocrx_word' id='word_1_358' title='bbox 1795 2670 1956 2721; x_wconf 89' lang='lat' dir='ltr'>liber&#39;</span> <span class='ocrx_word' id='word_1_359' title='bbox 1990 2678 2185 2733; x_wconf 85' lang='lat' dir='ltr'>autem,</span> <span class='ocrx_word' id='word_1_360' title='bbox 2222 2680 2431 2720; x_wconf 75' lang='lat' dir='ltr'>aiictore</span> <span class='ocrx_word' id='word_1_361' title='bbox 2454 2673 2550 2720; x_wconf 88' lang='lat' dir='ltr'>Isi-</span> 
     </span>
     <span class='ocr_line' id='line_1_72' title="bbox 1490 2744 2550 2796; baseline 0.003 -4"><span class='ocrx_word' id='word_1_362' title='bbox 1490 2744 1619 2793; x_wconf 86' lang='lat' dir='ltr'>doro</span> <span class='ocrx_word' id='word_1_363' title='bbox 1640 2745 1729 2796; x_wconf 90' lang='lat' dir='ltr'>lib.</span> <span class='ocrx_word' id='word_1_364' title='bbox 1755 2760 1826 2795; x_wconf 80' lang='lat' dir='ltr'>vt.</span> <span class='ocrx_word' id='word_1_365' title='bbox 1844 2761 1892 2795; x_wconf 90' lang='lat' dir='ltr'>c.</span> <span class='ocrx_word' id='word_1_366' title='bbox 1918 2750 1998 2795; x_wconf 77' lang='lat'>12.</span> <span class='ocrx_word' id='word_1_367' title='bbox 2029 2748 2045 2774; x_wconf 88' lang='lat'>‘</span> <span class='ocrx_word' id='word_1_368' title='bbox 2070 2753 2152 2796; x_wconf 90' lang='lat' dir='ltr'>est</span> <span class='ocrx_word' id='word_1_369' title='bbox 2174 2746 2391 2795; x_wconf 87' lang='lat' dir='ltr'>interior</span> <span class='ocrx_word' id='word_1_370' title='bbox 2415 2747 2550 2796; x_wconf 88' lang='lat' dir='ltr'>tuni·</span> 
     </span>
     <span class='ocr_line' id='line_1_73' title="bbox 1489 2820 2552 2887; baseline 0.004 -17"><span class='ocrx_word' id='word_1_371' title='bbox 1489 2835 1550 2870; x_wconf 90' lang='lat' dir='ltr'>ca</span> <span class='ocrx_word' id='word_1_372' title='bbox 1571 2820 1801 2882; x_wconf 86' lang='lat' dir='ltr'>corticis,</span> <span class='ocrx_word' id='word_1_373' title='bbox 1822 2836 1936 2885; x_wconf 84' lang='lat' dir='ltr'>quae</span> <span class='ocrx_word' id='word_1_374' title='bbox 1954 2822 2098 2885; x_wconf 90' lang='lat' dir='ltr'>ligno</span> <span class='ocrx_word' id='word_1_375' title='bbox 2114 2822 2357 2883; x_wconf 85' lang='lat' dir='ltr'>cohaeret,</span> <span class='ocrx_word' id='word_1_376' title='bbox 2375 2822 2429 2872; x_wconf 93' lang='lat' dir='ltr'>in</span> <span class='ocrx_word' id='word_1_377' title='bbox 2451 2838 2552 2887; x_wconf 79' lang='lat' dir='ltr'>qua</span> 
     </span>
     <span class='ocr_line' id='line_1_74' title="bbox 1490 2896 2549 2961; baseline 0.001 -16"><span class='ocrx_word' id='word_1_378' title='bbox 1490 2897 1690 2961; x_wconf 88' lang='lat' dir='ltr'>antiqui</span> <span class='ocrx_word' id='word_1_379' title='bbox 1739 2896 2039 2947; x_wconf 89' lang='lat' dir='ltr'>scribebant</span> <span class='ocrx_word' id='word_1_380' title='bbox 2054 2896 2087 2946; x_wconf 90' lang='lat'>:&#39;</span> <span class='ocrx_word' id='word_1_381' title='bbox 2150 2896 2286 2946; x_wconf 87' lang='lat' dir='ltr'>unde</span> <span class='ocrx_word' id='word_1_382' title='bbox 2340 2897 2479 2946; x_wconf 89' lang='lat' dir='ltr'>Plin.</span> <span class='ocrx_word' id='word_1_383' title='bbox 2514 2899 2549 2947; x_wconf 89' lang='lat' dir='ltr'>l.</span> 
     </span>
     <span class='ocr_line' id='line_1_75' title="bbox 1487 2972 2555 3038; baseline 0 -18"><span class='ocrx_word' id='word_1_384' title='bbox 1487 2985 1613 3022; x_wconf 86' lang='lat' dir='ltr'>x111.</span> <span class='ocrx_word' id='word_1_385' title='bbox 1649 2986 1695 3023; x_wconf 89' lang='lat' dir='ltr'>c.</span> <span class='ocrx_word' id='word_1_386' title='bbox 1735 2977 1815 3022; x_wconf 88' lang='lat'>11.</span> <span class='ocrx_word' id='word_1_387' title='bbox 1870 2972 1966 3022; x_wconf 89' lang='lat' dir='ltr'>‘In</span> <span class='ocrx_word' id='word_1_388' title='bbox 2006 2972 2329 3036; x_wconf 85' lang='lat' dir='ltr'>palmarum‚&#39;</span> <span class='ocrx_word' id='word_1_389' title='bbox 2368 2972 2555 3038; x_wconf 78' lang='lat' dir='ltr'>inquit,</span> 
     </span>
     <span class='ocr_line' id='line_1_76' title="bbox 1487 3048 2550 3112; baseline 0.002 -15"><span class='ocrx_word' id='word_1_390' title='bbox 1487 3048 1671 3098; x_wconf 85' lang='lat' dir='ltr'>‘foliis</span> <span class='ocrx_word' id='word_1_391' title='bbox 1727 3049 1894 3112; x_wconf 90' lang='lat' dir='ltr'>primo</span> <span class='ocrx_word' id='word_1_392' title='bbox 1950 3050 2316 3112; x_wconf 88' lang='lat' dir='ltr'>scriptitatum,</span> <span class='ocrx_word' id='word_1_393' title='bbox 2359 3048 2550 3099; x_wconf 85' lang='lat' dir='ltr'>deinde</span> 
     </span>
     <span class='ocr_line' id='line_1_77' title="bbox 1486 3123 2551 3189; baseline 0.002 -16"><span class='ocrx_word' id='word_1_394' title='bbox 1486 3125 1811 3188; x_wconf 86' lang='lat' dir='ltr'>quarundam</span> <span class='ocrx_word' id='word_1_395' title='bbox 1852 3125 2096 3174; x_wconf 86' lang='lat' dir='ltr'>arborum</span> <span class='ocrx_word' id='word_1_396' title='bbox 2118 3123 2299 3186; x_wconf 86' lang='lat' dir='ltr'>libris,&#39;</span> <span class='ocrx_word' id='word_1_397' title='bbox 2330 3125 2467 3189; x_wconf 88' lang='lat' dir='ltr'>quod</span> <span class='ocrx_word' id='word_1_398' title='bbox 2494 3133 2551 3175; x_wconf 87' lang='lat' dir='ltr'>et</span> 
     </span>
     <span class='ocr_line' id='line_1_78' title="bbox 1486 3201 2548 3266; baseline 0.002 -16"><span class='ocrx_word' id='word_1_399' title='bbox 1486 3202 1825 3250; x_wconf 86' lang='lat' dir='ltr'>Cassiodorus</span> <span class='ocrx_word' id='word_1_400' title='bbox 1864 3201 2059 3251; x_wconf 89' lang='lat' dir='ltr'>indicat</span> <span class='ocrx_word' id='word_1_401' title='bbox 2096 3202 2131 3251; x_wconf 87' lang='lat' dir='ltr'>l.</span> <span class='ocrx_word' id='word_1_402' title='bbox 2169 3214 2234 3251; x_wconf 89' lang='lat'>11.</span> <span class='ocrx_word' id='word_1_403' title='bbox 2275 3201 2399 3251; x_wconf 85' lang='lat' dir='ltr'>Var.</span> <span class='ocrx_word' id='word_1_404' title='bbox 2445 3202 2548 3266; x_wconf 88' lang='lat' dir='ltr'>Ep.</span> 
     </span>
     <span class='ocr_line' id='line_1_79' title="bbox 1486 3274 2552 3341; baseline -0.003 -11"><span class='ocrx_word' id='word_1_405' title='bbox 1486 3282 1567 3330; x_wconf 76' lang='grc'>38.</span> <span class='ocrx_word' id='word_1_406' title='bbox 1592 3278 1678 3327; x_wconf 90' lang='lat' dir='ltr'>ubi</span> <span class='ocrx_word' id='word_1_407' title='bbox 1701 3278 1766 3326; x_wconf 89' lang='lat' dir='ltr'>de</span> <span class='ocrx_word' id='word_1_408' title='bbox 1788 3278 2005 3330; x_wconf 84' lang='lat' dir='ltr'>charta:</span> <span class='ocrx_word' id='word_1_409' title='bbox 2040 3291 2105 3327; x_wconf 84' lang='lat' dir='ltr'>ex</span> <span class='ocrx_word' id='word_1_410' title='bbox 2124 3291 2225 3341; x_wconf 88' lang='lat' dir='ltr'>quo</span> <span class='ocrx_word' id='word_1_411' title='bbox 2246 3274 2446 3326; x_wconf 79' lang='lat' dir='ltr'>factum</span> <span class='ocrx_word' id='word_1_412' title='bbox 2467 3284 2552 3327; x_wconf 83' lang='lat' dir='ltr'>est</span> 
     </span>
     <span class='ocr_line' id='line_1_80' title="bbox 1488 3352 2553 3417; baseline -0.001 -14"><span class='ocrx_word' id='word_1_413' title='bbox 1488 3361 1549 3403; x_wconf 89' lang='lat' dir='ltr'>ut</span> <span class='ocrx_word' id='word_1_414' title='bbox 1585 3354 1719 3403; x_wconf 89' lang='lat' dir='ltr'>liber</span> <span class='ocrx_word' id='word_1_415' title='bbox 1759 3361 1814 3403; x_wconf 82' lang='lat' dir='ltr'>ct</span> <span class='ocrx_word' id='word_1_416' title='bbox 1852 3353 2051 3404; x_wconf 82' lang='lat' dir='ltr'>libellus</span> <span class='ocrx_word' id='word_1_417' title='bbox 2083 3368 2148 3404; x_wconf 84' lang='lat' dir='ltr'>ea</span> <span class='ocrx_word' id='word_1_418' title='bbox 2184 3352 2553 3417; x_wconf 78' lang='lat' dir='ltr'>significarent,</span> 
     </span>
     <span class='ocr_line' id='line_1_81' title="bbox 1489 3430 2550 3495; baseline 0 -15"><span class='ocrx_word' id='word_1_419' title='bbox 1489 3446 1606 3495; x_wconf 81' lang='lat' dir='ltr'>quae</span> <span class='ocrx_word' id='word_1_420' title='bbox 1633 3432 1684 3479; x_wconf 92' lang='lat' dir='ltr'>in</span> <span class='ocrx_word' id='word_1_421' title='bbox 1707 3430 1769 3479; x_wconf 88' lang='lat' dir='ltr'>iis</span> <span class='ocrx_word' id='word_1_422' title='bbox 1790 3431 1987 3494; x_wconf 88' lang='lat' dir='ltr'>scripta</span> <span class='ocrx_word' id='word_1_423' title='bbox 2001 3430 2408 3482; x_wconf 84' lang='lat' dir='ltr'>continerentur.</span> <span class='ocrx_word' id='word_1_424' title='bbox 2444 3431 2550 3480; x_wconf 86' lang='lat' dir='ltr'>De·</span> 
     </span>
     <span class='ocr_line' id='line_1_82' title="bbox 1488 3505 2552 3569; baseline 0 -14"><span class='ocrx_word' id='word_1_425' title='bbox 1488 3508 1609 3556; x_wconf 90' lang='lat' dir='ltr'>inde</span> <span class='ocrx_word' id='word_1_426' title='bbox 1630 3507 1812 3556; x_wconf 87' lang='lat' dir='ltr'>eadem</span> <span class='ocrx_word' id='word_1_427' title='bbox 1838 3506 2172 3569; x_wconf 85' lang='lat' dir='ltr'>Philosophia</span> <span class='ocrx_word' id='word_1_428' title='bbox 2210 3506 2352 3554; x_wconf 90' lang='lat' dir='ltr'>utilis</span> <span class='ocrx_word' id='word_1_429' title='bbox 2385 3505 2552 3555; x_wconf 83' lang='lat' dir='ltr'>estad</span> 
     </span>
     <span class='ocr_line' id='line_1_83' title="bbox 1489 3581 2551 3647; baseline -0.003 -14"><span class='ocrx_word' id='word_1_430' title='bbox 1489 3584 1746 3647; x_wconf 87' lang='lat' dir='ltr'>regendos</span> <span class='ocrx_word' id='word_1_431' title='bbox 1769 3584 1991 3631; x_wconf 86' lang='lat' dir='ltr'>animos:</span> <span class='ocrx_word' id='word_1_432' title='bbox 2043 3581 2197 3630; x_wconf 86' lang='lat' dir='ltr'>animi</span> <span class='ocrx_word' id='word_1_433' title='bbox 2233 3582 2429 3645; x_wconf 89' lang='lat' dir='ltr'>quippe</span> <span class='ocrx_word' id='word_1_434' title='bbox 2471 3595 2551 3630; x_wconf 88' lang='lat' dir='ltr'>re·</span> 
     </span>
     <span class='ocr_line' id='line_1_84' title="bbox 1489 3656 2553 3723; baseline -0.002 -15"><span class='ocrx_word' id='word_1_435' title='bbox 1489 3666 1682 3723; x_wconf 88' lang='lat' dir='ltr'>guntur</span> <span class='ocrx_word' id='word_1_436' title='bbox 1702 3673 1819 3708; x_wconf 89' lang='lat' dir='ltr'>cum</span> <span class='ocrx_word' id='word_1_437' title='bbox 1838 3657 2030 3708; x_wconf 85' lang='lat' dir='ltr'>sedatis</span> <span class='ocrx_word' id='word_1_438' title='bbox 2052 3656 2553 3721; x_wconf 87' lang='lat' dir='ltr'>perturbationibus,</span> 
     </span>
     <span class='ocr_line' id='line_1_85' title="bbox 1489 3736 2550 3800; baseline -0.002 -14"><span class='ocrx_word' id='word_1_439' title='bbox 1489 3743 1599 3786; x_wconf 88' lang='lat' dir='ltr'>tum</span> <span class='ocrx_word' id='word_1_440' title='bbox 1629 3737 1851 3786; x_wconf 78' lang='lat' dir='ltr'>veritate</span> <span class='ocrx_word' id='word_1_441' title='bbox 1887 3736 2120 3799; x_wconf 79' lang='lat' dir='ltr'>detecta,</span> <span class='ocrx_word' id='word_1_442' title='bbox 2156 3737 2341 3800; x_wconf 87' lang='lat' dir='ltr'>quibus</span> <span class='ocrx_word' id='word_1_443' title='bbox 2371 3738 2550 3787; x_wconf 76' lang='lat' dir='ltr'>Philo.</span> 
     </span>
     <span class='ocr_line' id='line_1_86' title="bbox 1489 3812 2551 3876; baseline 0.007 -15"><span class='ocrx_word' id='word_1_444' title='bbox 1489 3812 1672 3875; x_wconf 87' lang='lat' dir='ltr'>sophia</span> <span class='ocrx_word' id='word_1_445' title='bbox 1710 3819 1896 3862; x_wconf 77' lang='lat' dir='ltr'>vacatt</span> <span class='ocrx_word' id='word_1_446' title='bbox 1944 3812 2082 3873; x_wconf 87' lang='lat' dir='ltr'>hinc,</span> <span class='ocrx_word' id='word_1_447' title='bbox 2104 3819 2165 3861; x_wconf 84' lang='lat' dir='ltr'>ut</span> <span class='ocrx_word' id='word_1_448' title='bbox 2197 3821 2381 3876; x_wconf 87' lang='lat' dir='ltr'>postea</span> <span class='ocrx_word' id='word_1_449' title='bbox 2408 3816 2551 3868; x_wconf 88' lang='lat' dir='ltr'>dice·</span> 
     </span>
     <span class='ocr_line' id='line_1_87' title="bbox 1490 3888 2553 3949; baseline 0.006 -10"><span class='ocrx_word' id='word_1_450' title='bbox 1490 3895 1596 3949; x_wconf 89' lang='lat' dir='ltr'>tur,</span> <span class='ocrx_word' id='word_1_451' title='bbox 1638 3889 1794 3938; x_wconf 86' lang='lat' dir='ltr'>Plato</span> <span class='ocrx_word' id='word_1_452' title='bbox 1829 3888 2009 3937; x_wconf 90' lang='lat' dir='ltr'>docuit</span> <span class='ocrx_word' id='word_1_453' title='bbox 2052 3894 2157 3937; x_wconf 87' lang='lat' dir='ltr'>tum</span> <span class='ocrx_word' id='word_1_454' title='bbox 2204 3890 2386 3941; x_wconf 86' lang='lat' dir='ltr'>beatas</span> <span class='ocrx_word' id='word_1_455' title='bbox 2438 3893 2553 3944; x_wconf 81' lang='lat' dir='ltr'>fore</span> 
     </span>
     <span class='ocr_line' id='line_1_88' title="bbox 1491 3965 2553 4031; baseline 0.005 -18"><span class='ocrx_word' id='word_1_456' title='bbox 1491 3965 1832 4028; x_wconf 84' lang='lat' dir='ltr'>respublicas,</span> <span class='ocrx_word' id='word_1_457' title='bbox 1865 3979 1982 4014; x_wconf 87' lang='lat' dir='ltr'>cum</span> <span class='ocrx_word' id='word_1_458' title='bbox 2021 3972 2110 4013; x_wconf 86' lang='lat' dir='ltr'>aut</span> <span class='ocrx_word' id='word_1_459' title='bbox 2149 3965 2452 4031; x_wconf 87' lang='lat' dir='ltr'>Philosophi</span> <span class='ocrx_word' id='word_1_460' title='bbox 2475 3984 2553 4019; x_wconf 89' lang='lat' dir='ltr'>re-</span> 
     </span>
     <span class='ocr_line' id='line_1_89' title="bbox 1492 4040 2554 4105; baseline 0.002 -14"><span class='ocrx_word' id='word_1_461' title='bbox 1492 4047 1697 4105; x_wconf 82' lang='lat' dir='ltr'>gerent,</span> <span class='ocrx_word' id='word_1_462' title='bbox 1718 4049 1810 4091; x_wconf 89' lang='lat' dir='ltr'>aut</span> <span class='ocrx_word' id='word_1_463' title='bbox 1833 4041 2001 4105; x_wconf 87' lang='lat' dir='ltr'>Reges</span> <span class='ocrx_word' id='word_1_464' title='bbox 2040 4040 2524 4104; x_wconf 86' lang='lat' dir='ltr'>philosopharentur</span> <span class='ocrx_word' id='word_1_465' title='bbox 2538 4060 2554 4093; x_wconf 68' lang='grc' dir='ltr'><em>ε</em></span> 
     </span>
     <span class='ocr_line' id='line_1_90' title="bbox 1491 4116 2552 4182; baseline 0.002 -16"><span class='ocrx_word' id='word_1_466' title='bbox 1491 4117 1630 4182; x_wconf 90' lang='lat' dir='ltr'>quod</span> <span class='ocrx_word' id='word_1_467' title='bbox 1676 4118 1889 4167; x_wconf 85' lang='lat' dir='ltr'>alterum</span> <span class='ocrx_word' id='word_1_468' title='bbox 1934 4117 2281 4179; x_wconf 69' lang='lat' dir='ltr'>Philosophiae</span> <span class='ocrx_word' id='word_1_469' title='bbox 2327 4116 2552 4168; x_wconf 86' lang='lat' dir='ltr'>officium</span> 
     </span>
     <span class='ocr_line' id='line_1_91' title="bbox 1490 4192 2551 4259; baseline 0 -16"><span class='ocrx_word' id='word_1_470' title='bbox 1490 4194 1508 4228; x_wconf 82' lang='lat'>‘</span> <span class='ocrx_word' id='word_1_471' title='bbox 1555 4193 1798 4259; x_wconf 85' lang='lat' dir='ltr'>sceptro&#39;</span> <span class='ocrx_word' id='word_1_472' title='bbox 1855 4192 2209 4257; x_wconf 78' lang='lat' dir='ltr'>significatur:</span> <span class='ocrx_word' id='word_1_473' title='bbox 2286 4198 2551 4257; x_wconf 86' lang='lat' dir='ltr'>sceptrum</span> 
     </span>
     <span class='ocr_line' id='line_1_92' title="bbox 1489 4268 2552 4337; baseline -0.003 -15"><span class='ocrx_word' id='word_1_474' title='bbox 1489 4271 1630 4326; x_wconf 83' lang='lat' dir='ltr'>enim</span> <span class='ocrx_word' id='word_1_475' title='bbox 1662 4270 1870 4337; x_wconf 81' lang='lat' dir='ltr'>imperii</span> <span class='ocrx_word' id='word_1_476' title='bbox 1898 4270 2100 4336; x_wconf 83' lang='lat' dir='ltr'>siguum</span> <span class='ocrx_word' id='word_1_477' title='bbox 2136 4274 2245 4317; x_wconf 80' lang='lat' dir='ltr'>est:</span> <span class='ocrx_word' id='word_1_478' title='bbox 2281 4268 2417 4326; x_wconf 82' lang='lat' dir='ltr'>unde</span> <span class='ocrx_word' id='word_1_479' title='bbox 2454 4270 2552 4319; x_wconf 72' lang='lat' dir='ltr'>Ln-</span> 
     </span>
    </p>
   </div>
  </div>
 </body>
</html>
