3049 4928
584 411 716 478 548

583 573 755 634 Mars,
777 571 911 622 hunc
926 570 1124 636 Cybele
1141 568 1335 632 laudat,
1352 569 1649 619 dominatur

583 661 804 717 uterque
830 647 1116 699 Montibus.
1184 647 1478 697 Herculeus
1494 646 1651 695 sudor

582 737 809 793 uterque
829 725 964 776 fuit!
1033 725 1186 776 Quod
1210 724 1252 772 si
1274 724 1529 774 credimus
1547 723 1649 772 Po-

580 807 773 870 iyaeno,
794 817 963 868 neque
998 801 1388 851 bunciaborem
1410 801 1520 849 sine
1538 805 1653 849 astu

585 883 845 936 Hercules
880 879 1137 946 perfecit:
1172 878 1257 927 Ita
1291 877 1429 927 enim
1452 876 1539 926 iiie
1555 877 1650 928 lib.

579 973 626 1012 ι.
659 961 885 1023 Stratag.
915 960 935 986 ⁴
959 956 1212 1006 Hercules
1233 955 1373 1004 vires
1396 968 1457 1004 ac
1494 956 1653 1005 robur

582 1035 912 1101 Erymanthii
956 1034 1061 1083 suis
1096 1040 1352 1095 metuens,
1390 1032 1509 1082 dolo
1544 1032 1653 1082 bel-

582 1115 722 1164 luam
762 1113 923 1177 cepit.
988 1111 1120 1160 Cum
1155 1111 1294 1159 enim
1332 1110 1419 1159 hic
1438 1109 1492 1158 in
1513 1110 1653 1160 valle

585 1191 842 1241 somnium
865 1195 1101 1252 caperet,
1122 1185 1262 1252 (erat
1291 1191 1465 1235 autem
1504 1186 1654 1236 vallis

587 1268 749 1332 piena
772 1263 1013 1328 nivium,)
1030 1264 1116 1313 ille
1138 1263 1327 1312 multos
1341 1262 1544 1326 lapides
1564 1262 1652 1312 de-

585 1358 750 1408 super
770 1342 1061 1408 injiciebat,
1084 1342 1261 1406 itaque
1280 1354 1367 1389 sus
1389 1341 1651 1391 excitatus

587 1422 800 1478 exsiliit,
833 1427 887 1470 et
911 1418 1088 1469 furore
1112 1427 1272 1482 atque
1293 1417 1652 1482 indignatione

590 1511 828 1563 preceps
867 1503 1036 1556 actus,
1074 1495 1127 1543 in
1168 1496 1336 1544 nivem
1365 1493 1569 1556 incidit,
1590 1508 1654 1544 ac

587 1575 884 1625 submersus
954 1573 1350 1636 impingensque
1410 1570 1655 1635 capieba-

591 1651 717 1702 tur.'
750 1653 902 1701 Idem.

663 1725 873 1776 Ultimus
892 1725 1057 1774 coeiam
1075 1723 1228 1790 labor]
1259 1724 1383 1775 Seu.
1414 1722 1470 1772 in
1490 1723 1653 1774 Herc.

591 1803 716 1854 Fur.
740 1818 789 1850 v.
810 1807 892 1853 68.
923 1801 1161 1852 ‘Robore
1206 1816 1437 1865 expenso
1468 1808 1655 1865 tumet,

588 1881 660 1930 Et
684 1894 836 1942 posse
852 1879 1037 1928 caelum
1059 1879 1255 1929 viribus
1278 1879 1416 1927 vinci
1432 1878 1538 1927 suis
1556 1879 1650 1927 Di-

587 1955 721 2005 dicit
741 1954 957 2004 ferendo
974 1971 989 2004 e
1013 1955 1245 2004 subdidit
1260 1954 1452 2003 mundo
1467 1960 1650 2018 caput,

590 2032 710 2083 Nec
750 2031 902 2082 flexit
937 2034 1174 2081 humeros
1211 2033 1357 2082 molis
1379 2032 1649 2082 immensa

1288 423 1504 472 No‘rAE
1554 423 1955 472 VAluoRuu
2006 423 2087 471 IN

1729 568 1894 632 labor,
1929 569 2244 635 Mediusque
2266 570 2406 621 coilo
2427 569 2568 620 sedit.
2587 571 2780 622 Hereu-

1731 645 1814 694 leo
1850 646 2017 710 polus,
2052 646 2274 696 Immota
2313 646 2495 697 cervix
2533 647 2706 697 sidera
2731 656 2785 699 ct

1732 724 1908 787 polum
1931 724 2089 774 tulit:
2121 724 2273 774 Idem.

1800 805 1980 853 Coelm
2000 803 2196 868 meruit]
2228 805 2477 855 Martiali.
2502 805 2726 871 Capella
2742 805 2793 855 in

1733 878 1823 930 fin.
1849 880 1938 932 lib.
1978 895 2016 931 1.
2054 881 2120 930 de
2157 888 2305 946 nupt.
2329 882 2525 930 Phiiol.
2571 887 2588 911 ‘
2613 881 2794 931 Omnis

1733 958 1957 1007 Deorum
1977 967 2188 1009 senatus
2202 960 2254 1008 in
2285 957 2592 1023 suffragium
2631 960 2796 1010 eonci-

1734 1039 1894 1099 tatur,
1912 1036 2308 1100 acclamantque
2338 1037 2521 1086 cuncti
2540 1036 2662 1086 fieri
2682 1052 2798 1100 pro-

1733 1111 1870 1159 tinus
1892 1118 2163 1175 oportere:
2201 1112 2560 1177 adjiciuntque
2593 1120 2801 1162 senten-

1735 1190 1824 1238 11ae
1841 1190 2051 1254 Jovtali,
2067 1197 2126 1241 ut
2149 1190 2395 1254 deinceps
2410 1191 2658 1241 mortales
2676 1205 2800 1255 quos

1731 1269 1854 1317 vitae
1879 1268 2092 1332 insignis
2115 1270 2273 1318 elatio
2295 1277 2350 1319 et
2384 1269 2674 1317 maximum
2696 1269 2799 1317 cffi-

1730 1358 1850 1393 men
1887 1344 2207 1407 meritorum,
2241 1344 2613 1408 ingeniumque
2637 1346 2691 1394 in
2712 1357 2801 1408 ap-

1730 1420 1955 1483 petitum
1996 1421 2222 1470 caelitem
2261 1420 2700 1485 propositumque
2739 1422 2804 1469 si-

1737 1495 1909 1545 dereae
1941 1497 2243 1559 cupiditatis
2277 1493 2551 1558 extulerit,
2584 1496 2639 1544 in
2668 1497 2798 1545 Deo·

1735 1584 1847 1621 rum
1869 1585 2136 1621 numerum
2156 1571 2510 1635 cooptentur.'
2546 1573 2707 1621 Idem.

1801 1648 1880 1697 Ite
1896 1647 2192 1706 unncfortes
2212 1648 2291 1696 ubi
2311 1648 2433 1697 celsa
2453 1648 2628 1710 mgni
2653 1649 2801 1698 Ducit

1733 1724 1934 1788 exempli
1963 1724 2071 1787 vis]
2104 1724 2262 1774 Ovid.
2286 1737 2361 1772 lv.
2383 1724 2546 1773 Trist.
2584 1723 2737 1789 Eieg.
2754 1728 2800 1773 8.

1734 1801 1949 1851 ‘Ardua
1992 1816 2089 1865 per
2130 1815 2362 1866 praeceps
2420 1801 2593 1865 gioria
2637 1801 2801 1851 tendit

1728 1878 1850 1928 iter.
1895 1879 2131 1929 Hectora
2174 1877 2288 1943 quis
2336 1884 2516 1927 nosset
2573 1876 2707 1928 felix
2761 1880 2801 1927 si

1730 1956 1885 2019 Troja
1927 1954 2147 2005 fuisset?
2202 1955 2419 2005 Publica
2464 1955 2682 2006 virtutis
2712 1968 2801 2018 per

1730 2032 1871 2081 maia
1888 2029 2033 2081 facta
2051 2033 2132 2082 via
2155 2031 2272 2082 est!
2303 2032 2459 2082 Idem.

1438 2457 1778 2536 LIBER
1847 2458 1951 2534 V.

657 2638 846 2687 PnosA
870 2642 917 2688 l.
955 2638 1055 2694 Qui
1076 2652 1246 2700 amm
1266 2637 1498 2701 exercuit]
1551 2636 1659 2686 Ho-

591 2720 690 2764 rat.
718 2715 883 2779 Epod.
908 2714 1011 2763 Od.
1037 2719 1084 2765 2.
1117 2716 1133 2741 ⁴
1151 2715 1386 2764 Paterna
1411 2729 1537 2763 rura
1568 2713 1658 2764 bo·

589 2791 688 2840 bns
727 2798 945 2841 exercet
982 2793 1104 2854 suis,
1142 2792 1356 2841 Solutus
1388 2791 1529 2842 omni
1564 2789 1659 2840 foe·

592 2867 755 2916 nore!
788 2868 929 2918 Plin.
974 2868 1246 2918 Secundus
1286 2882 1326 2918 1.
1365 2869 1656 2933 Epist.·2o.

590 2944 607 2972 ‘
627 2944 803 2993 Etiam
845 2959 1055 3009 campos
1098 2950 1225 2994 curo
1281 2951 1339 2993 et
1395 2942 1657 2993 exerceo?

591 3020 665 3070 Et
703 3020 796 3070 lib.
842 3025 952 3072 vn.
990 3022 1156 3085 Epist.
1199 3025 1280 3070 18.
1330 3021 1348 3048 ‘
1370 3021 1510 3084 Ager
1540 3020 1658 3083 ipse

593 3105 810 3163 propter
850 3099 903 3148 id
940 3100 1076 3164 quod
1115 3100 1360 3162 vectigali
1398 3100 1545 3163 large
1578 3113 1659 3147 su·

592 3175 873 3238 percurrit,
913 3189 1117 3239 semper
1166 3175 1430 3224 dominum
1476 3190 1509 3224 a
1555 3189 1656 3239 quo

593 3258 925 3315 exerceatur,
945 3251 1211 3302 inveniet?
1245 3252 1421 3301 Sitzm.

659 3326 849 3377 Mna.
900 3331 947 3377 l.
1010 3328 1163 3391 Rupis
1206 3327 1519 3378 Ackoemenioe
1557 3342 1656 3375 sco-

589 3402 745 3466 pulis]
783 3403 898 3453 Hoc
929 3409 1030 3467 est,
1067 3405 1235 3453 Tauro
1269 3411 1447 3453 monte
1470 3403 1658 3453 Aehae·

595 3479 783 3527 meniae
806 3493 898 3527 seu
922 3480 1203 3531 Armeniae.
1245 3481 1419 3532 Vallia.

659 3553 996 3617 Achaemeuioe]
1030 3556 1312 3606 Armeniae.
1334 3557 1471 3607 Stat.
1490 3558 1657 3622 1.Syl·

595 3642 704 3681 var.
738 3630 755 3658 ‘
777 3629 1023 3695 Arcuque
1061 3632 1320 3682 horrenda
1352 3631 1527 3697 fugaci
1560 3634 1660 3684 Ar-

594 3706 805 3756 menia!
868 3707 1020 3757 Idem
1044 3708 1135 3759 lib.
1167 3721 1221 3760 V.
1258 3709 1461 3772 Sylvar.
1495 3711 1661 3764 ‘Quae

593 3782 723 3847 fuga
755 3782 867 3832 fera
897 3782 1086 3834 ferocis
1120 3785 1391 3837 Armenii.’
1424 3787 1507 3837 Ad
1545 3802 1660 3852 quae

593 3860 757 3909 verba
796 3859 957 3909 Statii
1023 3861 1125 3911 vid.
1181 3862 1379 3913 Comm.
1435 3864 1658 3914 Domitii

597 3935 876 3986 Calderini.
908 3936 1078 3988 Simu.

660 4011 940 4063 Pectoribus
969 4015 1096 4078 figit
1135 4016 1338 4080 spicula]
1385 4017 1573 4068 Senec.
1606 4017 1658 4066 iu

595 4085 809 4151 Thyest.
851 4105 926 4141 vs.
962 4096 1076 4146 380.
1109 4094 1233 4143 ‘Nil
1271 4094 1389 4143 uilis
1424 4108 1555 4157 opus
1578 4102 1659 4143 est

594 4166 775 4229 equis3
821 4168 911 4217 Nil
951 4170 1123 4233 armis,
1156 4177 1212 4219 et
1245 4170 1498 4219 inertibus
1517 4170 1658 4219 Telis

599 4255 713 4305 quie
737 4245 919 4307 procul
955 4244 1148 4308 ingerit
1180 4245 1407 4295 Parthus
1439 4254 1558 4295 cum
1589 4246 1656 4295 si·

596 4320 761 4370 nulat
780 4319 965 4386 fugas.’
1000 4321 1063 4372 In
1088 4321 1266 4387 OEdip.
1289 4335 1342 4373 v.
1370 4326 1481 4373 118.
1498 4321 1515 4351 ‘
1534 4321 1656 4374 Cin-

1738 2637 1904 2687 namis
1935 2638 2106 2703 sylvas
2145 2636 2378 2687 Arabum
2421 2637 2609 2688 beatas
2640 2637 2795 2699 Vidit,

1738 2722 1797 2764 et
1824 2729 2002 2764 versas
2036 2714 2224 2779 equitis
2253 2715 2495 2778 sagittas,
2515 2716 2693 2778 Terga
2711 2713 2796 2763 fai·

1738 2791 1867 2842 lacis
1906 2792 2190 2844 metuenda
2222 2791 2443 2842 Parthi)
2506 2792 2696 2855 virgil.
2718 2804 2797 2840 m.

1741 2868 1936 2931 Georg.
1957 2869 1973 2897 ‘
1994 2868 2367 2932 Fidentemque
2384 2865 2514 2932 fuga
2527 2867 2795 2928 Parthum,

1740 2945 2005 3009 versisque
2026 2945 2272 3008 sagittis.’
2336 2947 2424 2996 De
2447 2947 2547 2995 hac
2568 2944 2693 3008 stiga
2709 2943 2795 2991 eti·

1734 3035 1820 3071 am
1844 3023 2020 3072 Vaier.
2044 3023 2220 3073 Flacc.
2251 3022 2386 3073 libro
2405 3036 2486 3072 vr.
2528 3021 2797 3071 Claudiai.

1734 3097 1804 3146 de
1847 3098 2114 3162 Hystrice,
2148 3098 2403 3149 Prudent.
2424 3099 2480 3146 in
2510 3097 2796 3160 Hamartig.

1736 3176 1989 3241 multique
2014 3176 2117 3225 alii.
2160 3177 2314 3226 Idem.

1806 3252 2170 3315 Pagnafugooe]
2206 3250 2587 3313 Armeniorum,
2604 3250 2798 3300 statis·

1738 3344 1779 3379 1.
1804 3330 2004 3393 Sylvar.
2038 3331 2058 3358 ‘⁴
2080 3329 2328 3392 Arcuque
2348 3326 2608 3378 horrenda
2626 3324 2798 3390 fugaci

1740 3406 2023 3456 Armenia.’
2086 3406 2190 3456 Seu
2213 3404 2544 3466 Parthorum,
2573 3418 2604 3452 a
2629 3402 2798 3453 vicini-

1740 3490 1854 3533 tate
1874 3500 1890 3533 t
1936 3484 1979 3533 si
2016 3483 2225 3547 quidem
2258 3496 2434 3531 verum
2461 3481 2552 3543 sit,
2584 3488 2644 3529 ut
2666 3479 2797 3544 apud

1740 3558 1963 3607 Plinium
1984 3559 2253 3607 existimat
2273 3558 2351 3609 M.
2379 3557 2646 3622 Agrippa,
2679 3557 2797 3607 Par·

1740 3635 1919 3698 thiam,
1937 3635 2005 3685 ab
2028 3634 2341 3698 Occidente,
2359 3634 2503 3699 Tigri
2517 3633 2797 3684 terminari.

1747 3712 1927 3762 Vallia.

1808 3788 1973 3850 ngris
1995 3792 2043 3838 et
2067 3787 2320 3851 Eufrates]
2355 3786 2589 3837 Alcimus
2612 3786 2796 3835 Avitus

1740 3864 1830 3915 lib.
1873 3866 1939 3915 de
1978 3866 2201 3930 Origine
2238 3864 2453 3914 Mundi:
2490 3862 2793 3914 ‘Eufraten

1738 3941 2037 4007 Tigrimque
2076 3949 2284 4006 vocant,
2326 3941 2414 4005 qni
2446 3941 2617 3989 limite
2655 3946 2794 3993 certo

1737 4017 1916 4079 Longa
1966 4016 2272 4080 sagittiferis
2318 4015 2527 4066 faciunt
2579 4014 2796 4065 confinia

1738 4092 1986 4142 Partitis!
2019 4092 2194 4141 Sitzm.

1809 4168 1972 4231 Tigris
1992 4174 2040 4218 et
2065 4167 2319 4231 Eufrates]
2356 4168 2422 4219 Q.
2446 4167 2604 4217 Curt.
2628 4165 2719 4216 lib.
2740 4179 2789 4214 v.

1737 4244 1867 4294 ‘Isti
1910 4260 2092 4295 amnes
2131 4260 2199 4296 ex
2236 4245 2494 4294 Armenia
2535 4243 2790 4293 montib-s

1737 4319 2024 4386 profluunt,
2041 4329 2100 4375 et
2119 4334 2307 4386 magno
2324 4319 2519 4371 deinde
2548 4330 2790 4384 aquarn·
