3049 4928
1041 418 1561 470 pannosorum
1612 420 1756 468 11113.
1805 421 1884 471 ιι.
2417 405 2545 470 169

350 564 551 629 Nunc
584 569 648 629 te
664 562 955 647 primum
981 564 1206 630 liventi
1235 566 1437 630 oculo
1466 566 1937 650 praestrinxit.⁰
1959 562 2016 605 ⁶¹
2065 566 2140 630 Si
2170 585 2538 647 numerum,

345 667 747 752 modumque
792 667 1122 747 laetorum,
1170 668 1541 734 tristiumve
1574 669 1981 748 considere&
2047 670 2262 738 adhuc
2292 679 2360 736 te
2388 672 2539 742 seii-

346 790 488 835 cem
515 788 754 852 negare
790 788 930 834 non
956 770 1205 853 possis,
1274 770 1548 850 Quodsi
1564 771 1825 836 ‘idcirco
1857 779 1923 836 te
1953 771 2357 837 fortunatum
2387 793 2540 840 esse

339 891 473 937 non
504 871 883 951 existimaS,
908 873 1221 957 quoniam
1243 892 1398 957 qnae
1422 879 1577 940 tunc
1599 875 1761 939 laeta
1782 873 2198 952 videbantur,
2218 876 2539 957 abierunt,

337 993 470 1038 non
495 980 605 1040 est
633 974 814 1059 quod
844 981 912 1039 te
934 977 1252 1040 miserum
1279 980 1478 1060 putes
1500 996 1519 1057 ;
1562 976 1905 1060 quoniam,
1930 996 2086 1058 quae
2102 994 2277 1040 nunc
2295 985 2538 1043 moesta

336 1078 722 1156 creduntur,
780 1084 1205 1162 praetereunt.
1320 1077 1433 1142 An
1484 1084 1558 1144 tu
1606 1081 1676 1143 in
1721 1078 1894 1145 hanc
1951 1080 2111 1146 vitae
2171 1099 2438 1145 scenam
2457 1081 2535 1117 ⁶¹¹¹

331 1200 509 1245 nunc
539 1181 824 1265 primum
860 1182 1142 1259 subitus,
1172 1182 1555 1266 hospesque
1582 1183 1869 1248 venistis?
1911 1181 2199 1247 ullamne
2227 1182 2534 1247 humanis

330 1282 532 1346 rebus
591 1281 812 1348 inesse
872 1283 1315 1350 constantiam
1364 1284 1557 1362 reris,
1607 1302 1757 1348 cum
1803 1284 2034 1368 ipsum
2092 1303 2277 1368 saepe
2319 1283 2532 1348 homi-

329 1404 484 1449 nem
520 1385 726 1449 velox
771 1386 975 1451 hora⁶
1018 1386 1393 1458 dissolvat?
1483 1386 1670 1451 Nam
1705 1386 1835 1467 etsi
1880 1406 2030 1452 rara
2084 1393 2190 1451 est
2233 1386 2530 1451 fortuitis

324 1486 644 1551 manendi
699 1487 922 1567 fideS,⁷
996 1489 1271 1554 ultimus
1317 1495 1537 1553 tamen
1588 1490 1746 1555 vitae
1798 1488 1949 1553 dies
2001 1508 2181 1554 mors
2219 1487 2532 1572 quaedam

324 1588 605 1655 fortunae
658 1597 765 1657 est
809 1591 1018 1658 etiam
1064 1591 1445 1657 manentis!
1530 1590 1714 1672 Quid
1763 1592 1963 1675 igitur
2011 1591 2250 1656 referre
2295 1597 2529 1674 patae,

317 1696 483 1755 ‘tune
511 1691 704 1758 illam
734 1694 1073 1760 moriendo
1104 1694 1395 1774 deseraS,
1428 1714 1517 1761 an
1546 1701 1612 1760 te
1641 1695 1764 1759 illa
1788 1693 2104 1779 fugiendo
2126 1694 2154 1755 ‘l
2179 1692 2203 1731 ⁸

382 1888 408 1911 ⁸·
443 1881 638 1945 Incipit-
651 1888 702 1933 te
719 1882 882 1949 iniquo
900 1886 1032 1935 oculo
1047 1884 1242 1935 imiter-i.
1435 1883 1458 1916 ὃ
1481 1884 1753 1936 Theatrum.
1924 1891 1944 1917 ⁰
1965 1881 2307 1934 Brevissimum
2328 1886 2529 1947 tempus.

315 1943 341 1976 ⁶
369 1947 669 1998 Constantis-

1247 2029 1601 2050 ‘mm‘

311 2122 412 2167 -6
447 2118 619 2170 ‘Haec
642 2135 768 2172 vera
789 2127 871 2171 est
890 2121 1077 2172 lectio:
1107 2122 1431 2186 prmtrinxst,
1453 2122 1506 2171 id
1530 2127 1632 2184 est,
1665 2120 1854 2171 leviter
1875 2127 1929 2171 et
1961 2119 2071 2169 sine
2105 2118 2278 2185 aliqua
2312 2117 2525 2168 laesione

211 2183 216 2188 ’
311 2190 406 2232 ant
429 2185 669 2247 periculo
702 2187 910 2249 tetigit:
947 2188 1013 2237 al.
1035 2186 1360 2251 perstrinxit!
1390 2188 1567 2238 Sitzm.
1599 2187 1802 2236 Thuan.
1826 2186 2042 2250 primus,
2065 2185 2199 2247 Reg.
2223 2198 2279 2233 et
2302 2190 2523 2247 uterque

309 2247 463 2298 Vict.
481 2252 819 2313 praestrinxit.-
850 2252 969 2302 edd.
1004 2252 1195 2314 Delpb.
1232 2259 1289 2301 et
1323 2253 1495 2303 Hack.
1531 2252 1935 2315 perstrinxit.—⁷
1970 2253 1985 2278 ‘
2008 2251 2138 2299 Nam
2175 2250 2267 2299 etsi
2301 2263 2415 2297 rara
2451 2253 2525 2297 est

307 2310 537 2363 fortuitis
556 2315 693 2366 rebus
710 2332 773 2367 m.
796 2316 872 2379 f.]
905 2318 1159 2382 Expunge
1189 2316 1247 2366 τὸ
1282 2318 1439 2378 rebus,
1476 2316 1814 2367 suadentibus
1852 2316 1985 2365 Mes·
2026 2315 2150 2366 edd.
2192 2313 2429 2364 Norimb.
2467 2319 2524 2361 et

307 2377 498 2429 Basil!
533 2378 808 2432 sinim—8
840 2383 857 2410 ‘
881 2382 978 2431 Illa
997 2398 1061 2432 au
1095 2387 1144 2432 te
1165 2381 1424 2447 fugiendo]
1458 2382 1602 2432 Haec
1615 2395 1682 2432 ex
1704 2382 1832 2431 Mes.
1853 2387 1909 2430 et
1930 2380 2014 2430 ed.
2041 2381 2182 2430 Flor.
2207 2379 2284 2430 ita
2316 2377 2521 2443 disponi

308 2442 548 2496 debent:
581 2445 663 2497 Aa
684 2452 732 2498 te
750 2446 899 2508 illas.
930 2446 1099 2499 Idem.
2512 2472 2515 2477 ·

1311 2548 1362 2599 N
1367 2544 1528 2598 01·AE

305 2657 723 2722 comparatione,
759 2658 961 2723 digitis,
998 2660 1246 2725 articulis,
1298 2663 1371 2712 la-

295 2732 468 2805 pillis»,
493 2738 585 2783 aut
606 2733 924 2798 quibuslibet
945 2737 1058 2787 aliis
1079 2736 1217 2788 notis
1234 2752 1373 2788 com-

300 2815 482 2873 putat,
507 2814 741 2859 utrorum
765 2810 925 2876 major
946 2812 1012 2862 sit
1043 2827 1259 2863 summa.

363 2883 379 2918 ¹
404 2886 553 2935 Nunc
592 2891 638 2935 te
654 2886 861 2951 primum
889 2888 1058 2939 liventi
1086 2890 1217 2938 oculo
1245 2902 1371 2952 prce-

295 2960 533 3025 strinxit]
588 2961 766 3013 Innuit
807 2964 1164 3029 Philosophia,
1190 2964 1373 3014 adver·

296 3038 516 3088 sitatem
539 3046 855 3103 praesentem
876 3040 1083 3091 Boethii
1103 3042 1259 3107 longe
1278 3041 1373 3091 mi·

295 3129 485 3181 norem
508 3129 622 3167 esse
655 3117 929 3181 praeterita
963 3119 1193 3183 ejusdem
1228 3134 1372 3184 pros·

296 3192 573 3255 peritate:
608 3194 756 3259 qu'asi
781 3194 953 3245 dicat:
988 3197 1220 3246 Fortuna
1243 3211 1275 3246 a
1296 3202 1372 3246 te-

296 3268 445 3318 neris
485 3269 634 3320 annis
671 3286 940 3337 prospera,
974 3287 1110 3323 nunc
1152 3273 1371 3324 adversa

297 3357 416 3393 esse
454 3344 662 3410 incipit,
704 3362 869 3413 eaque
906 3363 1011 3398 non
1052 3348 1231 3412 factiS,
1274 3348 1366 3400 sed

269 3420 455 3487 ⁸oculo
474 3428 680 3473 tantum
699 3425 982 3482 invidente,
1012 3440 1112 3476 nec
1138 3427 1371 3489 graviter

297 3498 532 3563 quidem,
578 3499 672 3552 sed
709 3501 1109 3565 perstringendo
1142 3502 1363 3564 leviter3

297 3574 428 3639 quin
470 3576 513 3625 si
564 3576 689 3642 quid
726 3578 1053 3629 intolerabile
1106 3579 1366 3643 videatur,

294 3652 430 3703 illud
454 3654 609 3705 citius
629 3661 943 3723 evanescet:
981 3671 1141 3722 quare
1166 3664 1182 3687 ‘
1204 3658 1248 3706 si
1268 3672 1361 3708 nu·

293 3744 500 3780 merum
522 3731 835 3798 modumque
849 3733 1085 3783 laetorum
1112 3733 1361 3783 tristium-

295 3820 362 3856 ve
396 3808 714 3873 consideres,
745 3809 915 3860 adbuc
952 3814 1006 3860 te
1042 3809 1248 3860 felicem
1270 3825 1359 3860 ne-

294 3874 423 3949 'gare
444 3900 547 3936 non
570 3886 776 3950 possis!

340 3970 379 3995 ¹¹¹
400 3956 527 4012 Vitoe
537 3962 747 4026 scenam]
766 3962 1172 4031 Scena,Graecis
1194 3963 1361 4029 σκηνὴ,

294 4036 674 4101 umbraculum,
695 4038 914 4102 primum
935 4037 1038 4089 fuit
1066 4054 1272 4090 camera
1293 4055 1359 4089 ex

293 4113 538 4165 arborum
578 4115 633 4164 in
673 4129 730 4165 se
767 4115 1067 4166 cubantium
1103 4117 1259 4166 ramis
1297 4130 1360 4167 ac

292 4188 584 4256 frondibus,
603 4189 716 4259 sive
737 4198 926 4241 natura
945 4192 1056 4241 sive
1086 4197 1199 4242 arte
1221 4206 1358 4242 com·

291 4267 483 4335 posita,
502 4269 561 4320 in
595 4281 717 4336 qua,
735 4283 895 4320 verno
915 4265 1205 4336 praesertim
1228 4274 1359 4321 tem·

1456 2674 1602 2725 pore,
1625 2676 1656 2711 a
1689 2658 1982 2725 pastoribus
2025 2657 2257 2708 carmina
2299 2654 2518 2706 diversis

1455 2737 1594 2786 sonis
1651 2734 2027 2785 cantabantur:
2083 2733 2222 2782 unde
2258 2731 2445 2795 Vir-gil.
2481 2745 2520 2781 ι.

1453 2813 1570 2862 AEn.
1585 2826 1658 2861 νε.
1678 2816 1790 2861 166.
1810 2812 1826 2839 ‘
1845 2810 2005 2871 Hinc,
2021 2815 2176 2873 atque
2196 2807 2334 2870 hinc,
2354 2813 2517 2857 vastae

1453 2904 1630 2954 rupeS,
1653 2887 1945 2951 geminique
1967 2887 2225 2935 minantur
2241 2885 2307 2934 In
2329 2885 2518 2935 coelnm

1453 2965 1680 3029 scopuli:
1736 2979 1949 3030 quorum
2000 2962 2094 3012 sub
2153 2961 2352 3011 vertice
2409 2961 2516 3012 late

1451 3042 1674 3108 AEquora
1692 3048 1810 3092 tuta
1827 3041 1983 3091 silent
2002 3056 2015 3088 ι
2052 3044 2160 3089 tum
2178 3038 2336 3104 sylvis
2357 3052 2516 3088 scena

1452 3121 1683 3170 coruscis
1707 3119 1964 3182 Desuper,
1985 3116 2319 3181 horrentique
2341 3121 2516 3164 atrum

1450 3213 1630 3250 nemus
1699 3197 1934 3247 imminet
1993 3193 2209 3245 umbra.’
2302 3193 2515 3244 Deinde

1450 3289 1609 3326 scena
1645 3273 1747 3324 fuit
1768 3273 2006 3324 occultus
2042 3270 2232 3321 theatri
2272 3270 2437 3332 locus„
2458 3269 2513 3318 in

1446 3366 1549 3417 quo
1571 3359 1794 3412 actores,
1816 3350 1923 3400 sive
1945 3348 2120 3399 aulaeis
2142 3348 2251 3398 sive
2272 3347 2386 3397 aliis
2403 3346 2514 3412 qui-

1447 3427 1664 3478 busdam
1706 3427 1832 3477 velis
1867 3425 2016 3489 teeti,
2042 3426 2208 3474 latere
2243 3423 2508 3474 solebant:

1445 3510 1709 3568 postremo
1746 3503 1920 3553 brevis
1952 3501 2043 3552 sed
2075 3502 2279 3565 integra
2316 3500 2512 3550 theatri

1445 3580 1602 3643 actio,
1636 3580 1690 3629 in
1723 3596 1827 3646 qua
1861 3581 2053 3644 saepius
2087 3578 2225 3628 idem
2257 3577 2408 3627 homo
2431 3577 2511 3626 di-

1443 3673 1622 3708 versas
1645 3672 1912 3723 personae,
1953 3659 2126 3708 tristes
2158 3657 2329 3714 modo,
2351 3655 2508 3705 modo

1442 3735 1590 3784 laetas
1611 3734 1722 3798 agit
1739 3750 1754 3784 ε
1788 3750 1890 3800 qua
1906 3735 2107 3784 ratione
2121 3733 2230 3782 vita
2247 3730 2506 3781 hominum

1444 3811 1548 3861 dici
1564 3818 1742 3876 potest
1756 3811 1771 3839 ‘
1785 3826 1940 3861 scena
1954 3810 1988 3860 ε’
2012 3812 2027 3840 ‘
2042 3825 2157 3859 cum
2176 3808 2345 3872 ipsum
2366 3821 2506 3870 saepe

1437 3888 1700 3938 hominem
1725 3889 1875 3938 velox
1904 3887 2034 3936 hora
2056 3881 2347 3946 dissolvat,'
2369 3890 2427 3933 et
2450 3883 2505 3933 in

1441 3965 1552 4016 vita
1568 3965 1789 4013 humana
1818 3963 1955 4013 laetis
1993 3960 2277 4013 succedant
2300 3958 2501 4019 tristia3

1440 4047 1500 4090 ut
1521 4039 1575 4089 in
1591 4039 1804 4103 mundo,
1838 4039 1943 4089 diei
1961 4054 2086 4101 noX,
2099 4037 2344 4101 Zephyro
2365 4034 2502 4085 Aus-

1439 4124 1542 4184 ter,
1560 4117 1934 4183 tranquillitati·
1942 4121 2222 4180 tempestas
2237 4111 2501 4166 succedit:

1438 4209 1540 4262 qua
1564 4194 1630 4245 de
1655 4207 1713 4243 re
1730 4193 1970 4260 sequitur
1991 4205 2223 4247 carmen.
