3049 4928
994 406 1514 459 rumosol’mae
1569 400 1639 457 m
1649 408 1710 458 B.
1758 409 1806 457 Is

2418 395 2507 461 61

294 548 495 616 Venit
514 551 705 616 enim
731 559 1083 638 properata
1104 553 1302 619 malis
1329 554 1603 639 inopina
1628 557 1983 632 senectus)¹

380 652 469 719 Et
500 653 702 719 dolor
729 661 995 720 aetatem
1014 655 1226 740 jussit
1264 657 1485 722 inesse
1516 675 1733 721 suam.

2422 659 2507 722 10

296 853 375 900 tar
394 865 521 902 nunc
537 854 788 904 adversam
796 851 1044 914 smmum
1072 854 1196 904 senis
1217 854 1382 904 tristis.
1455 854 1586 903 Nam
1604 857 1813 904 senectus
1834 852 2076 914 festinata
2093 855 2336 917 oemmnis,
2354 871 2507 907 acces-

296 916 359 965 sit
379 917 497 966 mihi
518 916 796 985 improvisa,
825 925 873 970 et
893 934 1064 970 moeror
1081 918 1242 984 effecit
1262 925 1315 969 ut
1337 924 1456 969 oetas
1475 933 1560 968 sua
1581 924 1700 969 esset
1722 918 1775 967 iu
1794 934 1885 971 me.
1970 920 2185 971 Canities
2218 927 2509 986 proematura

1292 1026 1518 1077 NOTAE

294 1120 379 1183 do,
410 1127 471 1172 ut
494 1123 727 1189 reliquas
749 1123 979 1189 ejusdem
999 1125 1238 1176 vocabuli
1262 1125 1362 1190 syl-

293 1198 435 1251 labas
458 1202 725 1252 sustinere
753 1202 947 1266 possit:
982 1206 1222 1268 exempla
1243 1212 1364 1255 sunt

295 1276 476 1342 cuique
493 1278 688 1329 obvia:
745 1280 894 1345 Virg.
926 1282 1041 1334 AEn.
1075 1297 1152 1333 sv-
1182 1299 1258 1333 vs.
1278 1282 1362 1333 64.

292 1351 308 1378 ⁴
327 1350 641 1403 Pectoribus
675 1355 877 1407 inhians
913 1358 1165 1422 spirantia
1186 1374 1365 1410 consu-

291 1427 353 1478 lit
384 1429 543 1479 exta!
612 1431 824 1482 Deinde
855 1434 1235 1486 observandum
1258 1436 1362 1486 dis·

291 1505 502 1568 crimen,
536 1508 683 1574 quod
721 1510 951 1560 nonnulli
988 1519 1187 1576 ponunt
1222 1511 1364 1562 inter

287 1586 303 1613 ‘
314 1587 616 1651 juventus,'
640 1590 656 1619 ‘
670 1591 955 1655 juventas‚'
985 1600 1041 1641 et
1062 1593 1313 1658 ‘juventa
1330 1592 1363 1643 ι’

290 1678 398 1714 nam
437 1666 758 1733 ‘juventus,’
794 1667 1054 1734 inquiunt,
1076 1676 1159 1720 est
1189 1670 1364 1721 multi-

289 1739 410 1789 t'ndo
433 1742 720 1806 Juvenum,
761 1743 777 1772 ‘
794 1744 1073 1808 juventas’
1111 1752 1195 1796 est
1227 1749 1366 1808 Dea,

291 1823 344 1867 et
362 1823 378 1846 ‘
388 1817 626 1883 juventa
641 1817 657 1842 '
681 1826 844 1871 aetas:
878 1822 970 1872 sed
988 1823 1101 1872 haec
1117 1837 1221 1873 non
1244 1837 1366 1873 con-

289 1899 456 1947 stant:
491 1910 623 1945 uam
637 1896 911 1947 Sallustius
922 1897 1254 1961 juventutem
1272 1913 1363 1949 vo·

291 1971 422 2022 cavit
442 1978 686 2023 aetatem.
743 1965 1016 2024 Postremo
1039 1976 1365 2026 observanda

293 2054 412 2098 aetas
427 2047 668 2111 Boethii,
684 2050 774 2114 qui
786 2051 1017 2115 quamvis
1035 2051 1120 2102 hic
1139 2052 1360 2116 seipsum

292 2121 432 2175 dicat
463 2140 670 2189 senem,
705 2133 813 2176 tum
859 2134 1056 2188 tamen,
1094 2143 1211 2178 cum
1250 2128 1362 2179 haec

294 2201 574 2266 scriberet,
591 2203 820 2252 nondum
845 2203 1094 2268 attigerat
1117 2205 1364 2270 quinqua·

293 2278 544 2340 gesimam
581 2279 752 2329 oetatis
789 2295 896 2331 sum
928 2295 1148 2331 annum:
1199 2297 1358 2347 prop-

297 2358 435 2404 terea
468 2355 628 2405 addit
683 2369 742 2404 se
783 2371 888 2406 non
939 2362 1044 2405 tam
1091 2372 1362 2422 annornm,

295 2443 440 2494 quam
459 2445 815 2482 aerumnarum
836 2432 968 2484 serie
987 2434 1212 2484 senuisse
1235 2435 1326 2485 sic.

351 2516 377 2551 ⁸
406 2509 560 2559 Venit
700 2511 935 2575 senectus]
974 2510 1252 2561 Rationem
1289 2509 1363 2559 af-

293 2580 390 2632 fert
406 2583 696 2648 Boethius,
728 2600 823 2635 cur
855 2600 911 2635 se
938 2586 1134 2635 dixerit
1168 2601 1364 2637 senem.

293 2659 551 2710 Senectus
575 2662 787 2725 quippe,
815 2677 930 2727 quae
963 2669 1177 2713 auctore
1193 2664 1362 2713 Tullio

292 2734 495 2785 definiri
520 2744 702 2799 potest
738 2739 754 2766 ‘
779 2752 987 2788 occasus
1024 2737 1186 2801 vitae,'
1207 2755 1273 2789 ex
1297 2754 1362 2789 eo

293 2813 571 2876 contingit,
587 2814 724 2877 quod
757 2813 923 2875 fibris,
946 2829 1013 2864 ex
1036 2815 1219 2880 quibus
1243 2815 1362 2865 soli-

293 2886 368 2935 dae
390 2888 633 2951 corporis
659 2888 872 2938 animati
894 2896 1070 2952 partes
1104 2896 1365 2952 constant,

295 2963 590 3026 retardatis,
628 2964 827 3014 eaedem
869 2971 1045 3029 partes
1084 2966 1264 3016 solidae
1296 2965 1363 3016 ad

296 3034 492 3091 tantam
518 3040 766 3091 duritiem
806 3044 1133 3107 perveniant,
1164 3049 1225 3093 ut
1259 3058 1363 3092 non

294 3116 445 3167 modo
467 3131 572 3166 non
611 3123 873 3179 crescant,
910 3118 1004 3167 sed
1040 3132 1138 3168 nec
1177 3118 1362 3167 nutriri

297 3193 516 3257 possint.
584 3192 726 3243 Hinc
744 3193 980 3257 canities,
1004 3207 1160 3257 rugae,
1182 3200 1236 3242 et
1256 3200 1362 3243 tre·

296 3283 404 3320 mor
421 3271 682 3326 oriuntur.
747 3270 979 3321 Canities
1003 3271 1211 3335 quidem
1231 3286 1263 3321 a
1285 3285 1365 3321 se·

296 3345 508 3397 nectute
545 3346 729 3409 oritur,
763 3346 908 3412 quod
941 3362 1145 3411 succus,
1171 3362 1237 3397 ex
1260 3362 1364 3412 quo

297 3421 640 3487 fiuntcapilli,
659 3424 826 3473 minus
845 3430 1014 3488 actus,
1034 3424 1365 3488 corpusculo·

297 3510 406 3547 rum
450 3497 799 3548 rotundorum
862 3498 1081 3563 figuram
1145 3499 1317 3549 induit
1346 3516 1360 3549 ε

300 3581 578 3638 propterea
611 3572 748 3623 enim
783 3575 1058 3624 albescunt
1091 3574 1202 3636 nix,
1248 3589 1363 3635 ova,

299 3652 496 3713 charta,
524 3652 693 3716 ipsum
731 3651 890 3702 etiam
923 3657 1267 3700 atramentum
1311 3651 1364 3700 in

300 3737 531 3789 spumam
552 3741 855 3777 conversum
882 3743 896 3777 ε
933 3732 1213 3791 propterea
1242 3740 1363 3775 can·

301 3801 519 3853 ‹lescuut
540 3803 702 3852 lintea
723 3802 831 3853 rori
861 3803 1071 3868 Solique
1092 3802 1359 3866 exposita:

299 3876 413 3929 hinc
437 3879 482 3928 si
504 3878 689 3928 eadem
711 3879 1012 3943 capillorum
1035 3879 1272 3940 materia,
1288 3892 1363 3927 re·

302 3959 549 4016 cuperato
582 3968 676 4003 suo
714 3954 933 4019 pristino
959 3962 1125 4016 motu,
1155 3957 1285 4005 hanc
1304 3955 1361 4005 fi-

305 4042 476 4090 guram
493 4036 682 4091 mutet,
704 4030 921 4079 canities
945 4030 1155 4080 exuitur
1176 4048 1189 4080 z
1231 4041 1289 4080 ut
1312 4031 1363 4079 in

303 4105 362 4154 iis
401 4103 682 4169 aliquando
720 4105 958 4169 contigit,
994 4105 1087 4170 qui·
1114 4107 1366 4157 valetudi-

303 4181 379 4230 nis
410 4181 536 4232 vitio
579 4188 881 4231 canuerant.
948 4182 1110 4246 Rugae
1141 4183 1296 4233 etiam
1337 4198 1367 4233 a

304 4263 570 4308 senectute
581 4257 822 4320 oriuntur
843 4272 857 4306 ε
893 4257 1030 4321 quod
1043 4256 1191 4308 tibrae
1215 4259 1369 4322 cutis,

1445 1138 1564 1191 quae
1599 1129 1753 1175 antea
1786 1130 1928 1175 motu
1964 1123 2379 1191 distendebatur,
2402 1143 2509 1180 mo.

1444 1213 1575 1256 ratae
1599 1207 1713 1256 aliae
1737 1206 1850 1257 aliis
1880 1208 1956 1258 sic
1986 1208 2307 1272 incumbant,
2327 1216 2388 1261 ut
2407 1213 2508 1261 sul-

1443 1293 1563 1332 cum
1601 1284 1855 1344 mentitae,
1885 1280 2084 1335 vultum
2121 1301 2271 1336 arare
2298 1284 2514 1337 videam

1445 1366 1550 1409 tur.
1618 1358 1860 1424 Denique
1895 1375 2044 1411 senes
2071 1368 2295 1414 tremere
2327 1365 2511 1427 solent,

1444 1443 1661 1502 propter
1679 1437 1903 1502 inopiam
1937 1438 2210 1503 spirituum
2240 1454 2272 1489 a
2291 1442 2510 1491 cerebro

1444 1528 1542 1578 per
1571 1528 1755 1564 nervos
1788 1512 2109 1566 diffusorum.
2175 1517 2389 1580 Duplex
2423 1531 2510 1567 au-

1445 1598 1554 1640 tem
1595 1598 1679 1642 est
1714 1598 1976 1655 senectus,
2014 1607 2204 1658 nempe
2243 1594 2512 1658 naturalis,

1445 1674 1502 1719 et
1519 1668 1751 1720 violenta
1771 1686 1785 1719 ε
1808 1669 1952 1733 prior
1966 1684 2235 1733 annorum,
2247 1672 2511 1734 posterior

1447 1759 1787 1796 aerumnarum
1803 1748 1958 1811 longa
1971 1747 2103 1796 serie
2125 1746 2317 1798 accidit
2333 1764 2349 1797 ε
2373 1748 2512 1801 unde

1448 1820 1605 1873 Ovid.
1630 1823 1666 1874 l.
1685 1836 1725 1872 ι.
1744 1822 1810 1871 de
1832 1824 1989 1875 Pont.
2006 1825 2088 1875 El.
2103 1830 2153 1875 5.
2216 1824 2367 1877 ‘Jam
2388 1825 2512 1876 mihi

1445 1896 1677 1948 deterior
1698 1899 1841 1949 canis
1874 1900 2172 1966 aspergitur
2201 1907 2350 1964 aetas,
2369 1902 2513 1955 Jam-

1442 1989 1544 2039 que
1569 1990 1710 2026 meos
1734 1978 1906 2026 vultus
1926 1992 2056 2040 ruga
2078 1979 2252 2028 senilis
2271 1986 2386 2029 arat
2404 2012 2417 2028 .
2431 2014 2445 2029 .
2464 2016 2477 2032 .
2496 2019 2511 2034 .

1443 2050 1711 2102 Confiteor
1736 2050 1911 2103 facere
1940 2054 2040 2103 hoc
2085 2068 2279 2105 annos:
2331 2055 2423 2105 sed
2455 2062 2513 2105 et

1444 2128 1613 2178 altera
1634 2141 1794 2179 causa
1816 2135 1917 2192 est,
1942 2128 2192 2179 Anxietas
2213 2131 2369 2180 animi
2393 2146 2515 2180 con·

1441 2203 1720 2268 tinuusque
1743 2205 1889 2254 labor
1907 2239 1946 2254 ..
1962 2238 2003 2255 ..
2026 2196 2122 2253 Me‘
2142 2220 2346 2269 quoque
2370 2205 2516 2255 debi-

1439 2279 1560 2329 litat
1580 2280 1741 2329 series
1775 2281 2021 2330 immensa
2056 2280 2319 2330 laborum:
2373 2276 2513 2331 Ante

1441 2369 1612 2404 meum
1641 2363 1844 2420 tempus
1886 2370 2045 2420 cogor
2077 2362 2136 2407 et
2175 2369 2284 2407 esse
2317 2357 2516 2407 senex!

1439 2430 1604 2498 Atqui
1625 2431 1879 2483 Boethius
1899 2446 2003 2482 non
2020 2431 2086 2481 de
2102 2446 2296 2482 annosa
2319 2447 2413 2483 sua
2435 2446 2515 2483 se-

1442 2515 1656 2558 nectute
1686 2509 2043 2573 conqueritur,
2078 2509 2121 2558 si
2158 2508 2367 2573 quidem
2400 2508 2513 2559 haec

1440 2600 1543 2634 nou
1583 2584 1771 2649 incipit
1819 2591 1940 2635 ante
1977 2599 2167 2634 annum
2214 2586 2336 2635 vitae
2373 2586 2517 2650 quin-

1442 2661 1816 2726 quagesimum,
1836 2676 1990 2726 quem
2013 2660 2241 2710 nondum
2266 2662 2516 2725 attigerat

1444 2736 1727 2797 Boethius3
1772 2737 1976 2801 quando
1993 2738 2107 2785 haec
2132 2737 2373 2801 scripsit:
2420 2736 2515 2786 sed

1444 2811 1509 2860 de
1563 2824 1850 2861 aerumnosa
1894 2812 2057 2860 solum
2108 2826 2201 2860 sua
2241 2817 2516 2861 senectute

1442 2888 1529 2938 hle
1572 2887 1820 2952 loquitur,
1862 2902 2013 2952 quam
2052 2887 2252 2938 idcirco
2300 2887 2432 2938 dicit
2467 2894 2515 2940 1.

1441 2966 1808 3031 ‘properatum
1843 2963 2027 3026 malis,’
2081 2963 2218 3028 quod
2266 2978 2513 3013 aerumnae

1441 3043 1641 3094 fuerint
1689 3043 1827 3093 illius
1872 3042 2159 3092 senectutis
2203 3055 2407 3091 causae:
2460 3044 2512 3091 2.

1443 3120 1745 3184 ‘inopinam
1765 3119 1798 3179 ;’
1835 3119 1973 3183 quod
1997 3119 2109 3167 haec
2142 3124 2266 3166 ante
2309 3122 2514 3180 tempus

1445 3195 1685 3246 affuerit:
1722 3199 1772 3245 3.
1815 3197 2061 3243 ‘aetatem
2111 3192 2339 3254 doloris,’
2374 3191 2512 3257 quod

1444 3288 1563 3323 cum
1599 3279 1727 3322 aetas
1758 3271 1932 3321 senilis
1972 3271 2201 3321 dolorem
2226 3269 2410 3320 afferre
2435 3285 2515 3319 so-

1444 3350 1571 3414 leat,
1605 3346 1759 3397 dolor
1780 3346 2005 3398 Boethio
2032 3346 2273 3395 attulerit
2306 3352 2515 3396 aetatem

1445 3424 1678 3475 senilem:
1701 3423 1819 3473 hinc
1836 3423 2056 3473 canities
2073 3422 2284 3473 Boethii
2301 3429 2524 3488 vocatur

1445 3503 1460 3531 ‘
1478 3499 1883 3564 intempestiva,’
1911 3498 2048 3564 quod
2072 3499 2248 3561 exilio,
2282 3512 2516 3561 carcere,

1444 3579 1736 3642 ceterisque
1788 3576 2171 3626 calamitatibus
2226 3574 2515 3624 acciderit:

1445 3652 1875 3721 quemadmodum
1893 3652 2139 3717 Scaliger.
2153 3650 2385 3700 Exercit.
2402 3655 2518 3702 312.

1443 3732 1499 3781 in
1545 3730 1767 3780 Cardan.
1838 3733 2037 3789 narrat,
2089 3726 2344 3792 quendam
2398 3727 2519 3776 sub·

1443 3807 1518 3856 ito
1564 3806 1746 3856 mortis
1793 3812 1993 3855 terrore
2029 3808 2329 3867 correptum
2366 3803 2518 3852 unius

1442 3881 1615 3932 noctis
1653 3880 1821 3945 spatio
1860 3880 2120 3930 canuisse.
2188 3879 2317 3947 Cum
2359 3893 2517 3943 porro

1447 3957 1689 4019 canities,
1714 3970 1877 4019 rugae,
1914 3961 1970 4004 et
2013 3962 2207 4004 tremor
2230 3955 2519 4004 senectutis

1447 4047 1552 4082 non
1576 4033 1744 4081 minus
1782 4045 2084 4081 aerumnosae
2120 4044 2272 4094 quam
2306 4043 2517 4079 annosae

1447 4112 1556 4161 sint
1590 4112 1825 4170 comites,
1885 4118 2168 4173 propterea
2220 4108 2403 4157 horum
2453 4106 2516 4154 fit

1447 4189 1645 4238 mentio
1661 4187 1892 4237 versibus
1909 4190 1987 4235 11.
2002 4192 2056 4234 et
2068 4190 2147 4235 12.
2168 4183 2308 4249 quasi
2325 4182 2519 4231 fuerint

1449 4260 1616 4314 effoeti
1655 4261 1886 4327 corporis
1923 4259 2131 4311 effecta.
2200 4257 2405 4321 Nempe
2442 4255 2518 4310 ef-
