3049 4928
1132 370 1440 448 noman
1488 362 1689 420 vt'rA.
1995 446 2000 447 γ
2427 339 2518 425 33

318 514 612 601 Tyranni
630 517 1103 599 procuratores
1123 515 1534 584 indixerant:
1562 533 1708 579 eam
1729 512 1914 597 exigi
1935 513 2192 581 Consul
2210 535 2343 581 non
2366 533 2514 582 sus·

316 617 529 682 tinuit.
591 617 982 700 Triguillam
1006 637 1278 702 quoque
1307 619 1507 700 regiae
1532 618 1772 682 domus
1802 618 2239 702 praepositum
2271 620 2510 684 multo-

318 719 441 784 ties
463 721 553 785 ab
581 719 827 805 injuria
857 718 1118 804 dejecit,
1141 726 1210 786 et
1239 721 1675 804 Conigastum
1696 720 1998 785 fortunas
2022 721 2266 804 optimi
2296 722 2518 806 cujus-

320 839 445 906 que
462 822 912 888 insectantem
932 825 1372 906 compescuit.
1421 822 1643 888 Hisce
1667 823 1864 886 rebus
1886 821 2137 891 factum
2160 829 2266 887 est
2281 808 2355 887 ut
2378 823 2515 888 Re-

313 924 418 1005 gis
447 924 981 1007 indignationem
1001 924 1389 1001 incurreret,
1418 923 1962 1008 perditorumque
1989 925 2428 991 delationibus
2447 927 2520 993 in

238 1088 247 1091 ,
318 1027 592 1091 exilium
626 1026 1004 1109 pelleretur.
1093 1021 1574 1090 Accusationis
1616 1045 1877 1090 summa
1905 1026 2049 1095 haec
2091 1027 2256 1092 fuit:
2313 1025 2514 1106 Quod

313 1133 612 1193 senatum
649 1129 836 1194 laesae
886 1125 1264 1211 majestatis
1295 1135 1777 1194 accusaturum
1822 1129 2285 1211 prohibuerit3
2333 1131 2516 1213 quod

312 1230 400 1295 ad
427 1229 873 1296 Anastasium
900 1230 1366 1315 imperatorem
1399 1231 1625 1295 literas
1654 1231 1911 1295 miserit
1956 1231 2040 1295 de
2069 1233 2512 1316 recuperanda

319 1333 653 1399 libertate.
745 1332 1124 1411 DelatoreS,
1168 1333 1450 1416 perditis
1488 1332 1784 1397 moribus
1831 1333 2136 1397 homines
2179 1340 2317 1423 tres
2346 1336 2520 1399 exti-

314 1439 555 1517 terunt3
607 1434 1037 1500 Gaudentius
1085 1440 1157 1498 et
1215 1434 1471 1518 Opilio,
1500 1440 1659 1498 tunc
1704 1435 1794 1498 ob
1837 1435 2220 1499 innumeras
2247 1436 2519 1518 fraudes

319 1537 521 1602 exilio
553 1536 889 1619 damnati,
917 1536 1376 1620 Basiliusque,
1404 1535 1665 1622 pridem
1704 1555 1747 1600 a
1789 1538 2254 1621 procuratione
2283 1536 2523 1602 domus

312 1640 507 1722 regiae
555 1639 886 1723 dejectuS,
933 1638 1416 1723 obaeratusque
1457 1640 1836 1723 plurimum.
1926 1639 2296 1722 Purgasset
2321 1640 2529 1705 facile

313 1739 670 1807 Severinus
733 1740 998 1826 objecta
1065 1742 1364 1820 crimina,
1425 1743 1486 1806 si
1547 1756 1780 1807 coram
1826 1740 2161 1806 delatores
2207 1740 2521 1822 arguendi

314 1843 612 1909 facultas
665 1844 799 1908 sibi
848 1864 890 1908 a
943 1843 1371 1911 Theoderico
1428 1843 1585 1909 data
1617 1843 1876 1909 fuisset.
1963 1843 2097 1907 Sed
2148 1844 2256 1909 vel
2308 1845 2521 1909 iratus

319 1947 618 2012 oblatam
648 1946 781 2011 sibi
811 1946 1090 2010 ultionis
1119 1947 1541 2012 occasionem
1573 1949 1905 2025 amittere,
1947 1947 2054 2012 vel
2095 1947 2443 2030 improbus
2481 1966 2525 2010 a

315 2066 384 2112 se
414 2048 795 2113 excitatam
832 2046 1232 2112 calumniam
1266 2047 1633 2113 dissolvere
1663 2049 1898 2113 noluit.
1994 2046 2256 2114 Absens
2290 2050 2522 2132 itaque

313 2151 432 2229 vir,
460 2156 530 2216 et
554 2151 909 2230 inuocem,
941 2156 1012 2215 et
1031 2149 1297 2232 grandis
1327 2156 1491 2214 natu
1522 2149 1876 2228 Boethius,
1895 2150 2223 2214 malorum
2253 2151 2525 2235 conspi-

311 2253 576 2317 ratione
609 2252 945 2334 relegatus
972 2255 1116 2332 est3
1160 2271 1288 2316 nec
1321 2270 1364 2315 a
1407 2253 1652 2317 bonis
1633 2272 1703 2315 1n
1728 2254 1949 2337 patria
1989 2260 2312 2331 retentus,
2333 2252 2522 2318 Tici-

313 2373 465 2419 num
508 2355 814 2432 secessit,
838 2354 1123 2418 urbem
1103 2374 1176 2417 ιιι
1207 2354 1609 2420 Insubribus
1637 2355 1956 2439 positam,
1978 2361 2046 2418 et
2067 2355 2200 2424 sibi
2228 2374 2272 2419 a
2299 2358 2524 2438 tyran-

312 2477 399 2522 no
428 2457 929 2543 praescriptam.
1017 2456 1101 2523 In
1129 2475 1331 2541 quam
1361 2458 1558 2522 simul
1591 2463 1797 2541 atque
1828 2459 2032 2535 venit,
2068 2477 2204 2541 quo
2236 2458 2522 2540 posteris

316 2559 524 2625 etiam
570 2560 1021 2625 innocentiam
1070 2579 1266 2625 suam
1315 2562 1646 2643 cognitam
1691 2562 1964 2639 faceret,
2011 2559 2523 2649 pulcherrimum

313 2661 479 2727 illud
530 2662 618 2726 de
670 2660 1149 2727 Consolatione
1205 2663 1536 2741 volumen,
1586 2662 1976 2727 Ciceronem
2018 2663 2338 2738 imitatus,
2369 2681 2525 2725 con·
2604 2716 2608 2721 .

319 2764 614 2847 scripsit.
702 2761 884 2827 Nam
917 2764 1097 2829 sicut
1146 2765 1289 2842 ille,
1321 2784 1459 2846 quo
1492 2764 1650 2828 filiae
1683 2764 2087 2828 desiderium
2133 2763 2408 2839 levaret,
2439 2762 2524 2826 de
2569 2841 2572 2844 .

315 2862 711 2932 Animorum
740 2865 1251 2931 Immortalitate
1299 2865 1711 2949 disceptanS,
1758 2864 2054 2930 Tulliam
2100 2864 2558 2947 supervivere.
2643 2851 2646 2856 ⁶

315 2973 680 3050 monstrat:
757 2968 858 3033 ita
915 2969 1278 3033 Severinus
1338 2969 1423 3032 de
1478 2967 1659 3032 falso
1705 2973 1771 3033 et
1822 2985 1986 3032 vero
2032 2966 2253 3043 Bono,
2298 2960 2550 3047 deque'

319 3067 761 3135 Providentia
791 3071 1116 3155 disputat,
1148 3078 1216 3135 et
1247 3070 1474 3135 omnia
1503 3071 1847 3135 voluntate
1873 3067 2103 3132 divina
2125 3066 2524 3142 *mortalibus

318 3172 589 3236 evenire
643 3170 969 3238 declarat.
1057 3171 1318 3239 Verum
1351 3174 1419 3237 in
1447 3193 1530 3237 eo
1564 3173 1771 3256 opere
1807 3169 2045 3252 Cicero
2101 3188 2363 3258 carmen
2392 3188 2526 3233 non

325 3274 567 3355 attigit.
652 3273 989 3340 Boethius
1021 3282 1372 3360 utramque
1398 3274 1771 3358 orationem
1821 3272 2175 3348 admiscet,
2204 3277 2404 3354 atque
2431 3270 2527 3335 ita

324 3373 675 3454 admiscet,
705 3383 785 3441 ut
813 3376 1012 3442 facile
1039 3376 1397 3460 unicuique
1428 3373 1767 3452 ostendat,
1792 3373 2127 3455 ingenium
2152 3372 2304 3449 sibi,
2333 3371 2528 3455 quic-

324 3475 481 3558 quid
515 3481 869 3555 tentasset,
899 3497 1234 3561 nunquam
1262 3477 1583 3541 defuisse.
1671 3476 1809 3541 Sed
1840 3476 2002 3559 quid
2046 3474 2332 3538 naturali
2364 3473 2525 3537 Phi-

327 3573 639 3661 losophia
667 3578 1005 3644 difficilius
1028 3579 1059 3641 Ἰ
1107 3578 1267 3662 quid
1301 3579 1694 3643 Dialectica
1725 3578 2068 3662 spinosius
2096 3578 2127 3640 Ἰ
2175 3583 2247 3640 at
2275 3582 2525 3640 utram·
2589 3664 2593 3668 .

316 3696 452 3761 sque
481 3679 916 3763 disciplinam
948 3682 1048 3746 sic
1073 3682 1372 3750 oratione
1395 3702 1521 3756 sua
1550 3688 1951 3766 pervagatus
1980 3682 2216 3757 est,.ut
2243 3677 2528 3743 abditis-

330 3777 498 3845 sima
549 3800 840 3866 quaeque
888 3783 1107 3847 cuivis
1150 3790 1417 3865 promta
1442 3782 1839 3865 reddiderit.
1928 3779 2167 3863 Neque
2216 3798 2384 3844 vero
2419 3799 2525 3843 se·-

328 3878 570 3950 lectum
602 3901 809 3947 unum
834 3882 1104 3967 aliquod
1134 3888 1582 3966 argumentum
1607 3884 1922 3948 oratione
1945 3886 2373 3945 consectatus
2401 3886 2527 3956 est,

331 3984 447 4048 sed
480 3984 947 4069 Philosophiae
970 3986 1340 4069 penetralia
1361 3989 1720 4067 ingressuS‚
1743 4005 1827 4049 ea
1856 3984 2121 4048 Latinis
2141 3982 2527 4047 hominibus

331 4085 581 4166 primus
639 4088 961 4152 reseravit
1010 4107 1162 4172 quae
1224 4088 1552 4172 princeps⁴
1596 4083 1997 4151 Aristoteles
2067 4085 2148 4149 de
2204 4083 2527 4152 industria

333 4186 633 4270 pluribus
660 4188 1132 4255 occultaverat.
1221 4186 1377 4268 Qua
1405 4188 1578 4252 inre
1629 4188 1919 4272 optimos
1948 4205 2254 4271 quosque
2281 4203 2529 4260 consu·-

458 4300 636 4367 Delph.
651 4308 699 4355 et
722 4301 837 4354 ναν.
863 4304 993 4355 Clas.
1359 4303 1535 4354 Bo‘e‘th.
2354 4300 2398 4349 C
