3049 4928
453 396 583 462 486

454 555 655 606 darium
699 555 1019 620 expendunt,
1069 562 1125 606 et
1167 554 1376 604 sinistra
1419 547 1532 617 per'

454 633 682 698 singulos
715 631 903 696 digitos
927 631 993 682 de
1016 632 1180 682 saccis
1204 631 1414 695 singulis
1434 631 1511 680 lu-

454 709 549 759 dit.
620 708 718 759 Hae
742 716 863 759 sunt
885 709 1015 758 vires
1056 708 1366 768 ambitionis,
1398 714 1512 757 tan-

453 792 622 835 tarum
649 800 914 835 usurarum
941 784 1278 834 substantiam
1318 799 1418 833 uno
1456 789 1513 833 et

455 863 689 911 muliebri
708 862 1018 925 corpusculo
1043 859 1308 925 bajulare.’
1358 861 1513 910 Sene-

453 954 544 988 ca:
579 939 594 966 ‘
622 939 739 988 Non
766 939 891 987 satis
917 938 1178 987 muliebris
1200 936 1400 986 insania
1437 937 1509 985 vi-

452 1030 537 1064 ros
560 1015 869 1078 subjecerat,
901 1015 999 1064 nisi
1019 1015 1138 1064 bina
1163 1029 1224 1063 ac
1248 1021 1398 1063 terna
1423 1028 1512 1076 pa-

453 1091 692 1140 trimonia
736 1092 945 1140 auribus
984 1091 1197 1154 singulis
1236 1091 1509 1156 pependis-

452 1166 610 1217 sent.’
646 1168 866 1217 Bernart.

519 1244 675 1293 Rubri
717 1245 919 1309 littoris]
952 1245 1055 1295 Seu
1101 1245 1379 1309 Erythraei.
1446 1245 1508 1294 In

452 1334 515 1369 eo
537 1320 671 1369 enim
696 1322 823 1371 mari
846 1322 1304 1385 praestantissimos
1327 1320 1506 1384 forma,

450 1397 815 1460 crassitudine,
848 1406 904 1447 et
923 1398 1099 1447 colore
1122 1398 1336 1447 uniones
1363 1397 1507 1450 inve-

451 1473 548 1521 niri
591 1474 774 1524 scribit
811 1475 1010 1523 Plinius
1050 1490 1162 1538 cap.
1184 1478 1267 1523 ³5.
1301 1474 1393 1523 lib.
1424 1487 1507 1522 lx.

451 1549 476 1583 ‘1
493 1549 771 1611 Praecipue
794 1557 964 1599 autem
986 1549 1295 1612 laudantur,’
1319 1549 1507 1613 inquit,

452 1626 469 1654 ‘
494 1625 631 1675 circa
658 1625 899 1675 Arabiam
937 1627 988 1675 iu
1016 1626 1233 1675 Persico
1256 1626 1367 1674 sinu
1393 1627 1507 1674 Ma-

451 1701 521 1750 ris
547 1702 741 1752 Rubri.’
779 1703 951 1751 Testis
966 1702 1228 1752 Tibullus:
1262 1705 1277 1730 ‘
1302 1702 1506 1753 Quidve

452 1778 504 1828 in
529 1780 799 1842 Erythraeo
823 1779 1014 1842 legitur
1045 1793 1161 1842 quae
1185 1778 1362 1827 littore
1386 1793 1507 1826 con·

451 1856 547 1903 cha
561 1853 595 1903 ?’
663 1854 812 1904 Unde
853 1855 1044 1917 passim
1082 1853 1215 1904 λίθος
1249 1855 1509 1919 Ἐρυθραῖος

452 1931 657 1982 dicitur.
700 1930 873 1979 Vallia.

520 2008 678 2057 Rubri
719 2006 902 2069 litoris]
937 2007 1003 2058 Q.
1049 2006 1278 2069 Curtius,
1321 2007 1409 2058 lib.
1452 2022 1509 2058 Χ.

449 2086 465 2112 ‘
487 2085 678 2134 Cetera
692 2083 873 2132 incolis
893 2082 1216 2133 crediderat:
1241 2085 1376 2133 inter
1391 2099 1506 2149 quae

452 2162 683 2211 Rubrum
703 2161 854 2210 Mare
872 2176 969 2210 non
994 2176 1023 2209 a
1042 2161 1213 2210 colore
1236 2160 1512 2222 undarum,

450 2244 512 2287 ut
527 2238 763 2303 plerique
783 2237 1077 2299 crederent,
1093 2237 1185 2286 sed
1204 2238 1267 2286 ab
1285 2238 1508 2301 Erythro

450 2330 578 2379 rege
600 2313 887 2380 appellari!
952 2315 1244 2364 Martianus
1270 2314 1508 2377 Capella,

451 2391 542 2441 lib.
566 2405 644 2441 v1.
710 2393 796 2441 De
822 2392 988 2455 Nupt.
1011 2391 1150 2440 Phil.
1184 2392 1199 2419 ‘
1230 2390 1385 2439 Ultra
1407 2390 1509 2439 Pe·

450 2469 701 2519 lusiacnm
737 2469 922 2518 ostium
946 2468 1141 2518 Arabia
1169 2475 1271 2530 est,
1304 2468 1369 2516 ad
1408 2468 1509 2516 Ru·

452 2546 600 2595 brum
646 2546 947 2610 pertingens
992 2546 1162 2606 Mare,
1196 2543 1331 2608 quod
1383 2544 1509 2608 Ery-

449 2622 670 2671 thraeum
709 2622 775 2670 ab
807 2621 1032 2684 Erythro
1065 2635 1208 2683 rege,
1241 2621 1418 2669 Persae
1454 2625 1511 2669 et

448 2697 795 2772 1>ndromedae
838 2696 963 2760 filio,
994 2699 1300 2758 vocitatum,
1347 2711 1377 2745 a
1423 2711 1507 2746 co-

450 2775 560 2824 lore
582 2775 739 2824 etiam
756 2774 947 2825 dictum
966 2774 1196 2823 rubrum.
1239 2773 1374 2823 Nam
1393 2772 1508 2823 fons

452 2858 536 2901 est
572 2851 625 2901 in
664 2853 834 2915 litore,
865 2864 1019 2916 quem
1053 2865 1172 2898 cum
1204 2864 1388 2912 greges
1435 2850 1510 2898 bi·

450 2926 644 2991 berint,
673 2927 726 2976 in
764 2927 972 2976 rubrum
1006 2926 1230 2975 colorem
1253 2924 1509 2986 incipiunt

449 3010 653 3053 mutare
673 3002 855 3052 lanas.'
899 3003 1101 3052 Seneca
1120 3001 1174 3051 in
1194 3001 1408 3064 Thyest.
1431 3016 1507 3051 vs.

450 3083 566 3131 37⁰.
618 3080 635 3108 ‘
668 3081 775 3132 Qui
820 3079 961 3129 rubri
1006 3077 1137 3128 vada
1182 3078 1367 3140 litoris,
1401 3076 1510 3127 Aut

451 3157 666 3220 gemmis
700 3170 846 3206 mare
881 3155 1109 3205 lucidum
1140 3155 1271 3204 Late
1302 3154 1509 3217 sangui-

450 3247 604 3280 neum
623 3237 840 3283 tenent.’
874 3232 1113 3301 Tibullus
1130 3232 1217 3281 lib.
1237 3245 1312 3279 ιν.
1336 3230 1509 3279 Carm.

450 3313 500 3357 2.
520 3310 535 3335 ‘
556 3309 904 3373 Quascunque
921 3309 1070 3372 niger
1093 3307 1249 3357 rubro
1274 3307 1339 3355 de
1356 3307 1510 3355 litore

450 3385 671 3433 conchas
698 3385 972 3434 Proximus
992 3384 1112 3433 Eois
1131 3384 1329 3446 colligit
1350 3383 1509 3433 Indus

453 3460 639 3525 aquis.’
674 3462 850 3510 Sitzm.

525 3538 745 3601 Ruraque
764 3542 955 3586 centeno
983 3537 1170 3586 scindat
1199 3537 1354 3600 opima
1376 3536 1511 3601 bove]

450 3614 649 3663 Seneca
683 3616 737 3662 in
771 3614 964 3664 Troad.
1004 3627 1152 3662 versu
1190 3617 1334 3663 1020.
1368 3615 1383 3641 ‘
1410 3615 1511 3663 Re·

449 3697 660 3738 moveto
707 3697 917 3739 centum
961 3691 1103 3739 Rura
1145 3689 1233 3753 qui
1275 3689 1515 3741 scindant

449 3767 693 3830 opulenta
715 3766 894 3829 bobus,
914 3765 1144 3830 Pauperi
1166 3774 1380 3829 surgent
1403 3767 1510 3815 ani-

1142 409 1354 461 80¹1·AE
1403 410 1805 459 VARIORUM
1856 411 1937 459 IN

1588 552 1815 613 Ironice,
1857 558 1917 602 nt
1956 551 2108 616 solet,
2148 550 2421 603 Juvenalis
2458 550 2655 614 Satyra

1590 642 1710 678 xiv.
1735 628 1750 655 ‘
1771 627 1986 678 Scilicet
2008 634 2063 678 et
2086 627 2278 677 morbis
2300 635 2357 678 et
2381 627 2656 677 debilitate

1588 706 1811 768 carebis,
1826 707 1896 756 Et
1915 707 2131 768 luctum,
2148 714 2202 756 et
2218 721 2392 755 curam
2413 703 2659 768 effugies,

1589 789 1643 830 et
1669 796 1900 846 tempora
1921 782 2044 832 vitae
2070 783 2247 844 Longa
2280 781 2377 831 tibi
2414 780 2656 844 posthaec

1586 855 1697 906 fato
1735 858 1951 908 meliora
1994 857 2292 907 dabuntur:
2338 856 2400 912 ,si
2447 861 2656 906 tantum

1588 935 1714 984 culti
1738 935 1875 983 solus
1898 934 2189 998 possederis
2221 933 2357 997 agri,
2385 934 2655 985 Quantum

1585 1013 1682 1061 sub
1697 1013 1848 1061 Tatio
1866 1012 2087 1075 populus
2106 1011 2371 1059 Romanus
2383 1005 2657 1058 babebat!

1586 1088 1754 1138 Varro
1774 1087 1881 1152 περὶ
1898 1092 2082 1149 γενεθλ.
2117 1089 2132 1113 ‘
2160 1087 2279 1136 Non
2303 1084 2365 1134 fit
2392 1083 2654 1132 thesauris

1583 1178 1686 1213 non
1730 1180 1855 1214 auro
1895 1172 2080 1228 pectus
2119 1163 2364 1221 solutum,
2399 1162 2522 1210 Non
2560 1158 2656 1207 de·

1585 1250 1728 1290 munt
1752 1242 1934 1291 animis
1956 1256 2105 1291 curas
2123 1256 2184 1289 ac
2202 1238 2504 1302 relligiones
2524 1236 2657 1284 Per·

1584 1336 1752 1369 sarum
1777 1327 1998 1383 montes,
2021 1334 2119 1368 non
2145 1318 2281 1367 atria
2303 1315 2485 1365 divitis
2507 1314 2653 1365 Croe·

1585 1397 1666 1448 si.’
1698 1399 1849 1448 Idem.

1650 1476 1783 1523 Cura
1818 1472 2038 1536 mor-dm]
2073 1472 2231 1522 ovid.
2274 1485 2312 1521 1.
2344 1470 2413 1519 de
2453 1463 2657 1530 Ponto,

1585 1551 1730 1614 Eleg.
1765 1556 1812 1602 l.
1845 1555 1860 1579 ‘
1896 1551 2022 1600 Mea
2066 1553 2349 1612 perpetuos
2406 1560 2651 1595 curarum

1585 1635 1798 1691 pectora
1854 1641 2052 1675 morsus
2097 1624 2226 1674 Fine
2272 1622 2463 1687 quibus
2506 1623 2664 1671 nullo.

1583 1702 1928 1752 conficiantur
1944 1700 2172 1751 hahent!
2215 1700 2421 1749 Cornel.
2436 1699 2624 1749 Gallus
2636 1714 2653 1747 z

1580 1779 1598 1807 ⁴
1618 1779 1868 1830 Jnrabam
1896 1779 2030 1828 curis
2063 1778 2287 1827 animum
2312 1776 2652 1826 mordacibus

1584 1855 1700 1906 uri!
1733 1858 1885 1906 Idem.

1649 1932 2029 1996 Defunctumque
2067 1933 2189 1981 leves
2231 1946 2323 1980 non
2360 1930 2653 1979 comitantur

1583 2011 1711 2074 opes]
1744 2009 2053 2075 Propertius
2074 2008 2165 2058 lib.
2188 2022 2276 2057 111.
2312 2007 2464 2070 Eleg.
2484 2011 2536 2056 6.
2572 2023 2651 2057 vs.

1585 2090 1667 2135 35.
1702 2088 1717 2115 ‘
1749 2087 1901 2135 Haud
1927 2087 2058 2135 ullas
2082 2083 2309 2149 portabis
2329 2097 2459 2147 opes
2476 2082 2650 2132 Ache-

1584 2163 1748 2212 rontis
1771 2162 1836 2211 ad
1877 2162 2062 2211 undas:
2104 2160 2289 2210 Nudus
2314 2159 2380 2208 ad
2421 2156 2652 2207 infernas

1585 2240 1743 2289 stulte
1768 2239 1955 2287 vehere
1977 2236 2151 2287 rates!
2216 2236 2336 2285 Huc
2376 2235 2651 2284 commode

1588 2316 1782 2366 referes
1811 2316 2143 2381 Epigramma
2177 2312 2420 2374 Ausonii,
2458 2314 2511 2360 in
2547 2328 2653 2377 qno

1585 2393 1847 2456 Diogenes
1894 2393 2124 2440 Croesum
2171 2390 2395 2439 omnium
2442 2390 2650 2453 Regum

1585 2469 1893 2520 ditissimum
1916 2468 2138 2518 deridet.
2173 2469 2323 2517 Idem.

1652 2548 1839 2597 PnosA
1861 2550 1910 2597 4.
1943 2547 2036 2595 Sed
2057 2543 2348 2606 dignitates]
2373 2544 2653 2596 Quomodo

1587 2623 1898 2672 Aristoteles
1930 2636 2052 2684 erga
2081 2621 2301 2669 honores
2335 2626 2391 2669 et
2425 2619 2652 2683 dignita-

1587 2705 1668 2748 tes
1692 2697 1905 2747 affeetus
1941 2696 2124 2758 fuerit,
2156 2696 2312 2746 docet
2335 2695 2519 2745 AElian.
2555 2695 2650 2751 lib.

1587 2788 1701 2824 xiv.
1737 2776 1939 2824 variar.
1962 2774 2165 2823 Histor.
2205 2789 2321 2837 cap.
2351 2778 2396 2822 1.
2429 2774 2586 2823 Idem.

1658 2853 1792 2901 Unde
1817 2852 2031 2900 Catullus
2053 2851 2166 2900 licet
2187 2850 2237 2898 in
2258 2850 2412 2898 curuli
2439 2849 2652 2899 Nouium

1584 2930 1836 2988 sedentem,
1870 2932 2102 2976 strumam
2137 2926 2368 2989 appellat]
2404 2926 2524 2974 Non
2558 2926 2653 2974 du-

1586 3004 1671 3053 bie
1724 3004 1968 3066 intelligit
2041 3002 2233 3052 Catulli
2305 3015 2508 3061 versus,
2565 3000 2653 3050 Ad

1587 3081 1809 3143 seipsum
1828 3080 1893 3127 de
1910 3081 2116 3128 Struma
2130 3085 2185 3128 et
2200 3078 2443 3126 Vatinio:
2478 3077 2494 3104 ‘
2509 3078 2651 3130 Quid

1588 3164 1690 3218 est,
1736 3157 1962 3216 Catulle,
2022 3154 2143 3220 quid
2191 3154 2408 3202 moraris
2453 3154 2656 3202 emori?

1585 3233 1726 3281 Sella
1749 3233 1799 3280 in
1827 3231 1990 3281 curuli
2013 3231 2219 3280 Struma
2238 3229 2439 3278 Nonius
2464 3227 2655 3278 sedet!

1588 3307 1660 3357 At
1686 3308 1948 3356 videamus
1975 3315 2167 3367 tamen,
2198 3320 2262 3354 ne
2287 3306 2544 3369 guttulam
2571 3306 2653 3355 hic

1587 3387 1814 3435 hauserit
1855 3400 1884 3435 e
1915 3384 2128 3435 flumine
2149 3385 2343 3434 Lethes
2379 3385 2459 3433 vir
2492 3383 2658 3433 maxi·

1587 3478 1729 3512 mus:
1766 3462 1957 3511 scimus
1981 3460 2188 3526 quidem
2212 3460 2468 3525 quodnam
2488 3460 2658 3510 morbi

1588 3555 1748 3603 genus
1783 3541 2024 3589 vitiumve
2047 3547 2242 3588 struma
2265 3544 2437 3598 notet,
2471 3537 2567 3587 sed
2601 3545 2659 3587 et

1588 3615 1714 3665 illud
1740 3630 1839 3664 non
1858 3615 2148 3679 ignoramus
2167 3615 2395 3664 Plinium
2415 3615 2483 3673 de
2500 3615 2661 3679 Opali

1589 3708 1790 3755 gemma
1835 3691 1922 3741 lib.
1968 3704 2194 3740 xxxvn.
2238 3705 2356 3755 cap.
2399 3696 2451 3740 6.
2493 3692 2656 3756 scrip-

1589 3769 1748 3818 sisse:
1785 3769 1801 3796 ‘
1824 3767 2090 3832 Siquidem
2112 3774 2260 3817 extat
2281 3767 2545 3833 hodieque
2568 3771 2660 3818 hu-

448 3845 520 3893 mi
552 3844 828 3907 jacentes!
861 3846 914 3894 in
955 3845 1246 3908 Hippolyto
1285 3859 1363 3894 vs.
1395 3848 1512 3894 497.
1578 3846 1667 3910 jus
1688 3845 1889 3910 generis
1913 3860 2132 3909 gemma,
2163 3851 2384 3909 propter
2405 3860 2560 3910 quam
2591 3847 2657 3896 ab

453 3923 469 3947 ‘
494 3921 666 3984 Fruge
699 3936 795 3971 nec
818 3921 983 3983 sparsi
1007 3936 1155 3971 sacra
1178 3921 1413 3971 Centena
1435 3921 1511 3970 ni·

448 3997 534 4046 vei
574 3999 711 4048 colla
745 3999 1054 4050 submittunt
1088 3998 1279 4048 boves.’
1345 4001 1512 4048 Enco-

449 4076 828 4126 miumnumeri
864 4078 1149 4127 centenarii
1179 4077 1338 4126 hahes
1370 4077 1509 4141 apud

450 4153 714 4204 Julianum
758 4154 1135 4219 Imperatorem
1192 4155 1363 4219 Epist.
1425 4159 1508 4205 24.

453 4230 604 4280 Idem.

519 4306 623 4357 Nec
643 4323 758 4358 curu
779 4311 977 4360 mordax
998 4307 1172 4358 deserit
1186 4307 1508 4373 superstitem]

1589 3924 1820 3974 Antonio
1844 3923 2168 3987 proscriptus
2202 3924 2405 3973 Nonius
2444 3932 2659 3974 senator

1589 4007 1688 4064 est,
1720 4000 1854 4049 filius
1879 4001 2106 4050 Strumae
2132 4001 2310 4064 Nonii,
2350 4001 2466 4065 ejus
2500 4017 2656 4067 quem

1590 4079 1825 4128 Catullus
1848 4078 2003 4140 poeta
2039 4077 2088 4124 in
2123 4077 2254 4126 sella
2287 4079 2454 4126 curuli
2491 4080 2655 4127 visum

1586 4154 1795 4218 indigne
1821 4153 1993 4204 tulit:’
2025 4162 2086 4204 ut
2121 4154 2311 4205 merito
2335 4155 2568 4220 ambigas
2591 4171 2654 4205 an

1588 4231 1699 4281 sine
1738 4232 1843 4281 ulla
1872 4231 2179 4294 metaphora
2200 4232 2458 4281 hominem
2497 4234 2657 4282 nomi·

1588 4307 1727 4357 narit
1747 4307 2001 4370 Catullus,
2023 4321 2084 4357 au
2108 4307 2380 4372 glandulas
2405 4322 2648 4374 respexe-
