3049 4928
568 420 868 471 801?an
917 418 1016 470 DE
1063 419 1370 469 coNsoL.
1413 417 1858 469 PHILOSOPH.
1910 420 2055 468 Lm.
2102 423 2212 470 111.

321 559 575 616 funditur:
616 568 694 619 sic
729 566 933 629 animae,
966 581 1067 632 qua
1099 564 1363 614 rationalis

317 642 781 706 intellectualisque
795 651 894 703 est,
916 645 968 692 in
989 643 1100 691 haec
1116 641 1365 691 inferiora

318 716 714 780 labenti,adesse
732 734 919 783 corpus
941 717 1085 778 illud,
1109 732 1196 767 seu
1214 717 1363 782 quasi

320 810 517 861 corpus,
555 800 765 848 coeleste
804 813 894 848 seu
934 798 1200 847 aetherium
1225 797 1365 844 vole·

319 873 462 923 bant:
520 865 656 939 quod
707 875 1060 924 tenuissimum
1117 888 1233 923 cum
1280 875 1367 936 sit,

311 958 456 1000 -recte
497 951 890 1015 simplicissimae
936 952 1120 1001 animae
1161 950 1365 1000 vehicu-

301 1025 414 1076 -lurn
430 1043 542 1078 esse
558 1030 942 1094 perhiberetur3
962 1029 1160 1093 quoilla
1178 1029 1366 1078 comite

317 1102 366 1151 in
402 1105 504 1154 Dei
542 1105 1047 1171 substantiarumque
1070 1103 1365 1169 intelligibi-

314 1178 431 1229 lium
449 1181 797 1239 cognitionem
815 1182 1101 1231 tolleretur.
1136 1182 1212 1230 Ea
1230 1181 1365 1229 enirn

315 1258 610 1320 separabilis
632 1274 663 1308 a
685 1272 905 1322 corpore
939 1273 1055 1306 cum
1095 1259 1183 1318 sit,
1217 1257 1366 1306 nihil·

303 1347 414 1395 -que
433 1335 804 1384 communionis
830 1334 1099 1397 utriusque
1137 1334 1365 1384 actiones

313 1410 552 1473 babeant,
573 1414 809 1477 sequitur
840 1414 911 1461 illi
947 1427 1134 1476 corpus
1154 1412 1363 1477 aliquod

314 1488 444 1536 aliud
468 1488 670 1551 adesse,
686 1489 821 1553 quod
838 1490 1059 1553 purioris
1081 1490 1149 1538 sit
1163 1497 1364 1539 naturae

315 1580 459 1629 quam
505 1574 790 1626 terrenum,
835 1566 973 1631 quod
1011 1567 1249 1617 nimirum
1295 1567 1365 1618 sit

309 1642 667 1707 intelligentiae
704 1659 888 1707 capax,
915 1651 970 1693 et
1004 1645 1263 1708 quandam
1288 1652 1363 1694 ta·

312 1734 422 1769 men
441 1720 741 1771 affinitatem
775 1735 892 1769 cum
914 1735 1133 1784 corpore
1158 1728 1366 1771 terreno

299 1795 510 1846 habeat.
574 1797 737 1861 Cujus
762 1798 946 1847 animae
968 1797 1262 1847 vehiculum
1282 1814 1366 1862 ag-

311 1874 472 1923 noscit
492 1889 697 1939 quoque
720 1872 1034 1923 Aristoteles
1048 1874 1114 1924 de
1133 1882 1368 1938 generat.

313 1950 461 2001 anim.
498 1953 632 2002 libro
666 1967 730 2002 11.
754 1968 873 2016 cap.
898 1957 946 2003 3.
985 1954 1069 2002 ubi
1093 1969 1281 2019 corpus
1303 1956 1366 2004 is·

312 2029 400 2078 tud
431 2030 657 2095 θειότερον
677 2033 771 2079 τῶν
786 2031 1077 2091 καλουμένων
1104 2031 1367 2096 στοιχείων,

305 2108 325 2134 ⁴
346 2106 493 2170 longe
516 2123 673 2172 qnam
705 2123 786 2167 ea,
825 2123 940 2173 quae
978 2117 1226 2160 vocantur
1261 2113 1366 2161 ele·

309 2192 499 2243 menta,
519 2184 749 2233 divinius
769 2184 784 2207 '
819 2186 1111 2236 constituit:
1147 2188 1243 2238 hoc
1267 2195 1365 2251 est,

310 2271 374 2307 ex
406 2261 629 2310 aethere:
681 2261 818 2310 unde
841 2262 965 2311 illud
1000 2263 1253 2328 Virgilius
1277 2264 1367 2315 lib.

293 2346 385 2383 -vx-
406 2336 422 2363 ‘
438 2337 739 2387 AEthereum
759 2339 990 2388 sensum’
1008 2348 1192 2390 vocat:
1217 2343 1232 2369 ‘
1253 2357 1367 2391 sen·

310 2412 450 2476 sum,'
482 2413 535 2463 id
578 2420 680 2478 est,
709 2416 1042 2466 elementum.
1108 2418 1178 2468 Et
1214 2419 1368 2483 longe

293 2499 426 2539 ante
448 2493 731 2555 Pacuvius,
755 2495 771 2522 ‘
795 2495 972 2543 Mater
1000 2502 1081 2545 est
1107 2497 1287 2558 Terra,
1308 2512 1371 2548 ea

293 2569 446 2629 -parit
466 2584 678 2634 corpus,
700 2570 922 2620 animam
939 2572 1100 2621 oether
1123 2573 1368 2637 adjugat.’

295 2643 622 2696 Aristoteles
669 2662 789 2697 vero
834 2655 988 2712 atque
1028 2650 1114 2698 alii
1159 2647 1371 2710 πέμπτον

310 2722 456 2781 σῶμα,
480 2725 721 2787 quintum
746 2724 1088 2786 elementum;
1138 2726 1368 2775 Themis·

313 2798 411 2848 tius
451 2803 574 2850 θεῖον
612 2801 691 2850 καὶ
733 2800 959 2866 οὐράνιον,
999 2804 1017 2832 ‘
1039 2804 1268 2853 divinum
1312 2813 1369 2854 et

310 2878 562 2928 coeleste!
630 2878 1018 2942 Apuleiuslib.
1050 2880 1116 2931 de
1149 2883 1367 2947 Mundo,

307 2950 323 2977 ‘
346 2953 451 3002 Sed
492 2954 681 3004 coelum
725 2955 890 3018 ipsum
928 2957 1197 3022 stellaeque
1229 2959 1369 3008 coeli·

309 3044 454 3094 geuae
514 3033 783 3096 omnisque
838 3034 1043 3083 siderea
1098 3050 1370 3100 compago,

291 3106 489 3158 ·AEther
509 3114 765 3160 vocatur:
816 3125 937 3173 non,
965 3119 1026 3161 ut
1046 3113 1250 3176 quidam
1277 3128 1368 3178 pu-

310 3190 441 3247 tant,
456 3185 595 3250 qnod
619 3187 810 3248 ignitus
833 3188 899 3237 sit
921 3196 974 3237 et
985 3189 1254 3252 incensus,
1274 3190 1366 3240 sed

293 3261 445 3323 -quod
483 3262 719 3312 cursibus
760 3266 956 3328 rapidis
991 3281 1195 3330 semper
1230 3276 1368 3317 rote·

307 3343 422 3387 tur:
470 3341 785 3389 elementum
822 3356 923 3390 non
960 3357 1112 3391 unum
1155 3359 1219 3392 ex
1242 3359 1366 3407 qua-

307 3420 426 3463 tuor
467 3431 588 3480 quae
645 3422 771 3465 nota
829 3424 948 3467 suut
1002 3420 1226 3482 cunctis,
1273 3421 1364 3470 sed

289 3488 460 3554 -lon‘ge
484 3492 643 3554 aliud,
677 3508 888 3544 numero
909 3496 1161 3560 quintum,
1183 3498 1364 3547 ordine

308 3566 549 3629 primum,
587 3583 777 3630 genere
809 3569 1034 3620 divinum
1070 3579 1124 3623 et
1155 3575 1365 3625 inviola-

293 3641 451 3692 -bile.'
521 3645 663 3695 Hinc
704 3648 843 3711 apud
886 3649 1136 3699 Manlium
1176 3652 1267 3701 lib.
1291 3666 1364 3702 lv.

304 3716 459 3769 homo
481 3722 497 3747 ‘
525 3720 721 3771 Coelum
746 3726 1075 3774 scrutaturin
1094 3727 1218 3788 alto,
1231 3729 1365 3792 Cog-

308 3801 593 3860 natumque
628 3813 847 3863 sequens
887 3815 1074 3864 corpus
1105 3816 1159 3852 se
1182 3804 1370 3867 quaerit

306 3868 358 3917 in
377 3872 564 3919 astris.'
630 3875 710 3921 Ex
732 3889 792 3922 eo
813 3876 975 3938 igitur
993 3877 1167 3926 divino
1189 3886 1242 3927 et
1264 3892 1366 3928 coe-

307 3945 431 3995 lesti
449 3947 706 3999 elemento
723 3950 966 4000 humanas
989 3953 1202 4017 animas,
1214 3955 1268 4004 in
1286 3972 1367 4006 ea-

311 4036 422 4071 rum
476 4024 752 4086 descensu,
812 4041 1000 4091 corpus
1039 4029 1265 4081 divinum
1311 4041 1367 4083 et

308 4100 525 4148 coeleste
542 4116 802 4151 assumere
820 4103 871 4151 in
889 4118 1105 4167 corpora
1119 4106 1367 4159 inferiora

308 4175 548 4225 labentes
572 4178 823 4240 putabant
844 4196 860 4228 ε
901 4180 1036 4244 quod
1076 4181 1366 4247 intelligen-

281 4252 451 4301 ‘tibus
475 4253 577 4301 illis
598 4264 737 4304 esset
776 4256 1127 4307 intellectuale
1155 4262 1366 4311 vehicu-

309 4329 437 4392 lum,
457 4330 594 4392 quod
617 4331 775 4385 Plato
799 4342 951 4383 vocat
971 4335 1224 4403 αὐγοειδὲς,
1246 4340 1261 4367 ‘
1286 4347 1368 4391 ra-

2352 495 2355 498 ·
2372 406 2503 472 509

1437 579 1548 613 rum
1587 579 1648 614 ac
1686 565 2012 629 splendidum
2032 567 2064 628 ς’
2119 568 2338 617 Procius
2378 581 2501 617 vero

1438 641 1603 704 domu,
1619 642 1699 692 καὶ
1712 643 1979 707 ἀδιαίρετον,
1993 643 2071 693 καὶ
2086 643 2281 705 ἀπαθὲς,
2296 647 2312 674 ‘
2328 645 2505 694 imma·

1440 720 1688 769 teriatum
1712 727 1767 769 et
1794 720 2110 770 individuum
2134 730 2188 770 et
2211 717 2502 774 affectionis

1440 796 1666 859 expers!
1730 797 1883 848 Quod
1905 797 2089 860 dogma
2117 811 2217 845 non
2241 798 2502 847 Platonici

1441 872 1728 937 philosophi
1751 874 1925 934 modo,
1965 873 2055 922 sed
2093 881 2148 922 et
2186 873 2502 923 Christiano·

1440 965 1552 999 rum
1588 951 1734 1000 multi
1772 951 1950 1014 primis
1988 950 2192 1000 saeculis
2216 950 2500 1014 amplexati

1429 1036 1577 1077 sunt.
1642 1028 1900 1092 Origenes
1942 1028 2147 1092 quidem
2198 1027 2344 1076 libris
2398 1026 2506 1090 περὶ

1437 1106 1615 1170 ἀρχῶν,
1643 1121 1734 1156 suo
1770 1113 1826 1155 ut
1865 1106 2133 1170 plurimum
2157 1119 2299 1154 more
2326 1106 2504 1156 Plato·

1441 1183 1637 1232 nizans.
1702 1178 2067 1247 Athenagoras
2083 1198 2207 1233 vero
2227 1183 2506 1248 Ἀπολογίᾳ,

1440 1261 1713 1324 quominus
1757 1275 1944 1324 corpus
1985 1259 2110 1309 illud
2148 1259 2399 1321 ἀσώματον
2424 1260 2504 1310 καὶ

1439 1335 1608 1395 νοητὸν
1629 1337 2007 1400 post-corporis
2037 1338 2326 1402 animaeque
2347 1336 2505 1388 διάλν·

1438 1428 1516 1461 σιν
1561 1413 1576 1440 ‘
1602 1412 1943 1462 solutionem’
1985 1412 2214 1476 supersit
2250 1414 2375 1462 nihil
2414 1413 2504 1464 ob·

1439 1498 1582 1539 stare
1603 1490 1767 1538 videri
1791 1489 1892 1538 sibi
1922 1489 2219 1540 concludit:
2255 1505 2321 1539 ex
2359 1497 2503 1540 vete·

1439 1582 1551 1616 rum
1589 1568 2005 1630 philosophorum
2051 1568 2331 1631 sententia,
2370 1583 2503 1632 ωψ-

1439 1649 1645 1692 tuorum
1689 1657 1894 1707 quoque
1928 1657 2201 1706 corporum
2243 1657 2506 1693 resurrec-

1440 1720 1633 1769 tionem
1658 1718 1886 1768 futuram
1910 1719 2030 1768 inde
2056 1719 2296 1782 probans.
2364 1720 2503 1770 Quin

1438 1805 1494 1847 et
1517 1812 1619 1846 non
1642 1810 1754 1846 uno·
1769 1805 1889 1861 post
1922 1797 2115 1845 saeculo
2137 1796 2294 1847 Joan.
2318 1796 2505 1845 Gram-

1437 1874 1657 1924 maticus
1674 1873 1880 1937 Philop.
1913 1871 2234 1922 Praefatione
2249 1873 2300 1921 in
2316 1872 2504 1924 librum

1438 1952 1737 2001 Aristotelis
1762 1950 1826 1999 de
1849 1950 2056 2011 Anima,
2076 1964 2177 1999 non
2211 1951 2374 1999 solum
2405 1948 2502 1998 hoc

1440 2033 1627 2079 animae
1651 2029 1963 2091 vehiculum,
1985 2029 2122 2091 quod
2145 2030 2281 2088 σῶμα
2296 2027 2506 2091 wopan-m

1438 2106 1517 2155 καὶ
1553 2105 1629 2155 διὰ
1668 2108 1809 2156 τοῦτο
1871 2104 2033 2169 ἀΐδιον,
2079 2104 2156 2154 καὶ
2202 2103 2434 2166 αὐγοειδὲς
2470 2104 2503 2163 ἦ

1439 2183 1722 2249 ἀστροειδὲς,
1751 2186 1767 2212 ‘
1790 2198 1981 2248 corpus
2020 2186 2250 2247 coeleste,
2288 2185 2401 2234 hoc
2422 2191 2506 2235 est

1439 2269 1713 2320 eternum,
1742 2269 1797 2312 et
1835 2261 1971 2325 quod
2011 2262 2244 2324 ejusdem
2281 2276 2397 2311 cum
2422 2269 2503 2312 ra·

1440 2338 1541 2385 diis
1564 2339 1819 2402 astrisque
1849 2339 1916 2388 sit
1956 2338 2195 2399 naturae,'
2235 2340 2502 2401 agnoscit:

1441 2413 1534 2463 sed
1550 2414 1689 2463 aliud
1713 2415 1866 2463 etiam
1883 2414 2023 2479 qnod
2041 2414 2349 2476 πνευματικὸν
2368 2418 2383 2444 ‘
2401 2415 2505 2480 spi-

1442 2491 1593 2540 ritale
1609 2489 1622 2510 ’
1658 2491 1806 2550 dicit,
1832 2491 1970 2554 quod
2007 2500 2124 2554 post
2148 2490 2360 2541 διάλυσιν
2383 2507 2504 2555 quo·

1440 2582 1543 2632 qne
1584 2569 1765 2618 animae
1797 2570 2061 2639 adhaeret:
2111 2570 2231 2618 hinc
2264 2571 2501 2620 nimirum

1440 2659 1559 2693 esse
1579 2646 1715 2708 quod
1749 2647 1935 2694 animae
1973 2660 2076 2694 non
2112 2648 2355 2710 purgatae‘
2385 2655 2505 2710 post

1441 2720 1720 2769 discessum
1758 2734 1789 2769 e
1822 2736 2059 2785 corpore,
2092 2722 2230 2771 circa
2265 2722 2505 2786 sepulcra

1440 2811 1616 2846 errare
1641 2798 1895 2861 visuntur,
1931 2806 1987 2848 et
2026 2805 2234 2862 spectra
2257 2813 2373 2863 quae
2397 2813 2505 2847 um-

1422 2873 1647 2922 ·brarum
1687 2876 1912 2938 speciem
1951 2890 2060 2938 prae
2090 2890 2147 2924 se
2183 2874 2375 2938 ferunt,
2412 2876 2501 2926 ho-

1425 2950 1662 2999 minibus
1700 2960 1988 3013 apparent:
2023 2951 2076 3000 id
2102 2951 2256 3001 etiarn
2281 2952 2501 3001 animam

1437 3024 1495 3075 in
1519 3024 1703 3077 inferis
1744 3027 2198 3091 subterraneisque
2220 3028 2404 3093 judicii
2430 3017 2505 3078 lo·

1439 3102 1513 3151 cis
1556 3103 1848 3166 comitatur,
1889 3112 2076 3167 utpote
2125 3106 2209 3154 cui
2257 3110 2502 3167 tanquam

1423 3179 1676 3242 subjecto
1723 3179 1897 3229 insunt
1947 3180 2087 3242 θυμὸς
2127 3180 2205 3230 καὶ
2259 3181 2499 3241 ἐπιθυμίαι

1439 3255 1626 3319 quibus
1663 3257 1715 3305 in
1750 3258 1876 3306 locis
1914 3259 1955 3306 si
1981 3256 2255 3322 resipuerit
2285 3274 2344 3308 ac
2367 3273 2506 3308 erro·

1439 3347 1550 3393 rum
1590 3347 1794 3384 suornm
1828 3336 2150 3398 poenituerit,
2188 3336 2397 3386 tandem
2437 3336 2502 3386 ab

1440 3406 1714 3458 aflectibus
1754 3412 1929 3474 pravis
1964 3412 2184 3462 liberata
2214 3422 2499 3477 purgatur:

1442 3494 1657 3551 tumque
1704 3488 1790 3538 τὸν
1833 3489 1974 3551 θυμὸν
2016 3489 2094 3539 καὶ
2120 3489 2223 3549 τὴν
2266 3490 2505 3553 ἐπιθυμίαν

1442 3563 1716 3615 ἀποτίθεται
1751 3564 1873 3627 μετὰ
1903 3565 2074 3616 τούτου
2122 3569 2210 3617 τοῦ
2244 3568 2503 3631 ὀχήματος,

1442 3640 1531 3689 τοῦ
1550 3639 1812 3702 πνεύματος
1841 3641 2006 3706 λέγω·
2022 3646 2038 3672 ‘
2060 3645 2186 3692 iram
2226 3655 2278 3693 et
2302 3646 2502 3708 cupidi-

1444 3723 1606 3765 tatem
1632 3732 1732 3766 unu
1755 3733 1871 3767 cum
1910 3718 1999 3768 illo
2037 3721 2290 3784 vehiculo,
2313 3721 2366 3769 id
2400 3729 2503 3782 est,

1442 3794 1648 3856 spiritu,
1681 3794 1899 3858 deponit
1919 3795 1973 3844 :'‘
2003 3811 2064 3845 ac
2088 3796 2298 3845 tandem
2321 3796 2375 3844 iu
2399 3798 2501 3846 c'oe·

1441 3870 1565 3932 lum,
1580 3871 1770 3920 comite
1794 3874 1960 3921 altero
1982 3873 2090 3934 illo,
2113 3872 2181 3921 de
2202 3887 2302 3937 quo
2324 3888 2501 3937 supra,

1440 3952 1642 3995 aeterno
1675 3962 1894 4010 corpore
1926 3950 2233 3998 sustollitur.
2300 3951 2500 4001 Oracu-

1421 4022 1544 4070 -lum
1568 4021 1635 4071 de
1657 4023 1851 4074 Juliani
1873 4033 2060 4086 morte,
2081 4024 2155 4083 Δὴ
2174 4023 2288 4075 τότε
2311 4041 2368 4074 σε
2387 4025 2504 4089 πρὸς

1438 4099 1648 4160 ὄλυμπον
1662 4099 1769 4162 ἄγει
1780 4100 2068 4165 πυριλαμπὲς
2089 4100 2266 4163 ὄχημα.
2322 4106 2338 4141 ⁴·
2357 4104 2499 4152 Tunc

1438 4185 1493 4227 te
1528 4178 1583 4226 in
1617 4179 1800 4228 coelum
1837 4179 1992 4230 vehet
2029 4180 2254 4230 lucidum
2294 4180 2500 4228 vehicu-

1439 4253 1581 4303 lum.’
1646 4255 1815 4305 Quam
1863 4255 2101 4303 Platonis
2143 4256 2498 4320 opinionem-a

1437 4333 1658 4383 veritate
1699 4333 1993 4383 Christiana
2024 4333 2383 4384 abhorrentem
2407 4334 2498 4383 mi-
