3049 4928
513 361 642 436 248

1204 388 1289 434 ΒΟ
1304 387 1507 434 ΕΤΗΙΙ
1563 388 1658 435 DE
1706 387 1941 436 ooNso
1957 389 2016 454 L.

769 532 1040 597 Invisus
1070 523 1288 598 tamen
1318 533 1631 597 omnibus
1661 534 1979 615 vigebat·

857 634 1177 700 Luxuriae
1213 636 1399 700 Nero
1427 633 1812 701 saevientis!

771 739 909 803 Sed
937 737 1269 822 quondam
1300 738 1507 803 dabat
1538 738 1882 823 improbus
1911 740 2224 805 verendis
2662 742 2704 805 5

857 841 1185 906 Patribus
1212 839 1554 906 indecores
1581 837 1905 906 curules·⁸

506 1063 810 1114 nihilominus
842 1065 1097 1129 imperator
1132 1066 1270 1114 luxus
1280 1041 1511 1126 furentis,
1529 1066 1710 1120 vivebat
1734 1068 1915 1115 odiosus
1936 1067 2130 1116 cunctis.
2199 1066 2271 1115 At
2300 1068 2424 1115 idem
2455 1047 2710 1129 imperator

505 1132 777 1195 sceleratus,
795 1131 904 1180 olim
924 1130 1157 1182 tribuebat
1165 1132 1326 1191 fasces
1344 1130 1545 1191 infames
1568 1131 1875 1181 Senatoribus
1896 1133 2186 1182 venerandis.
2256 1132 2377 1188 Quis
2400 1146 2513 1193 ergo
2530 1133 2709 1194 credat,

1499 1263 1714 1314 NOTAE

506 1360 718 1425 proprie
740 1360 932 1410 dicitnr
956 1358 973 1387 ‘
997 1360 1223 1421 ostrum?
1284 1359 1430 1410 Hinc
1452 1360 1469 1387 ‘
1487 1375 1565 1409 os-

506 1438 668 1488 trum'
702 1440 958 1499 accipitur
995 1454 1095 1488 non
1129 1440 1294 1488 solum
1328 1454 1421 1503 pro
1444 1453 1565 1487 con-

503 1517 618 1579 eha,
642 1518 733 1567 sed
756 1517 913 1566 etiam
948 1531 1041 1581 pro
1074 1517 1250 1566 colore
1284 1530 1564 1579 purpureo,

504 1594 590 1658 qui
611 1609 677 1642 ex
701 1594 911 1643 conchae
936 1592 1085 1642 istius
1107 1593 1248 1642 sanie
1271 1591 1563 1656 conficitur,

501 1670 771 1734 immo'pro
788 1668 1033 1731 vestibus,
1045 1684 1161 1734 quae
1172 1670 1269 1722 hoc
1282 1670 1454 1717 colore
1472 1670 1562 1716 im-

500 1746 744 1802 buuntur.
811 1747 979 1812 Tyrus
1002 1751 1172 1794 antem
1206 1745 1328 1793 urbs
1355 1744 1562 1794 Phoeni-

501 1822 598 1871 ciae
620 1820 876 1884 ejusmodi
908 1821 1163 1886 conchylii
1199 1821 1400 1884 piscatu
1428 1821 1562 1878 celer

499 1897 726 1948 berrima
769 1895 893 1946 fuit:
942 1911 1100 1961 quare
1139 1902 1334 1946 ostrum
1371 1885 1563 1947 dicitur

498 1973 709 2038 Tyrium
750 1974 817 2023 ab
865 1973 1012 2037 urbe,
1054 1979 1110 2023 et
1149 1974 1484 2025 Phoeniceum
1530 1989 1560 2024 a

498 2051 786 2116 provincia.
852 2052 949 2100 Est
993 2044 1146 2114 porro
1187 2066 1416 2115 purpura
1458 2052 1560 2101 alia

498 2127 687 2196 rubra,
724 2128 826 2177 alia
863 2127 1109 2179 violacea.
1175 2129 1360 2193 Virgil.
1401 2129 1561 2179 Geor.

495 2217 561 2255 11.
607 2219 683 2253 vs.
728 2209 842 2256 606.
911 2204 1026 2253 ‘Ut
1065 2219 1269 2268 gemma
1302 2205 1464 2269 bibat,
1506 2214 1562 2267 et

495 2282 719 2331 Sarrano
782 2282 1002 2331 dormiat
1065 2282 1244 2333 ostro!
1333 2284 1406 2333 Et
1468 2296 1559 2334 ιιι.

499 2357 655 2408 Geor.
708 2372 781 2416 vs.
815 2362 896 2407 17.
960 2359 1086 2409 ‘Illi
1132 2360 1296 2409 victor
1340 2375 1458 2423 ego,
1505 2367 1561 2410 et

494 2434 653 2498 Tyrio
692 2441 1002 2499 conspectus
1044 2436 1095 2485 in
1129 2436 1306 2489 ostro!
1373 2439 1443 2487 Et
1480 2438 1563 2488 AE-

494 2511 637 2560 neid.
682 2526 720 2563 1.
766 2528 844 2564 ve.
885 2517 1000 2564 643.
1084 2515 1099 2541 ‘
1137 2513 1269 2563 Arte
1312 2515 1561 2565 laboratae

492 2595 686 2652 pestes,
711 2595 948 2655 ostroque
973 2591 1238 2655 superbo.'

559 2665 582 2699 ‘¹
607 2666 847 2730 Comeret]
898 2669 913 2696 ‘
951 2669 1193 2721 Comere'
1237 2684 1422 2719 ornare
1459 2675 1554 2734 est,

489 2743 775 2804 generatim
804 2742 1014 2808 quidem
1045 2759 1251 2808 corpus,
1285 2745 1556 2810 speciatim

491 2833 616 2868 vero
644 2821 892 2884 capillos:
928 2820 1116 2871 dicitur
1147 2823 1284 2872 enim
1307 2838 1338 2871 a
1362 2823 1556 2874 Graeco

428 2891 436 2896 ’
491 2899 712 2958 κοσμεῖνε
760 2897 898 2946 unde
948 2905 1164 2962 comtus,
1213 2905 1453 2962 ornatus3
1499 2907 1556 2951 et

491 2988 657 3035 coma,
680 2974 856 3038 capilli
891 2975 1064 3024 studio
1097 2975 1311 3025 exculti.
1381 2975 1443 3025 Id
1464 2991 1552 3026 au-

489 3059 596 3101 tem
617 3051 800 3101 merito
817 3051 1009 3102 dicitur
1026 3052 1092 3101 de
1110 3053 1338 3115 Nerone,
1357 3053 1554 3117 quippe

490 3127 600 3191 qui,
632 3135 692 3178 ut
724 3128 798 3177 ait
827 3128 1124 3191 Suetonius,
1155 3130 1171 3158 ‘
1195 3129 1334 3178 circa
1354 3129 1553 3179 cultum

486 3205 825 3270 habitumque
862 3205 995 3255 adeo
1029 3205 1319 3270 pudendus,
1362 3212 1421 3255 ut
1464 3221 1550 3256 co-

486 3296 622 3330 mam
648 3297 852 3347 semper
867 3283 919 3331 in
942 3284 1130 3346 gradus
1153 3283 1443 3349 formatam,
1458 3300 1549 3350 pe-

488 3357 837 3420 regrinatione
856 3358 1089 3411 Achaica
1109 3362 1267 3411 etiam
1284 3376 1417 3426 pone
1436 3378 1550 3413 ver·

486 3435 645 3484 tieem
663 3437 1008 3486 summiserit:
1035 3453 1095 3486 ac
1118 3438 1420 3502 plerumque
1434 3454 1551 3503 syn-

485 3511 740 3560 thesinam
762 3511 993 3572 indutus,
1017 3511 1175 3573 ligato
1199 3511 1338 3562 circa
1358 3514 1551 3564 collum

485 3586 693 3635 sudario
739 3586 998 3649 prodlerit
1040 3587 1093 3635 in
1133 3587 1398 3650 publicum
1437 3590 1550 3640 sine

485 3663 678 3725 cinctu,
705 3666 760 3711 et
780 3660 1162 3712 discalceatus!
1330 3708 1333 3713 ,

571 3739 747 3787 Niveis
785 3737 983 3801 lapillis]
1053 3737 1172 3789 Hoc
1206 3745 1308 3811 est,
1336 3743 1548 3805 gemmis

480 3814 887 3880 pretiosissimis.
953 3814 1009 3864 Si
1043 3817 1198 3878 enim,
1219 3823 1279 3868 ut
1299 3819 1363 3868 de
1388 3835 1450 3870 eo
1471 3822 1544 3871 lo-

483 3892 662 3955 quitur
684 3891 979 3954 Suetonius,
1006 3891 1023 3918 ‘
1037 3893 1227 3942 nullam
1247 3901 1443 3946 vestem
1464 3897 1544 3948 bis

479 3966 652 4016 induit
669 3971 708 4027 ;’
740 3967 784 4016 si
819 3968 834 3994 ‘
856 3966 1085 4030 piscatus
1119 3979 1202 4022 est
1228 3978 1338 4023 rete
1363 3981 1543 4025 aurato

479 4056 713 4107 purpura
745 4057 1002 4110 coccoque
1024 4046 1234 4099 funibus
1255 4050 1402 4099 nexis
1422 4050 1463 4112 ;’
1497 4051 1542 4109 ,si

477 4119 495 4147 ‘
517 4134 783 4185 nunquam,
811 4124 1040 4172 carrucis
1086 4125 1254 4174 minus
1290 4125 1431 4175 mille
1464 4124 1540 4176 fe-

480 4197 615 4246 cisse
635 4197 737 4247 iter
754 4199 994 4261 traditur,
1011 4199 1166 4248 soleis
1184 4200 1436 4250 mularum
1458 4217 1539 4264 ar-

481 4273 733 4338 genteis3’
763 4275 806 4324 si
840 4274 857 4303 ‘
887 4274 1184 4326 divitiarum
1216 4283 1271 4327 et
1302 4278 1539 4342 pecuniae

1648 1359 1870 1411 fructum
1914 1375 2015 1410 non
2070 1361 2222 1410 alium
2273 1359 2508 1424 putabat,
2559 1373 2707 1424 quam

1648 1436 2063 1500 profusionem3’
2116 1444 2259 1487 certe
2308 1436 2560 1486 credibile
2613 1443 2709 1498 est,

1646 1513 1815 1576 ipsum
1849 1520 2119 1563 oneratum
2156 1512 2313 1563 fuisse
2354 1514 2370 1560 ‘.
2404 1513 2618 1577 gemmis
2652 1519 2708 1562 et

1648 1589 1952 1652 margaritis,
1984 1593 2231 1654 quarum,’
2265 1596 2481 1638 auctore
2526 1588 2708 1638 eodem

1647 1666 1919 1727 Suetonio,
1950 1668 1965 1695 ‘
1992 1682 2086 1729 per
2129 1681 2304 1715 omnes
2346 1665 2458 1715 dies
2509 1668 2709 1732 singula

1644 1742 1879 1806 quotidie
1898 1743 2052 1792 millia
2075 1744 2267 1807 populo
2288 1742 2612 1807 spargebat.'

1706 1824 1729 1850 ⁰
1752 1818 1939 1868 Invisus
1961 1824 2118 1869 tomen
2140 1820 2352 1869 omnibus
2369 1819 2587 1882 vig-ebat]
2641 1818 2702 1868 Id

1643 1902 1796 1960 patet
1816 1910 1915 1946 non
1938 1898 2104 1947 solum
2126 1912 2191 1947 ex
2208 1897 2503 1947 maledictis
2528 1889 2702 1947 conviss

1641 1963 1846 2039 tiisque,
1866 1990 1983 2040 quae
2024 1975 2146 2025 dum
2182 1977 2403 2039 viveret,
2424 1975 2703 2038 patientius

1640 2052 1792 2114 tulit;
1816 2053 1905 2102 sed
1929 2052 2089 2102 etiam
2122 2067 2189 2102 ex
2210 2067 2292 2114 eo,
2315 2054 2449 2118 quod
2486 2065 2625 2101 mors
2649 2047 2706 2100 il-

1639 2128 1738 2177 lius
1756 2117 1952 2179 tantum
1972 2130 2216 2194 gaudium
2235 2130 2443 2195 publice
2460 2129 2705 2193 praebuit,

1642 2211 1703 2255 nt
1728 2205 1872 2269 plebs
1907 2206 2103 2271 pilenta
2137 2214 2253 2256 tota
2285 2206 2412 2255 urbe
2445 2205 2703 2256 discurre-

1644 2288 1744 2331 ret.

1706 2354 1978 2407 ‘Luxuria
2020 2360 2150 2409 Nero
2178 2358 2441 2422 sevientis]
2496 2360 2702 2428 Summa

1641 2433 1743 2484 fuit
1763 2437 1987 2487 Neronis
2006 2436 2227 2500 luxuria,
2246 2442 2301 2488 ut
2317 2437 2429 2501 jam
2453 2437 2700 2487 diximus:

1643 2512 1737 2562 sed
1767 2527 1868 2563 non
1905 2514 2071 2565 minor
2104 2514 2214 2578 ejus
2235 2513 2549 2575 crudelitas;
2585 2529 2700 2564 nam

1643 2590 1922 2652 parricidia
1942 2599 2017 2652 ‘‚et
2053 2591 2226 2641 caedes
2250 2607 2281 2640 a
2302 2590 2519 2642 Claudio
2554 2605 2700 2641 exor-

1637 2679 1722 2713 sus
1769 2673 1866 2716 est.
1957 2666 2314 2716 Britannicum
2380 2682 2483 2716 non
2536 2668 2699 2719 minus

1637 2741 1966 2791 aemulatione
1984 2741 2148 2804 vocis,
2183 2757 2299 2806 quae
2323 2742 2397 2791 illi
2423 2743 2699 2806 jucundior

1638 2816 1971 2880 suppetebat,
2010 2832 2160 2883 quam
2197 2824 2340 2867 metu
2375 2833 2441 2867 ne
2472 2820 2700 2884 quando·

1637 2907 1737 2957 que
1756 2892 1896 2957 apud
1929 2893 2190 2943 hominum
2228 2894 2447 2958 gratiam
2480 2902 2702 2958 paterna

1636 2969 1885 3020 memoria
1909 2971 2243 3034 praevaleret,
2272 2985 2469 3021 veneno
2492 2986 2699 3035 aggres-

1636 3064 1724 3098 sus
1747 3056 1857 3099 est:
1892 3057 2133 3114 matrem,
2155 3050 2385 3113 amitam,
2420 3065 2625 3116 uxores,
2644 3057 2700 3101 et

1636 3125 2088 3189 conjunctissimos
2109 3127 2321 3179 occidit.

1697 3209 1724 3244 8
1760 3202 2296 3253 ‚Dabat...Patribus..
2313 3204 2541 3267 murales]
2595 3206 2696 3256 Cu·

1631 3278 1757 3330 rulis
1810 3287 1927 3330 erat
1958 3281 2086 3352 sella
2129 3281 2358 3331 eburnea
2391 3282 2703 3346 coelataque‚

1632 3357 1824 3422 currui,
1859 3372 1962 3423 qno
1984 3357 2375 3420 praestantiores
2413 3358 2699 3420 Magistra-

1631 3430 1717 3484 t'us
1739 3433 1792 3483 in
1835 3433 2041 3560 (ἔω-1813
2078 3433 2198 3483 vehi
2238 3433 2499 3496 solebant,
2530 3433 2699 3499 impo-

1632 3511 1755 3574 sita,
1775 3526 1933 3575 supra
1972 3527 2004 3576 q
2044 3525 2128 3560 am
2156 3509 2312 3561 iidem
2351 3510 2701 3574 Magistratus

1632 3587 1987 3637 considerent.
2056 3587 2197 3637 Hinc
2254 3587 2271 3616 ‘
2292 3587 2424 3636 ebur
2482 3588 2699 3650 curule,'

1630 3665 1648 3695 ‘
1672 3665 1802 3715 sella
1824 3664 2051 3730 curuliS,’
2071 3670 2127 3715 et
2162 3665 2180 3693 ‘
2201 3663 2429 3727 curulis,’
2451 3664 2697 3715 substan-

1634 3741 1742 3792 tive
1764 3757 1925 3806 saepe,
1945 3750 2006 3793 ut
2037 3756 2191 3806 nunc,
2211 3742 2458 3805 majorem
2476 3742 2696 3792 Senato-

1635 3819 1705 3868 ris
1720 3818 2032 3883 dignitatem
2070 3816 2386 3883 significant.
2436 3817 2694 3868 Horatius

1626 3897 1797 3961 Epist.
1820 3897 1856 3945 l.
1871 3910 1911 3947 1.
1937 3897 2035 3960 Ep.
2050 3900 2102 3945 6.
2135 3896 2150 3923 ‘
2170 3895 2402 3946 Cuilibet
2419 3894 2503 3944 hic
2520 3893 2695 3946 fasces

1624 3972 1791 4035 dabit,
1806 3971 2100 4037 eripietque
2117 3972 2297 4023 curule
2320 3971 2420 4022 Cui
2440 3971 2583 4021 volet
2597 3971 2693 4037 im·

1622 4057 1873 4114 portunus
1892 4050 2051 4103 ebur:
2095 4052 2296 4112 Frater,
2322 4051 2507 4113 Pater,
2522 4049 2694 4100 adde?

1625 4127 1786 4177 Ovid.
1810 4129 1846 4176 l.
1870 4141 1947 4178 ιν.
1983 4129 2051 4178 de
2086 4129 2245 4180 Pont.
2267 4128 2351 4177 El.
2376 4132 2425 4176 9.
2491 4127 2508 4155 ‘
2531 4126 2690 4190 Signa

1621 4218 1825 4269 quoque
1843 4203 1893 4252 in
1913 4204 2040 4253 sella
2055 4219 2259 4254 nossem
2278 4203 2503 4254 formata
2520 4203 2690 4253 curuli

1619 4281 1692 4332 Et
1729 4285 1898 4331 totum
1943 4280 2188 4333 Numida}
2224 4280 2469 4346 sculptile
2513 4279 2687 4330 dentis
