3049 4928
490 409 623 478 202

495 588 652 656 quse
684 569 998 635 incendia
1025 569 1316 638 flammis
1343 571 1574 638 AEtnae
1602 575 2105 653 eructantibus:
2130 579 2181 630 ¹⁹
2225 575 2403 660 quod
2448 576 2688 644 diluvi-

493 683 652 739 um¹‘
679 676 900 738 tantas
930 680 1192 756 strages
1221 671 1521 739 dederit?
1548 681 1574 711 ²
1596 682 1624 711 ⁰
1696 674 1919 754 Certe,
1948 680 2045 743 uti
2073 680 2465 744 meminisse
2494 689 2560 745 te
2586 700 2687 747 ar-

492 775 725 854 bitror,
757 776 1110 841 consulare
1138 775 1518 861 imperium,
1563 777 1744 861 quod
1792 778 2123 845 libertatis
2154 781 2556 866 principium
2588 781 2688 846 fu-

492 883 655 957 erat,
703 877 793 943 ob
825 878 1207 963 superbiam
1237 877 1602 945 Consulum
1629 881 1843 946 vestri
1872 890 2132 948 veteres
2163 884 2439 949 abolere
2468 885 2691 969 cupie-

492 986 652 1045 runt
676 1000 695 1046 :
718 987 738 1019 ¹
785 979 904 1064 qui
935 981 1026 1047 ob
1053 980 1333 1047 eandem
1363 981 1742 1066 superbiam
1786 984 1975 1068 prius
2016 986 2275 1068 regium
2301 987 2386 1052 de
2425 985 2692 1052 civitate

491 1102 738 1149 nomen
783 1086 1211 1152 abstulerant.
1297 1083 1417 1164 At,
1469 1087 1532 1150 si
1579 1086 1873 1171 quando,
1922 1088 2106 1173 quod
2156 1107 2496 1173 perrarum
2538 1093 2697 1166 est,²

494 1184 730 1269 probis
755 1186 1041 1255 honores
1065 1186 1655 1278 deferantur,quid
1677 1191 1748 1256 in
1778 1190 1880 1256 eis
1913 1188 2126 1270 aliud,
2157 1209 2357 1275 quam
2388 1191 2692 1276 probitas

496 1289 852 1370 utentium,
877 1290 1141 1376 placet?
1232 1291 1343 1361 Ita
1372 1290 1470 1373 fit,
1515 1302 1759 1361 utnon
1802 1294 2164 1362 virtutibus
2207 1315 2297 1360 ex.
2344 1294 2698 1377 dignitate,

1200 426 1506 477 non‘rrm
1554 429 1651 477 ns
1698 429 2009 504 consor„-

561 1437 580 1468 ί
613 1437 737 1501 Igne
765 1441 1044 1495 veraciores.
2001 1451 2031 1478 ¹⁶
2059 1442 2205 1508 Aqua
2225 1442 2504 1508 rapidiores.

1727 1524 1788 1544 00

554 1565 627 1648 ’ΪΏ
658 1598 674 1628 ⁴
697 1599 816 1656 Quoe
834 1600 1050 1666 flammis
1070 1605 1234 1655 AEtnae
1253 1604 1593 1654 eructantibus.
1650 1604 1727 1654 Ea
1749 1605 1906 1657 lectio
1929 1604 2032 1656 fuit
2051 1610 2285 1656 veterum
2308 1603 2534 1653 omnium
2558 1599 2699 1652 codi-

496 1677 859 1791 ae'ffimi}
867 1674 1062 1782 tffgwh
1091 1676 1453 1783 ΒΙε-Ιῐὲοἱξῗ-Ἦὲὄῃ
1463 1669 2108 1786 ὅειῖενῖξῖπὲἰᾶὴεέἑὲἓᾚ
2129 1667 2699 1784 Ξειῃνξειέαέθέιῗιιιιὶὶιῗέ

495 1792 792 1855 cspivmnt.
812 1748 1249 1861 Thuaani-imus,
1272 1805 1328 1848 et
1349 1797 1483 1861 Reg.
1504 1772 1976 1862 cupivere—2⁰Ms.
2013 1770 2215 1851 Erfurt.
2248 1798 2445 1850 omittit
2466 1798 2701 1849 voculam

1490 1910 1704 1963 NOTAE

561 2009 585 2034 ⁰
610 2003 731 2060 Quoe
766 2005 809 2054 εἰ
845 2005 895 2056 in
926 2007 1341 2074 improbissimum]
1380 2024 1417 2062 1.
1441 2010 1561 2061 Phi·
1639 2010 1837 2061 virtute
1891 2011 2083 2062 ceteris
2138 2009 2379 2060 videntur
2435 2014 2702 2073 praestare,

497 2080 738 2143 sesopbla
758 2082 870 2146 agit
887 2082 953 2134 de
975 2085 1091 2136 viro
1107 2087 1484 2151 potente,sive,
1500 2093 1562 2137 ut
1636 2088 1898 2138 electione
1952 2088 2309 2154 adipiscuntur
2351 2085 2704 2150 magistratus.

498 2156 648 2207 aiunt
671 2158 987 2227 Philosophi,
1020 2161 1087 2214 de
1109 2165 1349 2229 subjecto
1382 2173 1563 2230 potes·

499 2232 642 2283 tatis.
706 2235 905 2287 Potens
927 2245 1098 2289 autem
1124 2240 1211 2291 ille
1233 2256 1418 2292 recens
1450 2241 1560 2292 fac·

499 2315 583 2359 tus
604 2309 687 2360 vel
706 2311 973 2377 improbus
996 2324 1098 2381 est,
1116 2318 1197 2367 vel
1222 2317 1434 2383 probus.
1500 2318 1558 2370 Si

497 2385 766 2450 improbus
808 2387 990 2452 fuerit,
1033 2397 1236 2444 tantum
1279 2395 1450 2459 abest,
1496 2403 1558 2447 ut

495 2462 582 2514 hic
621 2464 1194 2532 accedenteipotestate
1230 2474 1411 2524 melior
1443 2472 1558 2539 flat,

497 2548 559 2592 ut
581 2541 771 2607 potius,
791 2542 956 2594 instar
993 2546 1128 2611 ignis
1164 2550 1557 2601 vehementissi-

493 2619 586 2681 mi,
609 2626 667 2670 et
689 2635 843 2686 aquae
866 2623 1230 2690 rapidissimae,
1254 2627 1393 2678 idem
1416 2643 1558 2694 mag-

493 2709 588 2745 nas
610 2703 812 2761 strages
834 2699 978 2763 edat,
1000 2700 1189 2752 abusus
1210 2704 1447 2755 nimirum
1465 2722 1559 2758 sua

496 2773 846 2828 auctoritatez
884 2783 1048 2828 testes
1080 2786 1202 2830 sunt
1220 2778 1397 2846 Reges
1421 2783 1558 2834 Con-

490 2849 731 2915 sulesque
775 2851 1011 2906 Romani.
1074 2855 1128 2906 Si
1171 2863 1347 2908 autem
1395 2857 1561 2910 fuerit

492 2925 708 2992 probus,
726 2940 829 2977 non
848 2937 1066 2995 propter
1098 2939 1413 2997 potestatem
1438 2950 1560 3000 pro·

492 3001 636 3052 bitas
656 3003 843 3069 hujus3
868 3005 960 3056 sed
985 3017 1203 3073 propter
1222 3008 1561 3077 probitatem,

493 3083 728 3141 potestas
764 3081 1042 3133 laudatur:
1077 3097 1257 3135 verum
1278 3085 1346 3135 ad
1370 3086 1561 3137 intelli*

493 3155 718 3218 gendum
740 3156 814 3219 id,
836 3159 973 3223 quod
995 3173 1135 3211 nuuc
1155 3161 1351 3212 dicitnr
1373 3162 1438 3214 de
1456 3163 1560 3214 Re·

493 3230 644 3294 gibus
664 3238 722 3283 et
744 3234 1058 3287 Consulibus
1082 3239 1346 3305 Romanis,
1366 3239 1561 3307 aliquid

494 3306 769 3359 dicendum
824 3311 892 3362 de
933 3313 1172 3381 imperio,
1212 3323 1269 3367 et
1311 3315 1380 3368 de
1418 3318 1566 3371 varia

494 3384 612 3448 ejus
631 3383 799 3437 forma
826 3389 965 3453 apud
1001 3392 1276 3444 Romanos.
1340 3394 1562 3459 Imperi·

496 3471 604 3524 nm,
629 3462 835 3514 Graecis
865 3467 1102 3532 πολιτεία,
1137 3477 1351 3521 auctore
1384 3473 1562 3537 Lipsio

495 3537 533 3586 l.
552 3549 616 3588 rr.
634 3539 795 3591 Polit.
817 3556 934 3606 cap.
961 3548 1007 3593 1.
1026 3544 1044 3575 ‘
1065 3553 1147 3597 est
1168 3553 1345 3597 certus
1363 3548 1491 3600 ordo
1508 3549 1561 3600 in

489 3613 746 3679 jubendo,
779 3622 834 3665 et
878 3619 1125 3680 parendo.
1188 3621 1409 3686 Triplex
1442 3623 1565 3687 est,’

495 3691 684 3756 inquit,
714 3691 1103 3759 ‘Principatus,
1139 3692 1488 3767 optimatum,
1507 3710 1564 3754 et

495 3767 688 3832 Populi
732 3774 916 3821 status.
989 3770 1286 3822 Miscentur
1317 3775 1456 3839 inter
1486 3793 1565 3842 se,

495 3840 683 3908 fateor,
706 3850 762 3896 et
783 3845 1123 3897 remittuntur
1161 3854 1252 3899 aut
1283 3850 1563 3904 intendun-

497 3925 622 3968 tur:
656 3920 749 3970 sed
789 3921 866 3970 sic
898 3927 958 3971 ut
988 3924 1313 3988 propendeat
1350 3934 1406 3978 et
1429 3943 1564 3993 praa,-

500 3994 761 4058 ponderet
783 4011 990 4062 semper
1019 4000 1196 4066 aliqua
1218 4017 1355 4069 pars,
1396 4020 1428 4054 a
1461 4021 1566 4073 qua

490 4070 616 4135 jure
639 4072 689 4121 ei
712 4072 934 4126 nomen!
998 4075 1332 4143 principatus
1364 4090 1448 4133 est
1474 4084 1566 4134 im·

498 4147 701 4211 perium
735 4150 905 4215 unius,
934 4151 1023 4217 qui
1045 4162 1326 4220 propterea
1349 4166 1567 4210 vocatur

500 4223 616 4274 Rex
654 4229 747 4275 aut
769 4225 1040 4291 Princeps».
1102 4230 1287 4282 Status
1322 4230 1564 4299 Optima-

498 4303 609 4350 tum
630 4307 713 4351 est
731 4300 1003 4367 imperium
1039 4305 1284 4370 plurium,
1310 4310 1397 4374 qui
1425 4313 1562 4376 quod

1635 2164 1820 2215 Status
1840 2165 2064 2231 denique
2088 2164 2278 2231 Populi
2310 2169 2394 2215 est
2424 2164 2702 2227 imperium

1634 2242 1878 2306 plurium,
1899 2243 1990 2308 qui
2012 2249 2154 2294 sorte
2179 2244 2343 2293 solum
2367 2241 2700 2305 magistratus

1634 2316 1895 2371 obtinent.
1961 2320 2075 2370 Has
2114 2331 2292 2372 omnes
2334 2319 2554 2384 Imperii
2594 2317 2701 2370 for·

1635 2408 1742 2444 mas
1777 2398 1982 2460 experti
2018 2404 2139 2448 sunt
2161 2395 2398 2447 Romani.
2463 2395 2700 2446 Primum

1636 2472 1773 2522 enim
1789 2472 2085 2524 babuerunt
2102 2475 2295 2539 Reges,
2312 2487 2532 2540 qnorum
2551 2473 2569 2503 ⁸
2588 2486 2705 2538 pos·

1637 2549 1868 2609 tremus,’
1892 2549 2063 2615 inquit
2085 2551 2269 2601 Florus
2293 2552 2328 2601 1.
2350 2565 2391 2601 r.
2416 2565 2464 2599 c.
2485 2555 2535 2600 7.
2566 2551 2583 2578 ‘
2599 2548 2704 2599 fuit

1633 2624 1965 2690 Tarquinius,
2000 2626 2086 2675 cui
2130 2640 2416 2691 cognomen
2459 2625 2702 2690 Superbo

1638 2716 1705 2752 ex
1728 2701 1956 2752 moribus
1975 2702 2173 2753 datum.
2237 2703 2344 2753 Hic
2365 2717 2579 2767 regnum
2596 2702 2703 2752 avi-

1635 2785 1768 2836 tum,
1790 2777 1930 2844 quod
1953 2791 1983 2827 a
2001 2777 2184 2829 Servio
2204 2778 2501 2840 tenebatur,
2519 2791 2706 2842 rapere

1635 2854 1838 2919 maluit,
1866 2868 2018 2919 quam
2039 2859 2340 2919 expectare,
2361 2853 2704 2920 immissisque

1635 2930 1691 2980 in
1711 2943 1828 2981 eum
1849 2930 2258 2995 percussoribus,
2279 2932 2476 2981 scelere
2499 2936 2704 2996 partam

1637 3012 1953 3072 potestatem
1994 3020 2099 3058 non
2142 3006 2326 3058 melius
2370 3007 2495 3071 egit,
2551 3019 2706 3072 qnam

1637 3081 1989 3151 acquisierat.’
2031 3081 2245 3134 Deinde
2266 3081 2558 3133 habuerunt
2572 3084 2707 3134 Gon·

1637 3159 1807 3210 sules:
1831 3173 1947 3209 nam
1965 3159 2143 3226 inquit
2164 3157 2304 3209 idem
2321 3174 2439 3224 cap.
2461 3163 2512 3210 9.
2534 3159 2553 3187 ‘
2571 3159 2710 3208 Bru·

1637 3242 1693 3288 to
1716 3234 2079 3301 Collatinoque
2118 3235 2357 3300 ducibus,
2392 3242 2449 3286 et
2483 3236 2706 3286 auctori-

1636 3314 1754 3378 bus,
1772 3313 1959 3380 quibus
1981 3313 2234 3364 ultionem
2262 3313 2342 3364 sui
2360 3313 2707 3364 moriensrna·

1640 3394 1794 3442 trona
1814 3389 2169 3449 mandaverat,
2191 3390 2416 3456 populus
2441 3390 2708 3442 Romanus

1640 3467 1706 3518 ad
1728 3467 2094 3519 vindicandum
2127 3467 2390 3519 libertatis
2405 3481 2483 3518 ‘ac
2503 3467 2711 3534 pudici-

1640 3546 1733 3595 tiae
1783 3545 1964 3610 decus,
2006 3545 2229 3610 quodam
2274 3545 2420 3611 quasi
2456 3544 2710 3596 instinctu

1637 3621 1875 3674 Deorum
1904 3621 2215 3685 concitatus,
2254 3621 2454 3686 Regem
2487 3627 2709 3685 repente

1641 3698 1899 3763 destituit,
1919 3697 2058 3750 bona
2094 3699 2299 3764 diripit,
2336 3712 2519 3764 agrum
2541 3698 2710 3751 Marti

1641 3790 1735 3829 suo
1770 3786 2059 3843 consecrat,
2093 3778 2365 3842 imperium
2408 3777 2463 3828 in
2497 3778 2708 3829 eosdem

1640 3854 1902 3905 libertatis
1926 3869 2033 3905 suoe
2055 3855 2287 3905 vindices
2304 3853 2576 3920 transfert,
2597 3869 2707 3905 mu·

1641 3937 1754 3983 tato
1777 3938 1950 3984 tamen
1975 3938 2030 3983 et
2040 3933 2165 3997 jure
2189 3938 2244 3982 et
2264 3932 2490 3982 nomine.
2538 3932 2709 3996 Quip-

1643 4022 1709 4072 pe
1731 4021 1798 4059 ex
1836 4014 2096 4073 perpetuo
2134 4022 2360 4061 annuum
2393 4009 2608 4074 placuit,
2640 4020 2708 4058 ex

1641 4083 1884 4148 singulari
1906 4083 2135 4148 duplex:
2171 4097 2238 4134 ne
2260 4090 2495 4150 potestas
2524 4084 2707 4136 solitu-

1640 4159 1761 4210 dine
1781 4160 1866 4211 vel
1900 4174 2046 4211 mora
2080 4167 2536 4225 corrumperetur:
2571 4161 2705 4213 Con·

1642 4235 1880 4300 sulesque
1903 4235 2192 4299 appellavit
2230 4247 2326 4301 pro
2362 4235 2614 4301 Regibus,
2645 4243 2704 4287 nt

1640 4313 1910 4363 consulere
1937 4325 1993 4362 se
2023 4311 2224 4363 civibus
2250 4312 2354 4363 suis
2379 4309 2573 4364 debere
2596 4328 2701 4364 me·
