3049 4928
520 416 654 482 504

524 576 597 625 Et
634 573 884 637 Virgilius
922 589 986 623 ex
1026 572 1255 637 eJusdem
1293 584 1476 623 mente
1505 573 1580 623 sic

526 666 641 701 eam
663 651 758 700 lib.
781 665 859 701 vl.
877 649 1145 713 describit,
1167 652 1181 676 ‘
1197 651 1465 714 Principio
1482 665 1584 699 coe·

525 729 632 778 lum
670 742 731 779 ac
769 736 934 779 terras
970 742 1287 792 camposque
1329 729 1586 791 liquentes

528 808 915 870 Lucentemque
936 806 1141 869 globum
1163 807 1341 864 Lunae‚
1358 804 1587 853 Titania·

529 896 630 947 que
652 890 793 931 astra
823 882 1049 946 Spiritus
1081 883 1221 931 intus
1254 882 1367 941 alit,
1404 889 1589 929 totam-

530 972 631 1022 que
653 955 823 1006 infusa
847 972 942 1021 per
965 964 1105 1006 artus
1126 958 1279 1006 Mens
1299 957 1465 1020 agitat
1481 971 1591 1006 mo-

530 1038 657 1098 lem,
702 1044 756 1086 et
797 1051 985 1099 magno
1026 1052 1081 1085 se
1121 1051 1343 1100 corpore
1387 1038 1590 1087 miscet.

427 1169 444 1178 N
532 1113 667 1162 Inde
711 1112 971 1162 hominum
1015 1114 1373 1179 pecudumque
1416 1129 1593 1177 genus,

535 1190 764 1253 vitaeque
804 1190 1083 1251 volantum,
1117 1191 1186 1241 Et
1223 1206 1340 1255 quae
1376 1205 1591 1240 marmo-

536 1279 628 1315 reo
649 1264 755 1314 fert
769 1274 999 1315 monstra
1015 1265 1111 1315 sub
1129 1281 1338 1332 aequore
1355 1267 1593 1318 Pontus!

536 1335 640 1392 vbi
680 1333 867 1391 Anima
904 1343 1173 1393 Mundsna
1204 1359 1295 1394 seu
1332 1345 1593 1410 Coelestis,

538 1418 638 1482 [sic
653 1419 792 1468 enim
808 1433 922 1468 eam
943 1419 1097 1469 Plato
1121 1421 1296 1484 vocat]
1316 1424 1332 1449 ‘
1348 1422 1570 1486 Spiritus
1582 1422 1599 1445 ’

538 1493 746 1558 dicitur,
766 1503 1022 1560 quatenus
1044 1498 1231 1546 coelum
1250 1504 1402 1556 etses
1420 1513 1596 1548 omnes

538 1568 812 1621 inferiores
829 1575 844 1599 ‘
854 1570 971 1621 alit’
989 1579 1073 1638 atq
1080 1588 1144 1623 ue
1155 1573 1370 1637 animat;
1388 1577 1405 1603 ‘
1418 1576 1472 1625 Μ
1477 1590 1570 1625 ens
1581 1574 1598 1598 '

540 1658 682 1709 vero,
721 1655 978 1712 quatenus
1012 1651 1185 1699 mundi
1214 1652 1400 1701 molem
1422 1661 1601 1704 movet

539 1728 696 1787 atque
726 1725 743 1752 ‘
761 1724 959 1789 agita&
994 1734 1351 1793 concentuque
1377 1735 1481 1778 tam
1504 1729 1600 1779 mi·

541 1798 694 1848 rabili
716 1799 1031 1851 moderatur.
1084 1803 1202 1852 Hoc
1224 1811 1302 1853 est
1327 1819 1421 1854 cur
1444 1806 1599 1856 Plato

539 1873 772 1937 ejusdem
810 1873 1011 1926 Animae
1048 1886 1286 1929 naturam
1324 1882 1603 1933 constituit

544 1964 610 1998 ex
658 1948 675 1978 ‘
701 1949 936 2022 Eodem,’
982 1967 1072 2002 seu
1115 1955 1407 2006 substantia
1449 1956 1606 2023 ἃπλῷ,

544 2027 780 2091 simplici,
797 2044 887 2079 seu
911 2032 1173 2082 individua
1195 2044 1250 2084 et
1268 2036 1604 2101 intelligibili,

546 2118 661 2168 quae
701 2106 921 2178 proinde
958 2122 1160 2171 semper
1198 2111 1379 2161 eadem
1421 2114 1604 2179 suique

544 2194 749 2243 semper
768 2182 947 2236 similis
975 2188 1297 2250 corruptioni
1333 2191 1604 2253 errorique

549 2258 773 2309 obnoxia
793 2276 896 2310 non
918 2269 1020 2325 est,
1052 2263 1147 2313 boc
1172 2271 1271 2328 est,
1304 2280 1371 2316 ex
1406 2274 1603 2329 mente.

549 2336 621 2385 Et
643 2351 709 2385 ex
743 2336 990 2403 ‘Altero,’
1020 2342 1116 2392 boc
1140 2349 1240 2406 est,
1280 2358 1347 2392 ex
1367 2344 1605 2395 substan-

552 2409 626 2460 tia
664 2412 878 2467 dividua
918 2423 972 2467 et
1012 2418 1204 2483 sensili,
1240 2422 1498 2486 πολυμερεῖ
1529 2422 1608 2472 καὶ

549 2489 839 2558 πολυτρόπῳ,
880 2494 1189 2561 ‘multiplici
1227 2500 1610 2565 mutationique

550 2567 808 2621 obnoxia.'
852 2573 1077 2643 Tertiam
1101 2589 1226 2624 vero
1245 2577 1499 2642 quandam
1520 2593 1611 2626 na·

554 2650 745 2709 turam,
766 2647 930 2711 ipsam
948 2664 1063 2700 esse
1076 2649 1316 2702 Animam
1332 2653 1478 2715 dicit,
1495 2669 1613 2717 par·

557 2720 651 2771 tim
674 2723 1055 2789 intelligentiae,
1086 2729 1273 2790 partim
1296 2730 1614 2780 sensibilium

557 2810 727 2847 rerum
767 2813 1045 2864 capacem:
1078 2818 1180 2853 non
1219 2805 1357 2870 quod
1396 2809 1616 2870 geminae

557 2873 661 2922 illae
693 2883 892 2926 naturae
930 2879 1277 2945 intelligibilis
1312 2891 1368 2933 et
1399 2885 1620 2949 sensilis,

560 2965 675 3015 quae
697 2956 974 3006 contrariae
996 2957 1134 3007 inter
1153 2974 1209 3008 se
1228 2968 1367 3022 sunt,
1389 2960 1442 3009 in
1459 2961 1620 3012 tertia

556 3027 647 3077 illa
687 3032 1120 3083 commisceantur
1150 3035 1618 3101 confundanturve,

560 3111 622 3152 ut
656 3105 909 3158 diximus:
943 3108 1059 3160 fieri
1094 3111 1228 3163 euim
1264 3128 1368 3163 non
1406 3122 1615 3178 potest:

561 3181 654 3230 sed
680 3183 815 3248 quod
851 3193 1041 3236 natura
1074 3203 1166 3237 seu
1206 3189 1496 3240 substantia
1532 3191 1619 3240 illa

561 3260 737 3324 tertia,
759 3261 975 3312 duarum
997 3265 1198 3315 illarum
1230 3269 1246 3295 ⁶
1262 3266 1466 3329 media,'
1489 3268 1620 3330 ejus·

562 3336 704 3385 modi
725 3339 813 3399 sit,
846 3354 963 3403 quae
1001 3342 1116 3391 illas
1157 3345 1428 3407 plurimum
1469 3343 1618 3394 dissi-

564 3409 748 3461 dentes
770 3423 1050 3465 connectat
1073 3427 1128 3467 et
1157 3430 1223 3466 ex
1258 3418 1357 3466 illis
1394 3426 1622 3469 constet.

564 3484 701 3534 unde
725 3502 836 3536 eam
860 3489 1015 3539 Plato
1034 3500 1186 3541 vocat
1204 3491 1364 3555 τρίτον
1384 3493 1431 3556 ἐξ
1450 3493 1629 3557 ἀμφοῖν

562 3560 724 3612 οὐσίας
744 3561 877 3627 εἶδος,
907 3568 924 3595 ⁸
940 3580 1006 3615 ex
1046 3567 1246 3617 duobus
1269 3571 1481 3620 tertium
1503 3571 1623 3621 sub-

563 3640 772 3689 stantiae
796 3656 955 3704 genus
970 3642 1002 3704 ;’
1036 3650 1089 3693 et
1120 3644 1338 3694 Boetius
1359 3647 1628 3711 eleganter

561 3715 578 3743 ‘
598 3717 821 3782 triplicis
843 3719 1079 3771 naturae!

630 3795 736 3846 Hic
772 3810 899 3860 ergo
933 3805 1013 3848 est
1036 3798 1163 3848 ordo
1186 3799 1476 3863 verborum,
1516 3802 1627 3851 ‘Tu

568 3880 888 3924 connectens
906 3873 1144 3926 Animam
1158 3876 1173 3899 '
1194 3877 1377 3927 Mundi
1396 3892 1487 3927 seu
1503 3879 1627 3928 Uni·

567 3951 726 4016 versi,
759 3956 775 3983 ⁸
794 3954 1014 4004 mediam
1030 3954 1044 3976 '
1067 3954 1206 4006 inter
1227 3956 1626 4019 intelligentiam

569 4036 624 4078 et
658 4045 863 4081 sensum
902 4047 963 4082 ac
1001 4034 1269 4098 utriusque
1304 4034 1628 4098 participem.

570 4111 690 4159 Non
715 4117 889 4160 tamen
911 4111 1271 4176 intelligentiae
1295 4118 1518 4174 tantum,
1538 4111 1629 4161 ali-

570 4190 727 4254 oquin
769 4190 823 4238 in
875 4188 1205 4240 inferioribus
1261 4189 1626 4254 generationes

570 4280 674 4316 non
695 4265 918 4318 fierent:
953 4269 1074 4332 quia
1098 4266 1268 4316 omnia
1307 4265 1464 4315 etiam
1495 4264 1627 4315 infe-

572 4346 708 4397 riora
734 4345 915 4396 eodem
949 4358 1008 4394 se
1039 4343 1190 4394 modo
1229 4357 1435 4409 semper
1466 4342 1627 4393 babe-

1232 431 1442 480 κοτε
1491 419 1892 480 unionum
1942 430 2023 479 lN

1660 581 1796 630 rent,
1846 586 2014 639 neque
2065 580 2521 638 corrumperentur
2542 591 2555 625 :
2614 590 2712 625 non

1662 667 1839 701 sensus
1879 653 2053 716 etiam,
2089 660 2279 702 cuncta
2311 653 2446 701 enim
2487 654 2716 702 coelestia

1663 744 1867 794 quoque
1910 730 2074 778 errori
2117 729 2492 792 mutationique
2545 736 2716 777 essent

1663 807 1888 855 obnoxia
1913 823 1927 855 ε
1963 807 2054 855 sed
2076 807 2279 855 tertiam
2297 804 2558 870 quandam
2580 812 2722 853 uatu-

1665 898 1793 942 ram,
1807 870 1970 946 ipsam
1998 882 2253 945 Animam,
2270 898 2383 947 quoe
2404 889 2461 931 et
2485 882 2720 930 intellec·

1668 966 1749 1008 tus
1775 967 1827 1008 et
1848 974 2024 1008 sensus
2046 973 2213 1022 capax
2238 964 2391 1007 esset.
2427 959 2442 985 ‘
2469 958 2581 1006 Per
2603 972 2733 1006 con--x

1667 1049 1791 1084 sona
1818 1035 2048 1084 membra
2067 1034 2311 1084 resolvis:
2359 1035 2440 1083 Ex
2479 1033 2723 1081 Platone.

1667 1110 1806 1160 Huic
1831 1110 2030 1160 Animae
2052 1110 2343 1160 necessaria
2376 1117 2534 1158 erant
2570 1122 2745 1176 mem-¹,

1669 1187 1762 1236 bra
1781 1189 1859 1237 his
1882 1188 2080 1237 naturis
2113 1185 2565 1247 facultatibusque
2606 1199 2725 1234 cou-

1669 1278 1817 1313 sona:
1849 1279 1951 1313 non
1975 1278 2141 1327 aures,
2159 1269 2251 1313 aut
2272 1262 2434 1327 pedes
2457 1276 2728 1322 manusve,

1667 1341 1856 1405 inquit,
1895 1342 2083 1406 quibus
2140 1341 2342 1391 scilicet
2398 1345 2730 1389 moveretur:

1670 1418 1763 1467 sed
1785 1424 1977 1467 motum
2001 1417 2148 1466 dedit
2168 1417 2243 1465 illi
2262 1417 2406 1466 Deus
2428 1416 2517 1480 qui
2543 1428 2730 1478 corpo·

1671 1494 1714 1543 ri
1746 1493 1859 1558 ejus
1896 1501 2034 1542 esset
2069 1492 2388 1557 aptissimus,
2420 1490 2728 1542 orbicularis

1671 1571 1928 1629 nimirum,
1950 1571 2039 1635 qui
2057 1584 2187 1619 unus
2206 1585 2271 1619 ex
2283 1578 2483 1633 septem
2505 1567 2731 1617 motibus

1674 1648 1738 1698 ad
1755 1656 1981 1699 mentem
2005 1656 2060 1699 et
2080 1648 2496 1712 intelligentiam,
2531 1648 2647 1697 γοῦν
2659 1645 2736 1695 καὶ

1673 1723 1914 1789 φρόνησιν,
1937 1726 2248 1789 pertineret.
2306 1725 2519 1789 Itaque,
2542 1725 2734 1787 inquit,

1675 1802 1798 1852 κατὰ
1816 1804 1860 1851 τ’
1883 1801 2002 1851 αὐτὰ
2023 1802 2074 1851 ἐν
2090 1802 2163 1863 ref?
2180 1802 2306 1863 almi?
2319 1800 2396 1850 καὶ
2429 1801 2485 1849 ἐν
2504 1800 2638 1862 αὐτῷ’
2652 1818 2732 1849 πε-

1674 1880 1909 1943 ριαγαγὼν
1943 1878 2079 1941 αὐτὸ,
2099 1877 2291 1935 ἐποίησε
2321 1874 2483 1939 κύκλῳ
2512 1879 2738 1926 κινεῖσθαι

1677 1956 2010 2021 στρεφόμενον,
2042 1957 2058 1983 ‘
2078 1970 2195 2005 cum
2219 1956 2361 2004 illum
2397 1969 2497 2019 per
2535 1954 2738 2016 eadem,

1678 2035 1808 2084 etin
1835 2034 2037 2096 eodem,
2058 2041 2114 2081 et
2136 2034 2189 2081 iu
2213 2031 2382 2095 seipso
2408 2031 2749 2081 circumduxr

1680 2112 1825 2171 isset,
1858 2108 2035 2159 effecit
2055 2116 2113 2158 ut
2133 2108 2374 2158 circulari
2396 2108 2737 2157 conversione

1679 2185 2011 2237 moveretur!
2078 2186 2338 2235 Nimirum
2377 2183 2500 2233 dum
2524 2185 2618 2233 illa
2638 2184 2751 2232 mo-⁴

1680 2273 1769 2314 vet
1787 2264 1968 2313 orbem
1991 2262 2209 2327 primum
2232 2260 2497 2323 mobilem,
2515 2262 2618 2310 hoc
2640 2266 2738 2323 est,

1682 2344 1869 2393 coelum
1920 2339 2298 2400 intelligentiae,
2349 2337 2488 2401 quod
2556 2336 2740 2385 eodem

1684 2432 1888 2483 semper
1905 2425 2045 2466 motu
2069 2414 2273 2478 agitur3
2306 2420 2363 2461 et
2383 2412 2566 2462 orbem
2589 2425 2740 2477 gene-

1685 2493 1921 2555 rationis,
1953 2492 2051 2540 boc
2087 2495 2188 2549 est,
2231 2489 2392 2548 errori
2435 2488 2739 2550 obnoxium,

1687 2570 1773 2635 qui
1819 2576 1899 2622 est
1944 2569 2268 2632 planetarum
2313 2564 2476 2626 orbis,
2518 2565 2742 2614 omnium

1688 2646 2073 2713 generationum
2110 2657 2284 2705 causa,
2327 2640 2741 2705 quandoquidem

1686 2725 2042 2790 intelligentiae
2100 2728 2269 2771 motus
2324 2719 2596 2769 circularis
2651 2726 2746 2781 est,

1687 2804 1774 2853 ‘in
1811 2809 1976 2852 semet
2012 2799 2244 2849 reditura
2270 2803 2411 2846 meat
2430 2795 2466 2846 τ’
2500 2797 2625 2860 quia
2649 2795 2743 2844 sci·

1687 2881 1817 2931 licet
1839 2880 2005 2929 divisa
2022 2892 2134 2937 seu,
2156 2883 2214 2924 ut
2237 2874 2468 2936 loquitur
2490 2887 2613 2922 cum
2631 2873 2744 2922 Pla-

1691 2965 1814 3008 tone
1860 2954 2094 3016 Boetius,
2126 2953 2142 2980 ‘
2165 2961 2313 3002 secta
2360 2951 2413 2999 in
2459 2950 2589 2999 dnos
2633 2949 2743 2998 illos

1690 3032 1879 3096 orbes,’
1899 3031 1954 3080 iu
1977 3045 2033 3080 se
2055 3028 2393 3087 convertitur,
2411 3039 2580 3090 neque
2599 3032 2746 3074 extra

1690 3125 1746 3160 se
1789 3109 1978 3169 fertur,
2020 3105 2192 3156 omnia
2230 3103 2501 3154 continens
2519 3118 2535 3151 ι
2584 3101 2748 3165 figura

1690 3188 1824 3237 enim
1848 3185 2137 3236 orbiculata
2160 3180 2545 3245 perfectissima
2567 3185 2670 3242 est,
2691 3184 2745 3229 ut

1691 3280 1806 3330 quae
1853 3261 2130 3313 Aristoteli
2175 3271 2378 3324 quoque
2419 3254 2540 3317 μήτε
2584 3255 2748 3320 ἀρχὴν,

1690 3343 1811 3404 μήτε
1824 3339 1964 3390 τέλος
1981 3337 2101 3401 ἔχει,
2116 3336 2226 3386 ἀλλ’
2240 3335 2304 3385 εἷς
2317 3333 2455 3384 {atrro
2468 3330 2750 3394 συννένενκε,

1693 3424 1710 3451 ‘
1731 3433 1895 3485 neque
1929 3416 2240 3481 principium
2275 3413 2454 3473 habet,
2491 3427 2664 3483 neque
2696 3408 2760 3458 fi·-

1695 3512 1834 3559 nem,
1893 3494 1985 3545 sed
2028 3495 2080 3542 in
2125 3492 2343 3554 seipsam
2390 3487 2749 3539 convertitur!

1698 3574 1824 3625 Ideo
1848 3587 2051 3638 quoque
2077 3567 2378 3618 orbicularis
2415 3568 2649 3631 Platoni,
2685 3567 2751 3628 τῷ·

1698 3650 1791 3714 ’γὰρ
1808 3647 1872 3697 τὰ
1891 3645 2029 3696 πάντ’
2051 3647 2102 3693 ἑν
2123 3644 2255 3704 adr&
2266 3641 2366 3705 ζῶα
2384 3639 2619 3705 περιέχειν
2636 3640 2747 3698 μὲλ-

1697 3738 1831 3778 λοντι
1852 3724 1972 3789 ζῶῳ,
2005 3720 2184 3786 πρέπον
2202 3720 2261 3768 δι’
2281 3719 2352 3777 εἵη
2374 3720 2545 3780 σχῆμα
2581 3717 2639 3767 τὸ
2671 3735 2751 3766 πει

1699 3801 1935 3869 ριειληφὺς
1950 3801 2002 3849 ἐν
2021 3799 2147 3858 αὐτῷ’
2166 3793 2322 3844 πάντα
2338 3793 2494 3842 ὁπόσα
2509 3793 2761 3856 σχήματα,

1698 3883 1715 3910 ‘
1731 3879 1917 3930 animal
1942 3877 2138 3940 quippe
2159 3873 2276 3934 hoc,
2294 3872 2432 3936 quod
2450 3871 2595 3921 intra
2612 3885 2754 3921 suum

1700 3955 1951 4006 ambitum
1966 3958 2082 4001 erat
2100 3947 2338 4000 animalia
2358 3948 2532 3998 omnia
2548 3955 2765 3999 conten-¹

1702 4041 1893 4091 turum,
1915 4042 2028 4077 eam
2052 4024 2269 4088 figuram
2295 4023 2566 4088 praecipue
2593 4024 2756 4089 requi-

1699 4107 1870 4168 rebat,
1904 4105 1956 4152 in
1982 4117 2082 4167 qna
2113 4101 2309 4165 figura>
2328 4114 2504 4151 omues
2528 4101 2755 4150 contine-

1702 4181 1913 4233 rentur?
1980 4180 2128 4228 Hanc
2165 4191 2288 4227 vero
2324 4177 2570 4227 Plotinus
2591 4184 2763 4229 motus,-

1700 4263 1849 4312 istius
1893 4272 2101 4310 causam
2144 4254 2433 4305 naturalem
2462 4253 2661 4314 tradit,
2702 4248 2755 4301 ἐκ

1701 4340 1787 4399 τῆς
1808 4335 2019 4401 σχέσεως
2038 4331 2096 4394 ἣν
2118 4331 2220 4397 ἔχει
2241 4329 2352 4396 πρὸς
2385 4330 2450 4382 τὰ
2470 4328 2561 4396 πρὸ
2595 4329 2747 4381 αὑτοῦ
