3049 4928
491 431 624 500 260

1206 448 1516 498 1301?an
1567 449 1668 498 DE
1716 449 2058 500 CONSUL.'

1494 599 1716 652 NovAE

484 703 659 753 tautes
682 712 896 763 germen
920 697 1002 749 bie
1036 697 1333 765 significare
1367 699 1564 764 priuci-

490 780 653 845 pium,
690 778 873 828 dicunt
916 792 1034 828 esse
1080 778 1360 843 syntaxim,
1405 794 1563 844 quam

487 854 838 909 Grammatiei
884 855 1068 905 dicunt
1107 855 1466 906 ‘Nominativi
1505 862 1562 906 et

486 933 668 998 verbi,'
708 939 767 983 ut
810 931 1137 998 significetur
1180 933 1367 983 nobilis
1414 933 1561 996 origo

482 1012 809 1062 mortalium:
863 1011 1000 1077 quod
1044 1017 1226 1075 potest
1265 1010 1563 1061 confirmari

487 1089 647 1140 etiam
689 1104 756 1139 ex
802 1103 865 1138 eo
903 1089 1043 1154 quod
1081 1088 1097 1116 ‘
1128 1087 1376 1153 germen’
1411 1088 1561 1154 quasi

490 1171 507 1199 ‘
537 1170 767 1236 gerimen
785 1168 799 1191 '
819 1169 1046 1232 dicatur,
1060 1168 1196 1235 quod
1216 1168 1445 1218 sobolem
1470 1183 1560 1231 ge-

486 1250 591 1300 rit:
627 1250 718 1299 sed
744 1249 993 1315 quicquid
1026 1248 1095 1298 sit
1116 1248 1184 1298 de
1217 1254 1440 1314 utraque
1462 1247 1560 1298 hac

486 1329 706 1380 nominis
728 1327 878 1393 hujus
901 1328 1358 1392 interpretatione,
1382 1334 1557 1391 poste-

483 1407 590 1457 rior
620 1405 885 1456 sententia
925 1405 1074 1455 uobis
1113 1405 1325 1455 videtur
1363 1405 1559 1456 rectius

485 1493 544 1535 et
578 1484 821 1535 concludi
855 1499 922 1534 ex
961 1482 1138 1547 dietis,
1175 1490 1231 1534 et
1262 1484 1422 1533 statui
1463 1499 1561 1548 pro

484 1562 744 1627 principio
765 1560 945 1613 statim
968 1562 1326 1612 dicendorum.
1395 1561 1561 1614 Quasi

483 1641 677 1693 dixerit
713 1640 1089 1704 Philosophia:
1150 1641 1281 1691 Cum
1325 1640 1560 1690 homines

483 1732 686 1782 omnes,
702 1733 820 1768 cum
850 1717 1055 1768 ratione
1078 1717 1310 1782 corporis
1343 1717 1560 1768 mentis·

1644 714 1764 767 que,
1778 707 1886 751 tum
1910 699 2070 751 etiam
2095 697 2297 750 ratione
2320 705 2512 750 mutuae
2538 698 2730 750 barum

1645 780 1873 845 partium
1907 778 2315 845 conjunctionis,
2338 794 2368 830 a
2402 779 2517 831 Deo
2553 780 2731 830 orian-

1645 864 1749 922 tur,
1775 865 2058 923 propterea
2088 857 2324 908 homines
2358 872 2538 908 omnes
2577 874 2610 908 a
2634 873 2729 909 no-

1648 935 1896 986 bilissimo
1944 942 2168 1001 parente
2227 937 2465 987 oriuntur
2486 952 2500 987 :
2562 952 2730 1003 quare

1644 1014 1802 1065 iidem
1841 1015 2088 1079 homines,
2120 1016 2400 1066 contemtis
2428 1029 2632 1079 genere
2670 1023 2729 1066 et

1643 1094 1849 1158 proavis
1875 1093 2234 1157 terrestribus,
2249 1093 2557 1143 nobilissimi
2582 1102 2732 1155 sunt,

1642 1171 1741 1221 nisi
1761 1171 1778 1199 ‘
1794 1171 1933 1221 vitiis
1957 1170 2224 1236 proprium
2245 1170 2492 1222 deserant
2511 1171 2731 1222 ortum!

1641 1248 1797 1300 Falsa
1820 1255 1946 1314 ergo
1981 1247 2298 1299 assumtione
2331 1245 2611 1312 falluntur,
2636 1249 2727 1314 qui

1640 1341 1793 1392 quam
1818 1326 2001 1376 summi
2036 1324 2161 1376 boni
2191 1324 2501 1375 naturaliter
2525 1335 2727 1376 norunt

1642 1408 2004 1468 appetantque
2035 1401 2386 1466 nobilitatem,
2403 1403 2535 1454 hane
2558 1404 2616 1453 in
2643 1419 2728 1454 so·

1643 1483 1694 1530 la
1710 1481 1973 1546 Majorum
1993 1481 2287 1533 mortalium
2308 1481 2563 1532 nobilium
2585 1482 2726 1532 serie

1642 1563 1840 1610 versari
1858 1565 2064 1625 putant.
2100 1560 2400 1625 Supersunt
2419 1562 2728 1626 voluptates

1642 1651 1894 1702 corporis.

1326 2179 1650 2247 PROSA
1697 2179 1869 2247 VII.

571 2336 781 2417 Qum
813 2341 1039 2399 autem
1070 2335 1154 2401 de
1182 2336 1487 2420 corporis
1516 2336 1997 2421 voluptatibus
2022 2346 2042 2374 ¹
2086 2337 2375 2423 loquar?
2423 2356 2711 2422 quarum

486 2440 964 2529 appetentia¹⁹⁵
1004 2441 1281 2528 quidem
1311 2442 1520 2528 plena
1553 2450 1661 2509 est
1712 2443 2134 2525 anxietatis:
2178 2443 2511 2511 satietas!
2553 2467 2713 2512 vero

492 2546 933 2634 poenitentiae
1029 2546 1348 2626 Quantos
1381 2546 1521 2613 inae
1546 2557 1570 2584 ¹

1636 2550 1941 2626 morbOS,
1992 2568 2193 2635 quam
2254 2548 2720 2619 intolerabiles

482 2653 770 2731 dolores,
797 2653 1000 2736 quasi
1032 2654 1369 2737 quendam
1400 2653 1699 2719 fructum
1721 2655 2063 2738 nequitiae,
2094 2654 2461 2718 fruentium
2487 2656 2716 2721 solent

482 2757 727 2822 referre
757 2758 1191 2842 corporibus!
1224 2776 1514 2843 quarum
1536 2763 1761 2823 motus
1785 2756 1948 2842 quid
1967 2758 2211 2823 habeat
2230 2755 2713 2843 jucunditatiS,

545 2964 581 2988 ¹⁰
612 2956 883 3021 Appetitio.
1011 2965 1037 2990 ⁸
1068 2958 1298 3021 Angor-is.

1447 2965 1473 3000 ν
1514 2958 1660 3009 Usus.

1790 2966 1814 2992 ²
1855 2958 2151 3024 Voluptates.

1481 3104 1706 3158 No'rAE

538 3230 561 3256 ¹·
594 3224 725 3281 Quid
760 3228 919 3275 autem
951 3226 1010 3274 de
1048 3223 1257 3290 corporis
1289 3222 1547 3288 tolnptati-

472 3300 583 3365 bus]
638 3302 895 3365 Voluptas
949 3309 1031 3352 est
1076 3300 1349 3366 cogitatiO,
1395 3299 1546 3364 cujus

469 3393 618 3428 mens
663 3378 889 3436 conscia,
929 3380 1271 3443 jucunditate
1322 3380 1546 3445 quadam

470 3454 831 3520 perfunditur:
864 3458 880 3485 ‘
897 3457 951 3506 in
968 3472 1031 3507 eo
1047 3458 1220 3520 enim,’
1232 3460 1404 3524 inquit
1418 3460 1547 3508 Tul-

468 3535 569 3584 lius
595 3548 657 3583 11.
683 3534 750 3583 de
770 3534 886 3583 Fin.
909 3536 924 3562 ‘
940 3536 1180 3599 voluptas
1197 3536 1423 3585 omnium
1448 3537 1548 3587 La·

470 3616 581 3665 tine
620 3615 943 3679 loquentium
979 3628 1123 3664 more
1159 3616 1386 3678 ponitur,
1425 3630 1558 3666 eum-

469 3692 762 3757 percipitur
805 3706 890 3755 ea,
923 3707 1043 3756 quae
1080 3706 1288 3742 sensum
1319 3694 1544 3759 aliquem

469 3774 699 3830 moveat,
747 3767 1086 3833 jucunditas-⁹
1169 3770 1349 3822 Quare
1401 3771 1543 3836 quod

396 3904 402 3911 .
468 3859 619 3895 mens
642 3852 825 3896 nostra
846 3852 905 3895 et
942 3843 1188 3897 effectum
1213 3849 1337 3907 Dei,
1360 3855 1415 3899 et
1437 3848 1546 3900 for-

466 3939 552 3974 ma
592 3926 759 3975 nostri
792 3925 1049 3990 eorporis,
1081 3925 1372 3990 jucundam
1406 3929 1547 3993 cogi·

467 4003 722 4054 tationem
776 4003 971 4055 habere
1016 4005 1184 4070 possit
1218 4005 1545 4070 dupliciter3

468 4079 693 4146 primum
722 4081 934 4147 quidem
975 4082 1042 4132 ab
1072 4081 1190 4148 ipso
1217 4084 1355 4147 Deo,
1378 4099 1409 4134 a
1440 4099 1545 4150 quo

466 4166 525 4209 et
545 4169 766 4225 propter
803 4177 957 4228 quem
981 4161 1192 4212 condita
1213 4167 1316 4225 est,
1348 4161 1545 4212 deiude

470 4252 504 4287 a
557 4251 800 4304 corpore,
834 4255 952 4290 eum
1010 4254 1112 4304 quo
1166 4238 1541 4303 conjungitur3

465 4321 746 4380 propterea
769 4319 1015 4382 voluptas
1032 4316 1257 4379 duplicis
1279 4324 1362 4366 est
1386 4330 1543 4382 gene·

462 4391 557 4463 ris.
622 4394 745 4445 Una
766 4394 944 4459 animi,
965 4393 1033 4444 de
1053 4406 1155 4458 qua
1187 4392 1274 4444 hic
1309 4407 1410 4444 non
1436 4393 1545 4460 agi·

1628 3229 1746 3274 tur:
1783 3225 1956 3275 altera
1973 3224 2228 3290 eorporis,
2250 3224 2305 3274 in
2328 3237 2429 3290 qua
2450 3222 2709 3274 rationem

1628 3303 1813 3352 summi
1836 3302 1960 3353 boni
1993 3317 2096 3353 non
2121 3303 2316 3354 versari
2351 3303 2429 3354 sie
2464 3302 2708 3353 Philosoe

1629 3379 1750 3444 phia
1771 3381 1985 3430 videtur
2004 3381 2246 3445 probare.
2312 3379 2451 3431 Haec
2469 3380 2709 3445 eorporis

1631 3458 1873 3520 voluptas
1889 3458 1973 3507 vel
1993 3459 2112 3523 lege
2128 3457 2458 3521 prohibetur,
2476 3458 2564 3507 vel
2582 3471 2705 3507 non.

1628 3534 1684 3583 Si
1708 3535 1823 3599 lege
1847 3534 2205 3599 prohibeatur,
2227 3542 2285 3585 et
2317 3533 2593 3585 desideriis
2615 3549 2708 3584 an-

1628 3612 2018 3675 tecedentibus,
2073 3619 2129 3662 et
2182 3611 2445 3662 doloribus
2519 3625 2708 3662 eonse-

1626 3689 1905 3755 quentibus
1927 3690 1999 3740 ita
2019 3688 2474 3754 circumfunditur,
2494 3695 2558 3741 ut
2588 3690 2707 3756 plus

1629 3768 1792 3818 amari
1838 3782 1991 3832 quam
2024 3768 2248 3833 jucundi
2290 3767 2572 3818 admistum
2616 3768 2707 3818 ha·

1627 3846 1772 3897 beat.
1838 3847 1895 3896 Si
1930 3860 2053 3896 vero
2080 3846 2198 3911 lege
2233 3845 2593 3910 permittatur,
2611 3846 2704 3895 liu·

1619 3924 1711 3989 jus
1755 3922 1959 3975 fructus
2001 3924 2154 3974 liberi
2202 3922 2506 3988 parentibus
2557 3937 2706 3987 saepe

1628 4002 1762 4052 adeo
1801 4009 1925 4053 sunt
1961 4001 2171 4065 infensi,
2204 4009 2264 4052 ut
2299 4015 2485 4051 carens
2521 4001 2705 4052 liberis

1626 4095 1721 4130 suo
1766 4080 2008 4130 videatur
2043 4078 2329 4131 infortunio
2373 4077 2538 4129 felix:
2580 4092 2702 4144 quae

1624 4158 1799 4208 omnia
1820 4173 2053 4209 seorsum
2074 4171 2212 4209 nunc
2238 4162 2590 4222 exponentur.

1688 4245 1709 4270 ⁸
1744 4239 1960 4294 Quarum
1997 4234 2293 4302 appetentia]
2327 4249 2365 4286 1.
2398 4234 2592 4299 Agitur
2629 4233 2699 4283 de

1625 4316 1812 4368 illicita
1852 4318 2087 4383 eorporis
2124 4317 2411 4381 voluptate,
2433 4315 2580 4379 cujus
2614 4311 2694 4361 fn·

1628 4402 1761 4447 turae
1797 4395 2096 4461 coneipitur
2137 4395 2154 4426 ‘
2172 4392 2484 4460 appetentia
2505 4391 2542 4446 ε’
2564 4394 2583 4422 ⁴
2604 4390 2693 4441 du-
