3049 4928
458 365 548 430 32
1283 382 1588 430 non'rnn
1641 383 1844 437 νιτΑ.

462 529 553 596 ad
597 524 957 593 Boethium
988 524 1328 611 Epistola,
1358 548 1513 612 quae
1542 535 1612 593 et
1640 529 1995 596 Ptolemaei
2043 529 2405 616 Syntaxin,
2435 540 2506 598 et
2533 530 2666 598 Ar·

464 630 790 698 chimedis
829 628 1277 695 Mechanicen
1326 631 1414 695 ab
1460 650 1546 697 eo
1602 631 1965 699 Latinitate
2006 633 2328 700 donatam
2355 634 2666 703 affirmat.

461 733 718 801 Verum
747 733 1076 819 praeludia
1101 733 1251 821 haec
1279 734 1493 800 fuisse
1522 735 1916 801 crediderim
1949 756 2175 803 eorum
2201 757 2357 824 quae
2386 739 2494 804 vir
2521 747 2671 805 tan-

460 847 573 905 tus
630 844 849 904 mente
904 837 1222 921 agitabat.
1312 837 1826 923 Philosophiam
1887 841 2062 906 enim
2124 842 2391 908 Latinis
2445 843 2669 909 literis

462 942 801 1023 illustrare
818 939 1274 1020 constituerat,
1295 959 1433 1006 non
1452 947 1530 1008 ut
1553 939 1778 1007 Varro
1801 941 2129 1022 Stoicam,
2156 963 2283 1009 nec
2301 948 2378 1009 ut
2397 944 2667 1012 Tullius

463 1044 968 1123 Academicam,
999 1040 1122 1113 sed
1150 1062 1304 1109 eam
1333 1062 1489 1127 quae
1522 1049 1790 1109 ceteras
1832 1044 2244 1125 obscuravit,
2273 1046 2365 1111 ab
2403 1043 2669 1113 Aristo-

463 1151 597 1216 tele
627 1149 986 1225 invectam,
1009 1151 1142 1211 eta
1171 1151 1273 1212 tot
1285 1147 1766 1232 praestantibus
1785 1147 2054 1231 ingenio
2073 1148 2266 1229 viris,
2294 1155 2494 1216 aetate
2516 1157 2659 1217 tam

464 1256 669 1337 longa
688 1251 1106 1318 celebratam.
1155 1248 1241 1313 Id
1265 1250 1418 1334 ipse
1447 1250 1799 1316 hisverbis
1830 1251 2195 1337 significat:
2227 1253 2407 1338 ‘Ego
2431 1252 2672 1334 omne,'

464 1362 586 1424 Sto.
617 1354 812 1441 [Vid.
844 1354 1059 1419 Bertii
1090 1353 1297 1420 Praef.
1317 1374 1468 1440 sup.
1488 1374 1557 1438 p.
1576 1353 1716 1434 16.]
1748 1355 1962 1439 Igitur
1982 1356 2451 1444 Porphyrium,
2474 1339 2674 1442 quem

466 1458 860 1528 Victorinus
908 1457 1145 1541 Apher
1192 1458 1596 1543 compendio
1640 1460 2095 1539 transtulerat,
2141 1461 2558 1544 explanavit,
2608 1466 2675 1526 et

466 1563 752 1630 eundem
774 1581 822 1626 a
864 1580 939 1625 se
962 1580 1126 1625 mox
1154 1561 1653 1646 interpretatum
1700 1564 1906 1628 novis
1935 1583 2195 1628 rursum
2231 1565 2675 1648 expositioni-

463 1670 592 1736 bus
611 1666 992 1730 illustravit.
1024 1663 1578 1730 Praedicamentis
1598 1684 1866 1729 manum
1891 1665 2312 1745 admoverat,
2337 1686 2489 1732 cum
2507 1687 2673 1732 ecce

468 1767 730 1836 Consul
752 1767 996 1833 Romae
1015 1772 1309 1833 creatur:
1336 1767 1468 1837 hoc
1489 1768 1646 1852 ipse
1669 1768 1817 1834 suis
1842 1768 2062 1835 verbis
2081 1769 2452 1853 significat:
2484 1774 2506 1805 ‘
2520 1770 2674 1835 Etsi

467 1891 595 1938 nos
612 1869 838 1950 curae,’
865 1873 984 1936 διο.
1029 1868 1220 1954 [Vid.
1266 1869 1480 1935 Bertii
1502 1869 1708 1935 Praef.
1734 1890 1975 1955 sup.p.
1995 1870 2132 1953 15]
2165 1870 2343 1938 Haec
2377 1868 2512 1936 ille.
2558 1871 2671 1937 Ex

408 2048 423 2055 ‚
470 1974 714 2062 quibus
742 1973 908 2038 illud
935 1974 1139 2038 etiam
1169 1971 1420 2038 falsum
1451 1991 1607 2038 esse
1636 1972 2050 2040 convincitur
2082 1973 2266 2057 quod
2298 1973 2510 2058 aliqui
2536 1994 2678 2040 me-

467 2078 700 2145 moriae
721 2076 1172 2160 prodiderunt,
1204 2075 1561 2142 Boethium
1592 2067 1839 2157 omnia,
1871 2094 2021 2141 *non
2041 2077 2386 2161 pleraque,
2417 2077 2677 2160 relega-

367 2245 371 2249 .
470 2188 614 2248 tum
672 2182 1054 2266 scripsisse.
1163 2177 1279 2245 Ad
1333 2179 1760 2245 consulatum
1818 2185 2041 2245 autem
2075 2179 2345 2264 juvenis
2377 2181 2683 2264 pervenit

468 2284 706 2350 favore
736 2284 1116 2368 principum
1137 2281 1433 2350 civitatis
1465 2303 1482 2348 ε
1524 2300 1807 2367 puerum
1831 2281 2012 2349 enim
2044 2300 2090 2346 a
2133 2286 2325 2367 patre
2364 2281 2680 2349 relictum
2751 2362 2758 2371 ·

466 2386 835 2455 curandum
880 2393 1336 2471 susceperant,
1382 2387 1571 2472 quod
1613 2392 1682 2451 et
1731 2386 2012 2471 antiqua
2056 2383 2299 2449 Manlii
2353 2384 2684 2472 Torquati

465 2492 728 2560 familia
753 2495 1143 2577 prognatum
1172 2491 1435 2569 scirent,
1464 2494 1536 2554 et
1561 2509 1809 2556 novam
1850 2488 2077 2555 Anicii
2123 2489 2363 2575 proavi
2388 2488 2685 2555 indolem

468 2593 992 2682 perspectamin
1021 2594 1179 2678 ipso
1206 2593 1552 2659 haberent.
1641 2592 1872 2657 Primo
1913 2591 2070 2676 ejus
2108 2591 2489 2671 consulatu,
2521 2589 2685 2658 Rex

466 2699 879 2767 Hunnorum
924 2702 998 2763 et
1065 2697 1314 2776 Italiae,
1372 2695 1717 2776 odoacer,
1774 2695 2074 2761 Phoeba
2109 2693 2457 2777 Rugorum
2501 2693 2687 2785 duce⁴

466 2802 654 2870 victo
681 2808 1020 2889 captoque
1065 2802 1325 2886 potitus
1354 2806 1488 2881 est,
1536 2800 1749 2866 sieuti
1777 2798 2239 2866 Cassiodorus
2276 2797 2523 2880 tradit:
2563 2799 2687 2883 qui

467 2906 581 2974 his
622 2907 870 2986 solum,
916 2926 1074 2973 cum
1119 2904 1530 2991 Symmacho
1569 2902 1808 2983 semel,
1864 2906 2094 2986 ipsum
2132 2903 2208 2967 in
2253 2899 2685 2967 Consulibus

465 3011 790 3076 nominat.
881 3009 1044 3075 Non
1068 3009 1290 3074 solum
1331 3008 1564 3072 autem
1594 3004 1985 3089 dignitatem
2010 3004 2184 3070 hauc
2213 3004 2685 3090 ipseadeptus

472 3117 598 3191 est,
621 3111 740 3177 sed
754 3111 932 3178 dnos
945 3112 1152 3177 etiam
1174 3110 1359 3175 filios
1387 3127 1575 3187 suos,
1604 3105 1786 3192 quod
1806 3125 2147 3191 nunquam
2169 3112 2369 3173 antea
2387 3108 2689 3191 contige-

471 3220 596 3293 rat,
620 3213 962 3280 Consules
984 3214 1221 3281 eodem
1249 3217 1549 3297 tempore
1566 3209 1762 3291 vidit,
1787 3209 2160 3276 Patricium
2182 3216 2254 3276 et
2272 3209 2690 3296 Hypatium.

471 3316 673 3383 Anno
694 3317 819 3383 illo
843 3316 1175 3383 Boethius
1212 3317 1288 3382 in
1313 3316 1514 3382 curia
1538 3312 2036 3381 'I'heodoricum
2061 3320 2203 3381 tum
2224 3314 2515 3400 primum
2540 3312 2689 3379 Ro-

472 3429 653 3489 mam
705 3420 1129 3500 accersitum,
1161 3420 1339 3486 S.P.
1358 3419 1451 3501 Q.
1473 3418 1566 3486 R.
1596 3420 1896 3509 nomine,
1932 3438 2183 3503 magna
2207 3417 2525 3484 facundia
2543 3417 2690 3483 lau·
2816 3500 2822 3506 ι

473 3523 687 3603 davit,
709 3530 788 3590 et
801 3524 883 3589 iu
904 3523 1094 3590 circo
1113 3524 1400 3590 duorum
1414 3521 1789 3590 Consulum
1807 3522 2073 3588 medius
2089 3520 2494 3610 triumphale
2521 3539 2692 3586 cou-

472 3627 733 3693 vivium
752 3626 1179 3694 multitudini
1201 3626 1537 3695 exhibuit.
1569 3626 1923 3711 Collegam
1960 3627 2029 3691 in
2056 3623 2302 3692 ultimo
2331 3622 2692 3689 consulatu

476 3730 956 3817 Symachum
992 3750 1308 3798 socerum
1349 3731 1633 3815 habuit3
1698 3752 1851 3797 cum
1892 3750 2036 3817 q-uo
2080 3728 2551 3812 magistratum
2593 3727 2694 3793 ita

476 3835 713 3918 gessit,
752 3842 838 3902 ut
894 3856 1248 3903 commune
1288 3837 1545 3903 bonum
1599 3834 1891 3921 privatis
1953 3832 2273 3900 amicitiis
2330 3828 2693 3916 praeferret.

476 3935 753 4005 Accidit
780 3946 861 4005 ut
889 3940 1191 4006 Paullini
1239 3940 1617 4007 consularis
1647 3957 1820 4024 opes
1847 3936 2016 4022 regii
2045 3936 2384 4003 satellites
2414 3938 2696 4019 appete—

476 4047 650 4109 rmt:
681 4042 1020 4112 homiuem
1033 4044 1317 4129 ingenue
1334 4048 1596 4109 tutatus
1614 4048 1744 4108 est.
1760 4039 2091 4107 Albinum
2109 4039 2290 4106 falso
2311 4038 2693 4125 Cyprianus

476 4148 861 4214 accusavit:
902 4147 1333 4213 innocentem
1352 4145 1781 4213 consularem
1808 4143 2026 4212 virum
2055 4139 2375 4209 ostendit.
2420 4139 2695 4208 Acerba

476 4245 696 4316 flames
750 4247 1199 4337 Campaniam
1244 4249 1555 4335 urgebat,
1611 4256 1691 4317 et
1756 4247 2169 4317 acerbiorem
2239 4243 2692 4313 coemtionem
