3049 4928
465 399 553 469 54
1109 413 1578 467 ‘rus'rmouu
1631 414 2029 471 unionum

557 558 663 623 De
697 557 972 629 Musica
999 559 1120 629 lib.
1153 576 1217 622 v.
1265 564 1286 593 ‘
1313 558 1629 629 Omnium
1661 560 1928 645 quidem
1958 562 2354 647 perceptio!

556 660 676 726 De'
730 662 1211 751 Philosophica
1281 662 1756 735 Consolatione
1817 666 1933 731 lib.
1990 683 2058 727 v.
2128 671 2146 698 ‘
2176 664 2486 733 Carmina
2545 667 2665 752 qni

410 776 417 779 “
468 764 849 859 quondam?

554 866 634 931 In
683 866 1181 941 Geometricam
1233 869 1540 937 Euclidis
1586 871 1704 936 lib.
1748 887 1862 937 111.
1930 870 2115 959 ‘Qui
2154 891 2340 951 vero,
2383 872 2479 940 mi
2528 870 2667 939 Pa-

469 968 650 1035 triti:

556 1071 663 1139 De
697 1072 1077 1160 Disciplina
1109 1074 1542 1154 scholarium,
1560 1083 1640 1140 ut
1671 1076 1880 1160 aliqui
1914 1075 2169 1153 volunt,
2200 1075 2316 1147 lib.
2351 1090 2398 1139 1.
2446 1079 2466 1107 ‘
2487 1073 2665 1143 Ves-

467 1173 616 1249 tra!
702 1175 1032 1261 Indignus
1059 1186 1165 1242 est
1193 1178 1308 1242 ille
1335 1178 1523 1257 liber,
1544 1179 1665 1263 qui
1710 1183 1901 1243 tanto
1947 1178 2092 1249 viro
2143 1176 2486 1256 tribuatur,
2537 1186 2667 1243 uec

467 1276 671 1351 etiam
702 1279 885 1344 docti
909 1280 1082 1346 hunc
1106 1279 1398 1351 Boethio
1430 1281 1740 1353 tribuunt.

554 1380 661 1451 De
691 1382 895 1447 Locis
928 1383 1315 1453 Rhetoricis
1337 1384 1450 1455 lib.
1485 1400 1535 1446 1.

553 1484 660 1548 De
691 1484 1185 1555 Praedicatione
1218 1486 1593 1557 Potestatis
1620 1486 1742 1557 lib.
1770 1503 1818 1552 ι.

552 1588 1012 1671 Epistularum
1042 1591 1130 1654 ad
1154 1590 1480 1660 Diversus
1509 1590 1628 1661 lib.
1659 1606 1712 1661 ι.

546 1688 710 1756 Alia
737 1712 1010 1776 quoque
1036 1691 1358 1756 nonnulla
1385 1691 1746 1775 scripsisse
1778 1691 2057 1765 dicitur:
2081 1690 2204 1757 sed
2236 1691 2322 1756 ad
2352 1689 2666 1761 notitiam

465 1812 685 1861 meam
712 1814 845 1859 non
872 1801 1216 1865 venerunt.
1304 1793 1596 1861 Moritur
1637 1795 1873 1863 eodem
1915 1814 2113 1872 anno,
2171 1814 2307 1880 quo
2352 1795 2663 1881 Symma-

467 1896 634 1963 chus
667 1897 1025 1977 PatriciuS,
1066 1905 1138 1971 et
1178 1897 1224 1964 J
1228 1917 1478 1965 oannes
1539 1897 1740 1985 Pana
1768 1900 1894 1963 sub
1942 1896 2311 1967 Anastasio
2361 1895 2674 1979 Impera-.

464 2004 630 2077 tore,
649 1999 844 2082 jussu
871 1999 1281 2065 Theodorici
1311 2000 1521 2083 Regis
1549 2001 1634 2064 ad
1667 2000 2057 2065 Ravennam
2082 2007 2239 2085 post
2270 1998 2663 2085 diuturnum

462 2102 739 2169 exilium
770 2102 838 2166 in
869 2121 1136 2173 carcerc
1156 2102 1529 2186 jugulatus,
1559 2102 1753 2166 Anno
1791 2102 2057 2175 Domini
2091 2118 2367 2167 cxxiv.
2415 2100 2665 2167 Indict.

466 2198 530 2267 2.
561 2212 629 2268 et
660 2206 788 2269 sub
811 2206 1078 2289 nomine
1104 2205 1408 2272 Severini
1438 2204 1767 2289 Catalogo
1807 2205 2207 2271 Sanctorum
2239 2206 2530 2269 insertus
2561 2204 2666 2267 di-
2723 2263 2727 2266 ⁴

470 2307 684 2373 citur.’

1522 2427 1628 2494 II.

552 2545 778 2612 Julius
805 2547 1039 2612 Caesar
1061 2548 1375 2631 Scaliger,
1402 2549 1506 2612 vir
1534 2549 1602 2612 in
1631 2548 2008 2632 Republica
2036 2547 2332 2612 literaria
2368 2546 2668 2611 celeber·

466 2650 690 2729 rimUS,
745 2650 1100 2715 Boethium
1152 2652 1533 2735 saepissime
1591 2650 1853 2716 laudat:
1916 2656 1993 2713 ut
2040 2649 2110 2712 in
2160 2647 2668 2733 Hypercritico,

469 2756 490 2786 ‘
522 2751 784 2817 Boethii
834 2751 1180 2832 Severini,’
1227 2755 1466 2839 inquit,
1517 2758 1538 2791 ‘
1561 2752 1938 2836 ingenium,’
1978 2754 2099 2816 διο.
2141 2750 2333 2835 [vid.
2385 2748 2664 2814 Praefat.

468 2856 678 2919 Bertii
709 2875 855 2939 sup.
885 2876 952 2939 p.
975 2856 1115 2937 29]
1207 2857 1388 2922 Hinc
1418 2856 1597 2921 idem
1641 2856 1941 2938 Scaliger
1970 2855 2055 2919 do
2100 2853 2337 2920 eodem
2376 2850 2668 2916 Boethio
2721 2855 2722 2858 ’

468 2957 671 3036 canit,
696 2958 766 3021 in
798 2958 1035 3024 Divis:

640 3118 911 3184 Divinae
943 3139 1290 3188 enumeres
1320 3119 1620 3206 ingentia
1647 3120 1908 3184 semina
1929 3120 2206 3192 mentis:

728 3221 1020 3292 Dotibus
1053 3222 1381 3298 accedant
1410 3211 1639 3300 Curia,
1668 3222 1917 3305 lingua,
1945 3223 2145 3296 lares.

642 3322 848 3387 Haud
880 3325 1046 3390 satis
1074 3332 1213 3398 est:
1258 3343 1527 3408 appone
1557 3325 1814 3417 polum,
1837 3343 1996 3416 pars
2025 3342 2177 3397 esse
2207 3322 2458 3390 Boethi

730 3424 1074 3509 Coeperit:
1122 3431 1193 3492 at
1219 3425 1514 3508 nondum
1543 3445 1819 3516 munera
1838 3431 1985 3492 tota
2015 3425 2228 3508 capis·

1498 3620 1639 3685 ΙΙΙ.

555 3757 776 3822 Lilius
796 3757 1158 3839 Gregorius
1178 3756 1541 3842 enaldus,
1565 3759 1769 3830 etiam
1791 3757 1965 3826 inter
1985 3754 2229 3828 doctos
2257 3753 2667 3830 notissimuS,

468 3858 825 3926 Boethium
879 3859 1129 3942 pariter
1180 3863 1460 3925 summis
1523 3860 1836 3928 laudibus
1905 3856 2193 3933 extollit,
2247 3856 2331 3918 de
2385 3853 2662 3926 Poetar.

466 3963 732 4026 Historss
767 3961 945 4026 Dial.
975 3964 1039 4026 5.
1127 3967 1148 3997 ‘
1171 3962 1353 4041 Sed,'
1384 3964 1618 4047 inquit,
1652 3960 1895 4043 ‘hujus
1936 3958 2161 4031 aetatis
2211 3958 2383 4022 alios
2429 3955 2665 4021 affera-

463 4084 639 4140 muS,
671 4084 840 4147 quos
867 4064 1403 4132 inter-“Boethius
1428 4063 1714 4132 Anicius
1758 4061 2063 4134 Manlius
2095 4059 2478 4135 severinus,
2523 4057 2667 4130 RO-

465 4186 698 4231 manus
753 4168 1082 4233 Patricius
1131 4175 1198 4233 ct
1242 4167 1592 4245 exconsul,
1639 4166 1755 4251 qui
1813 4184 1856 4237 a
1907 4162 2155 4238 nostris
2202 4161 2542 4243 plerisque
2595 4160 2663 4224 in

357 4308 365 4314 -
465 4268 831 4355 Martyrum
888 4271 1218 4355 Catalogo
1273 4270 1643 4338 ascribitur.
1733 4267 1872 4340 Hic
1927 4285 2083 4332 cum
2127 4262 2556 4348 Symmachou
2598 4267 2666 4326 et
