3049 4928
1000 439 1122 486 Pul
1140 438 1522 486 LosoPfflAE

1574 439 1719 487 mn.
1767 439 1850 485 ιι.
2389 421 2519 494 187,

1310 581 1522 633 Nom-2

306 704 321 733 ⁴
341 701 456 766 ira‚’
490 703 687 767 quippe
706 716 861 768 quam
885 701 1122 753 insolitus
1138 704 1371 768 corporis
1399 688 1407 695 ²

306 785 474 830 motus
494 780 734 829 comitari
771 780 925 842 solet,
965 794 1068 829 non
1108 794 1226 829 raro
1263 780 1372 830 νίο-

304 859 470 907 lentos
514 871 617 906 non
663 857 828 905 solum
874 856 1114 919 bominis,
1167 856 1259 906 sed
1315 863 1373 907 et

303 935 607 997 bestiarum,
625 933 779 983 immo
802 933 958 983 etiam
978 933 1370 983 inanimatorum

305 1027 581 1075 corporum
622 1018 795 1061 motus
836 1010 1112 1076 significat.
1178 1012 1251 1060 Et
1275 1012 1372 1061 hoc

306 1089 460 1140 etiam
480 1089 729 1151 exemplo
743 1099 864 1137 usus
876 1095 953 1138 est
966 1088 1224 1151 Christus,
1241 1102 1371 1152 βιω-

304 1166 443 1218 dicto
488 1180 607 1231 cap.
641 1171 692 1217 7.
733 1166 928 1216 Matth.
996 1165 1256 1230 ‘Omnis,'
1294 1166 1370 1216 in·

1453 702 1586 769 quit,
1603 702 1621 732 ‘
1642 702 1730 768 qni
1752 702 1897 752 audit
1916 701 2071 753 verba
2089 716 2202 752 mea
2218 708 2273 753 et
2286 701 2412 754 facit
2436 718 2519 767 ea,

1454 779 1818 844 assimilabitur
1839 781 1948 829 viro
1971 778 2213 843 sapienti,
2233 779 2321 844 qui
2358 780 2520 830 aedifi-

1454 857 1596 907 cavit
1617 857 1821 906 domum
1847 871 1990 905 suam
2022 870 2180 920 supra
2202 863 2401 920 petram
2426 872 2441 905 ε
2464 862 2522 906 et

1453 932 1729 984 descendit
1754 933 1947 997 pluvia,
1984 940 2040 983 et
2080 940 2329 982 venerunt
2355 930 2520 1000 fluuii-

1451 1026 1539 1075 na,
1569 1017 1625 1059 et
1664 1009 1925 1060 flaverunt
1969 1010 2131 1073 venti,
2162 1017 2218 1058 et
2256 1010 2520 1060 irruerunt
2563 1057 2568 1062 .

1450 1089 1505 1137 in
1531 1088 1738 1138 domum
1762 1088 1920 1151 illam,
1943 1095 1998 1137 et
2021 1101 2121 1136 non
2144 1086 2339 1137 cecidit
2360 1104 2374 1136 ε
2397 1085 2514 1137 fun-

1451 1164 1577 1215 data
1598 1165 1735 1215 enim
1759 1172 1869 1215 erat
1887 1178 2045 1229 supra
2066 1162 2302 1228 petram.'
2513 1169 2520 1178 ’

1197 1682 1519 1748 PROSA
1563 1683 1655 1750 V.

384 1872 543 1937 SED
599 1871 913 1955 quoniam
960 1871 1295 1937 rationum
1335 1871 1483 1956 jam
1531 1873 1599 1938 in
1646 1885 1710 1940 te
1742 1895 2039 1940 mearum
2071 1875 2370 1940 fomenta
2399 1875 2516 1939 de-

307 1975 687 2055 scendunt,⁸
728 1976 934 2060 paulo
966 1975 1420 2041 validioribus
1440 1978 1761 2043 utendum
1793 1986 1982 2063 puto.
2068 1977 2262 2062 Ageb
2315 1979 2516 2055 enim,

308 2077 365 2139 si
411 2077 561 2162 jam
592 2079 879 2144 caducae
922 2085 991 2144 et
1018 2087 1581 2145 momentanea⁶⁷
1605 2079 1629 2119 ‘¹
1678 2082 1960 2149 sortunae
2010 2084 2190 2148 dona
2231 2101 2370 2146 non
2409 2100 2517 2144 es-

306 2186 472 2260 sent,
507 2181 671 2265 quid
704 2182 770 2246 in
802 2182 904 2246 eis
937 2186 1061 2261 est,
1094 2181 1274 2265 quod
1303 2188 1746 2255 antvestrum
1792 2205 2094 2269 unquam
2117 2184 2263 2250 fieri
2288 2188 2516 2267 queat,

302 2290 415 2349 aut
460 2305 604 2349 non
660 2291 1087 2369 perspectum
1106 2284 1130 2323 ⁸
1194 2286 1820 2373 consideratumque
1861 2288 2188 2355 vilescat?
2209 2288 2231 2326 ⁶
2322 2285 2519 2351 Divi-

361 2512 385 2538 z
415 2506 638 2556 Mentem
658 2506 872 2557 subeunt.
1135 2514 1159 2541 ⁰
1193 2509 1369 2560 Fluxa.

1632 2510 1653 2544 ὃ
1686 2512 1960 2564 Sordescat.

1225 2654 1583 2676 ‘Ommm

361 2769 391 2814 7
427 2765 646 2830 ‘Magis
669 2766 865 2817 arridet
888 2767 1081 2833 scripta
1102 2769 1298 2820 lectio:
1332 2771 1679 2822 momentaria!
1713 2773 1961 2822 Bernart.
2003 2770 2326 2821 Momenlan'a
2360 2769 2516 2818 etiam

303 2838 580 2881 suaserunt
603 2831 759 2881 edere
781 2833 989 2883 codices
1004 2836 1147 2884 Vict.
1172 2837 1387 2901 primus,
1416 2838 1622 2888 Thnan.
1648 2838 1864 2901 primus,
1901 2844 1956 2887 et
1977 2838 2108 2901 Reg.
2135 2851 2261 2902 quos
2299 2848 2521 2898 sequnn-

302 2901 384 2945 tur
405 2897 528 2949 edd.
552 2898 742 2962 Delph.
777 2904 834 2948 et
871 2899 1145 2950 Hack.-8
1178 2902 1374 2951 Thnan.
1409 2905 1640 2967 primus:
1671 2906 2084 2968 prospectum—9
2117 2903 2222 2952 Ms.
2262 2897 2515 2951 Rittersh.

1295 3065 1347 3117 N
1352 3065 1511 3117 01·AE

359 3189 383 3223 b
400 3192 535 3258 Age]
559 3189 724 3258 ‘Age’
752 3192 1052 3246 adverbium
1076 3195 1181 3247 dici
1199 3198 1362 3248 solet:

302 3258 391 3317 sed
416 3269 570 3318 nobis
592 3268 803 3320 videtur
823 3271 1188 3336 imperativum
1221 3274 1367 3324 verbi

298 3359 420 3409 ago:
444 3361 555 3396 non
575 3361 726 3397 secus
741 3355 900 3414 atque
924 3348 1011 3400 fac
1036 3352 1180 3401 verbi
1198 3351 1363 3402 facio:

298 3431 582 3487 propterea
617 3425 661 3474 si
707 3427 799 3476 uni
820 3434 1039 3478 tantum
1054 3436 1059 3443 “
1075 3430 1364 3495 loquamur,

299 3500 537 3565 dicimus,
589 3502 716 3566 ‘age
734 3503 768 3565 ς’
799 3498 1111 3570 εἰρΙιιτίὶιιιε,
1136 3508 1151 3535 ‘
1174 3508 1313 3571 agite
1333 3506 1366 3554 ι’

295 3576 412 3627 hinc
445 3593 580 3628 voce
601 3578 700 3628 hac
720 3579 1054 3631 exhortamur
1074 3581 1367 3632 auditorem

299 3654 362 3704 ad
386 3655 747 3720 cogitandum,
783 3656 1118 3722 loquendum,
1163 3666 1253 3709 aut
1290 3658 1367 3708 fa-

299 3731 557 3781 ciendum.
648 3730 730 3782 Ad
758 3733 1090 3797 cogitandum
1114 3736 1353 3800 quidem:
1382 3758 1395 3766 ·

299 3815 356 3858 nt
378 3810 519 3873 apud
540 3810 730 3874 Virgil.
752 3810 913 3861 Geor.
929 3826 1016 3862 111.
1035 3827 1116 3864 vs.
1132 3818 1217 3864 42.
1253 3816 1270 3844 ‘
1288 3816 1362 3865 Te

301 3885 406 3936 sine
429 3888 503 3937 nil
522 3889 682 3937 altum
706 3902 850 3936 mens
873 3889 1113 3941 inchoat:
1139 3905 1224 3953 en,
1246 3907 1361 3955 age,

302 3976 483 4026 segnes
509 3964 717 4028 Rumpe
754 3964 962 4017 moras.’
1031 3963 1113 4015 Ad
1148 3968 1362 4031 loquen-

300 4039 453 4091 dum:
489 4046 551 4089 ut
572 4038 775 4090 AEneid.
811 4054 892 4089 νι.
932 4056 1010 4090 νε.
1044 4045 1159 4091 343.
1194 4043 1209 4070 ‘
1236 4042 1362 4106 Dic,

301 4133 424 4184 age:
461 4133 684 4184 namque
720 4118 843 4168 mihi
882 4117 1043 4168 fallax
1076 4119 1217 4169 haud
1240 4115 1362 4170 a'nte

302 4200 577 4257 repertus?
616 4195 702 4246 Ad
719 4186 1050 4246 faciendum:
1086 4203 1144 4246 nt
1168 4197 1361 4260 Georg.

307 4288 345 4322 ι.
370 4289 439 4323 νε.
461 4278 547 4322 63.
589 4274 605 4300 ‘
627 4275 768 4337 Ergo
809 4287 924 4337 age,
959 4281 1116 4324 terrae
1158 4274 1363 4337 Pingue

307 4352 465 4401 nolum
512 4351 688 4415 primis
726 4352 992 4416 extemplo
1036 4366 1067 4402 a
1105 4350 1363 4400 mensibus

1449 3199 1571 3249 anni
1598 3201 1786 3249 Fortes
1808 3198 2070 3247 invertant
2084 3191 2257 3245 tauri!

1512 3284 1535 3310 ⁰
1561 3266 1773 3338 Caduca]
1808 3275 2075 3325 Caducum
2098 3288 2129 3322 a
2150 3269 2385 3322 cadeudo
2403 3270 2515 3322 dic-

1450 3356 1560 3417 tum
1583 3365 1597 3399 2
1636 3351 1776 3401 unde
1816 3349 1868 3399 id
1910 3348 2189 3413 significat,
2235 3345 2372 3411 quod
2421 3351 2515 3401 aut

1449 3429 1653 3492 lapsum
1676 3434 1775 3491 est,
1793 3431 1883 3476 aut
1905 3425 2116 3486 labitur,
2136 3430 2229 3474 aut
2248 3423 2512 3487 lapsurum

1448 3512 1547 3555 est.
1615 3504 1701 3555 Sic
1725 3503 1911 3568 Virgil.
1935 3502 2054 3552 AEn.
2076 3515 2159 3551 νι.
2196 3515 2275 3550 νε.
2290 3503 2409 3551 481.
2447 3500 2512 3549 de

1446 3583 1624 3646 lapso:
1644 3583 1659 3610 ‘
1679 3581 1932 3645 Belloque
1957 3578 2143 3629 caduci
2163 3576 2526 3637 Dardanidae:

1447 3659 1607 3709 Geor.
1629 3673 1670 3708 1.
1694 3674 1771 3709 νε.
1795 3663 1913 3711 368.
1938 3656 2004 3705 de
2030 3655 2247 3706 labente
2268 3670 2282 3704 t
2320 3654 2336 3682 ‘
2359 3653 2513 3717 Saepe

1442 3736 1614 3785 levem
1637 3736 1840 3800 paleam
1866 3742 1921 3784 et
1944 3732 2158 3782 frondes
2183 3731 2399 3780 volitare
2431 3745 2517 3779 ca-

1443 3811 1644 3861 ducas.’
1710 3813 1780 3861 Et
1815 3813 1931 3862 AEn.
1958 3824 2015 3861 x,
2053 3824 2131 3859 vs.
2154 3812 2271 3858 622.
2308 3806 2374 3856 de
2401 3808 2512 3872 lap-

1443 3903 1598 3939 suro:
1631 3887 1647 3915 ‘
1671 3889 1727 3938 Si
1750 3902 1894 3937 mora
1936 3885 2206 3951 pra-sentis
2246 3883 2335 3934 leti
2387 3890 2514 3934 tem-

1444 3981 1643 4030 pusque
1668 3964 1867 4014 caduco
1888 3964 2089 4014 Oratur
2102 3959 2320 4024 juveni.’
2411 3990 2422 3995 ι
2499 3976 2504 3981 ’

1507 4041 1534 4075 ‘¹
1557 4043 1888 4091 Momentum«
1909 4034 2263 4101 [momentaria]
2310 4033 2474 4083 Fluxa
2496 4051 2509 4084 ε

1442 4119 1540 4168 hac
1576 4122 1709 4170 voce
1745 4116 1909 4166 ntitur
1951 4115 2003 4163 S.
2044 4111 2375 4162 Ambrosius:
2418 4109 2522 4157 sed'

1445 4194 1666 4244 eandem
1711 4205 1812 4242 non
1878 4189 2026 4254 potui
2083 4185 2336 4236 invenire·
2369 4183 2530 4245 apnd'

1445 4271 1658 4321 Latinos
1693 4276 1949 4329 auctores,
1975 4277 2100 4329 quos
2125 4263 2312 4313 vocant
2334 4257 2519 4307 classi-'

1443 4363 1549 4399 cos.
