3049 4928
533 408 667 476 322
1237 422 1543 471 nom-nu
1578 384 1691 472 ‘nn
1737 422 2047 473 consor„

535 571 742 648 idem,
773 571 1011 654 inquit,
1035 569 1284 633 malum
1311 568 1538 634 facere
1568 570 1819 656 nequit.
1893 567 2201 633 Minime.
2269 566 2467 659 Est¹⁷
2512 569 2728 653 igitur,
2781 587 2787 591 ·

534 674 777 757 inquit,
808 672 1055 756 aliquis
1085 672 1202 755 qui
1235 672 1463 737 omnia
1494 692 1702 756 posse
1730 672 2033 737 homines
2062 676 2254 755 putet
2278 672 2313 735 'l
2401 670 2563 737 Nisi
2586 674 2735 759 quis

535 776 852 854 insaniat,
913 795 1132 840 nemo.
1218 774 1438 861 Atqui
1459 776 1511 816 ¹⁸
1571 777 1774 841 iidem
1833 779 2121 859 possunt
2169 775 2368 840 mala.
2460 775 2737 842 Utinam

538 879 835 964 quidem,
865 880 1152 963 inquam,
1200 898 1333 944 non
1375 887 1676 964 possent.
1763 878 1935 945 Cum
1975 879 2178 963 igitur
2226 880 2551 944 bonorum
2596 885 2737 945 tan-

537 981 884 1047 tummodo
931 989 1179 1066 potens
1234 983 1459 1066 possit
1504 984 1770 1066 omnia3
1812 1001 1942 1048 non
1988 1001 2149 1047 vero
2209 987 2461 1067 queant
2486 1030 2489 1033 -
2515 983 2742 1049 omnia

537 1089 855 1168 potentes
885 1085 1085 1149 etiam
1114 1084 1474 1150 malorum:
1522 1085 1796 1150 eosdem
1829 1085 1948 1169 qui
1977 1086 2155 1149 mala
2183 1090 2492 1170 possunt,
2520 1084 2743 1151 minus

537 1206 750 1270 posse
774 1186 1201 1252 manifestum
1229 1193 1357 1253 est.
1448 1187 1611 1253 Huc
1643 1188 1922 1266 accedit,
1972 1188 2157 1272 quod
2206 1208 2469 1253 omnem
2507 1194 2743 1272 poten-

537 1290 702 1355 tiam
719 1291 899 1357 ·inter
921 1291 1304 1374 expetenda
1328 1291 1827 1368 numerandam,
1853 1292 2211 1376 omniaque
2233 1290 2620 1375 expetenda
2642 1309 2743 1355 re-

538 1394 694 1460 ferri
723 1395 811 1460 ad
836 1396 1110 1473 bonum,
1163 1396 1350 1459 velut
1379 1395 1467 1460 ad
1502 1395 1847 1479 quoddam
1894 1398 2147 1460 naturae
2200 1413 2343 1459 suae
2393 1413 2741 1473 cacumen,

541 1499 975 1564 ostendimus,
1066 1498 1201 1564 Sed
1232 1497 1545 1583 patrandi
1574 1498 1844 1563 sceleris
1871 1497 2302 1582 possibilitas
2320 1508 2351 1547 ¹
2392 1495 2624 1562 referri
2655 1495 2744 1562 ad

539 1602 791 1667 bonum
819 1622 953 1667 non
982 1607 1227 1686 potest.
1278 1592 1285 1601 ’
1316 1601 1716 1686 Expetenda
1736 1602 1942 1685 igitur
1969 1621 2102 1667 non
2149 1608 2272 1666 est.
2363 1600 2577 1684 Atqui
2598 1619 2740 1665 ome·

540 1705 645 1768 nis
674 1707 968 1788 potentia
994 1705 1369 1790 expetenda
1400 1711 1527 1770 est.
1615 1707 1862 1790 Liquet
1900 1705 2108 1789 igitur
2158 1705 2490 1770 malorum
2519 1702 2743 1788 possi-

539 1806 868 1871 bilitatem
898 1827 1033 1872 non
1063 1826 1217 1872 esse
1250 1807 1650 1891 potentiam.
1739 1808 1850 1875 Ex
1892 1810 2142 1897 quibus
2191 1809 2504 1872 omnibus
2536 1808 2745 1872 bono-

539 1929 684 1974 rum
712 1910 980 1993 quidem
1009 1910 1332 1993 potentia,
1356 1910 1677 1975 malornm
1708 1928 1868 1977 vero
1897 1911 2169 1976 minime
2200 1910 2596 1976 dubitabilis
2624 1930 2746 1994 ap-

540 2017 729 2095 paret
774 2012 1145 2078 infirmitas.
1230 2011 1612 2098 Verumque
1640 2015 1829 2080 illam
1853 2024 1905 2067 ¹⁹
1949 2015 2257 2080 Platonis
2294 2033 2441 2079 esse
2474 2017 2743 2080 senten-

538 2117 704 2179 tiam
734 2116 994 2200 liquet,¹
1039 2116 1242 2182 Solos
1274 2117 1452 2202 quod
1483 2118 1882 2196 desiderent,
1935 2118 2160 2184 facere
2203 2135 2413 2200 posse
2469 2115 2741 2199 sapien-

542 2224 675 2282 tes:
720 2218 1065 2303 improbos
1125 2239 1279 2285 vero
1336 2239 1648 2285 exercere
1696 2221 1969 2304 quidem
2019 2220 2208 2304 quod
2256 2219 2506 2298 libeat3
2553 2219 2747 2302 quod

540 2340 699 2385 vero
729 2320 1129 2401 desiderent,
1155 2325 1425 2407 explere
1455 2344 1594 2388 non
1621 2343 1852 2408 posse.
1943 2323 2238 2388 Faciunt
2259 2323 2441 2386 enim
2472 2341 2632 2405 quae
2665 2323 2743 2387 li-

535 2423 735 2502 ‘bet,²0
762 2424 917 2490 dum
941 2445 1058 2509 per
1078 2446 1160 2491 ea
1171 2427 1417 2511 quibus
1436 2426 1869 2505 delectantur,
1888 2426 1961 2493 id
1980 2427 2232 2491 bonum
2262 2425 2446 2510 quod
2477 2423 2745 2490 deside-

541 2533 710 2605 rant,
742 2548 815 2592 se
846 2529 1213 2612 adepturos
1257 2535 1520 2614 putant,
1578 2530 1696 2594 sed
1728 2530 1999 2594 minime
2030 2529 2522 2613 adipiscuntur,
2572 2547 2741 2612 quo-

537 2630 716 2695 niam
745 2630 830 2695 ad
863 2631 1346 2696 beatitudinem
1373 2632 1626 2717 probra
1654 2652 1791 2697 non
1822 2630 2152 2698 veniunt.⁰

604 2819 629 2851 v
663 2809 892 2859 Potentia
917 2812 1154 2873 peccandi.
1209 2801 1214 2806 ’
1391 2820 1414 2845 ²
1447 2812 1510 2860 Ῑπ
1537 2807 1727 2870 Gorgia
1748 2816 1796 2861 et
1819 2811 2067 2862 Alcibiade
2100 2812 2289 2875 primo.-
2344 2805 2471 2861 unde‘
2503 2786 2749 2861 Boethius

537 2875 721 2923 videtur
757 2890 842 2923 sua
880 2876 979 2924 hoec
1013 2877 1249 2926 rationum
1292 2882 1528 2926 momenta
1560 2874 1784 2926 hausisse.
1915 2886 1939 2909 ⁰
1973 2877 2129 2933 Quam
2151 2882 2308 2926 tamen
2341 2875 2563 2940 improbi,
2601 2877 2746 2928 etiam

534 2942 781 3001 peccando,
799 2946 1046 3004 expetunt.

1459 3036 1820 3058 OOOOOOOOOOOO

536 3104 705 3154 culam
736 3109 978 3154 essa—17
1012 3104 1215 3155 Thuan.
1249 3104 1477 3169 primun
1514 3107 1727 3169 minime,
1764 3106 1973 3170 inquam.
2009 3106 2248 3155 Ena—18
2283 3103 2414 3153 Mas.
2455 3103 2533 3153 ita
2565 3102 2745 3155 distin-

537 3177 731 3230 guunt:
770 3170 868 3226 Qui
889 3171 1046 3219 omnia
1058 3185 1194 3234 posse
1210 3167 1418 3220 homines
1433 3176 1593 3236 putet,
1613 3173 1709 3221 nisi
1726 3173 1829 3235 quis
1849 3171 2055 3221 insaniat
2075 3167 2098 3221 ‚⁹
2134 3171 2284 3219 Nemo
2316 3168 2530 3232 inquam.
2574 3170 2745 3234 Atqui.

541 3233 745 3296 Nisique·
764 3235 968 3283 insaniat
992 3237 1184 3299 Delpb.
1215 3236 1521 3287 Hack0—19
1561 3236 1731 3287 Veram
1755 3237 1888 3285 illam
1911 3237 2182 3299 vulg.—20
2216 3234 2421 3284 Faciunt
2442 3235 2568 3285 em‘m
2585 3234 2743 3298 quaeli-

536 3298 612 3346 bet
637 3298 823 3363 Delph.
847 3300 1021 3353 Hack.
1086 3302 1215 3351 Mss.
1235 3310 1291 3354 et
1313 3299 1399 3353 ed.
1425 3302 1663 3353 Norimb.
1688 3302 1899 3352 Faciunt
1919 3302 2041 3351 enim
2063 3316 2166 3365 quae
2193 3299 2327 3349 libet.

1350 3742 1556 3808 MET
1571 3743 1780 3809 RUM
1828 3743 1925 3810 ΙΙ.

1075 3884 1288 3965 Quos
1322 3887 1518 3953 vides
1552 3887 1784 3952 sedere
1814 3888 1996 3964 celso

1140 3988 1310 4054 Solii
1339 3990 1633 4054 culmine
1664 3989 1914 4080 Reges,
1934 3997 1960 4025 ⁰
1981 3997 2000 4026 ¹

610 4146 743 4202 Quos
757 4146 994 4212 principes
1013 4149 1169 4200 cernis
1188 4151 1349 4200 sedere
1382 4149 1605 4199 sublimes
1640 4148 1695 4198 in
1718 4147 1931 4211 fastigio
1961 4148 2085 4198 aedis
2119 4145 2287 4211 regioe,
2323 4145 2590 4210 splendidos
2621 4139 2748 4230 ρειαί

1479 4260 1537 4280 OC
1543 4261 1847 4280 mmm

603 4330 631 4375 1
669 4327 735 4378 In
752 4328 856 4379 Ms.
877 4327 1129 4381 Rittersh.
1150 4338 1209 4380 et
1229 4329 1521 4380 Membran.
1543 4330 1612 4381 D.
1636 4330 1819 4381 Μανία
1841 4313 2225 4397 Sylvaemontis,
2240 4341 2481 4399 ‘quarum
2514 4299 2744 4390 meminit
