3049 4928
504 405 635 472 124

1200 421 1509 470 nonnul
1561 423 1660 470 ΒΕ
1708 421 2016 472 CONSOL.

936 568 1049 647 Ut,
1076 587 1246 653 quas
1276 569 1516 636 Boreae
1551 570 1835 655 spiritus
1868 569 2107 647 aufert,

934 674 1240 739 Revehat
1268 673 1447 738 mitis
1477 673 1855 759 ZephyruS,
1880 673 2155 738 frondes
2182 694 2197 736 :

2627 673 2714 736 20

934 775 1246 860 Quaeque
1277 774 1603 842 Arcturus
1632 776 1887 841 semina
1916 776 2112 853 vidit,

933 879 1189 945 Seirius
1219 881 1393 946 altas
1424 885 1571 946 urat
1599 887 1882 964 segetes,

502 1098 609 1158 ‹131oe
617 1082 746 1159 folia
767 1083 921 1148 ‚flatus
944 1085 1117 1134 Boreoe
1137 1086 1283 1147 tollit,
1320 1087 1420 1136 luce
1438 1087 1691 1152 Zephyrus
1712 1088 1831 1137 lenis
1862 1089 2052 1147 reddat,
2074 1091 2122 1136 et
2143 1100 2258 1148 quar
2276 1088 2459 1146 segetes
2479 1083 2716 1133 Art-tunm

507 1151 642 1198 sidua
685 1150 894 1213 inspexit
927 1157 1080 1216 sutus,
1123 1154 1306 1202 eandm
1342 1152 1553 1202 canicula
1591 1153 1723 1203 sidus
1763 1155 1965 1203 alterum
2013 1152 2255 1202 combam
2297 1164 2467 1200 menes
2505 1150 2714 1200 aduitus.

1494 1281 1709 1333 NOTAE

499 1399 686 1444 ventos
728 1395 1041 1458 posuerunt)
1081 1396 1562 1462 Septemtrionalis:

500 1486 662 1537 quare
686 1481 902 1537 propter
916 1490 1180 1525 accessum
1200 1476 1331 1526 Solis
1349 1477 1413 1526 ad
1431 1477 1564 1539 Sep·

499 1550 830 1601 temti-ionem
857 1566 952 1617 per
985 1554 1259 1618 AEstatem,
1288 1569 1442 1619 quam
1468 1568 1558 1603 ex-

496 1627 629 1691 cipit
648 1626 961 1692 Autumnus,
1000 1639 1184 1681 ventus
1218 1631 1304 1680 ille
1339 1646 1436 1694 per
1452 1630 1560 1680 Au·

495 1711 731 1755 tumnum
771 1704 899 1755 flare
938 1708 1226 1769 consuevit,
1249 1707 1378 1756 adeo
1402 1715 1460 1757 ut
1483 1707 1559 1756 illi

494 1779 682 1831 referri
700 1783 864 1845 possit
880 1791 1175 1848 acceptum,
1190 1783 1330 1848 quod
1347 1783 1562 1833 arbores

495 1855 768 1908 frondibus
807 1868 1086 1922 exuantur,
1138 1859 1383 1925 quodque
1435 1866 1561 1909 tunc

495 1934 729 1984 oriantur
782 1937 1061 1999 procellae:
1123 1936 1260 1986 unde
1316 1936 1464 2000 Virg.
1516 1952 1559 1987 1.

495 2010 651 2061 Geor.
688 2027 764 2062 vs.
816 2017 930 2066 311.
992 2013 1164 2066 ‘Quid
1218 2020 1561 2078 tempestates

493 2089 730 2149 autumni
768 2097 824 2139 et
859 2092 1033 2142 sidera
1073 2092 1243 2142 dicam
1262 2091 1294 2140 ?’
1358 2092 1562 2156 Zephy-

494 2180 598 2228 rus,
637 2166 713 2216 sic
758 2166 932 2218 dictus
970 2169 1117 2233 quasi
1154 2166 1414 2234 ζηφόρος,
1449 2169 1562 2218 sive

490 2240 549 2289 τὸ
571 2239 664 2307 ζῇν
682 2240 834 2307 φέρων
856 2244 871 2272 ‘
889 2244 1049 2294 vitam
1074 2242 1253 2295 ferens
1268 2245 1301 2308 ς’
1338 2245 1476 2311 quod
1498 2260 1563 2295 eo

491 2319 686 2382 plante
711 2320 956 2371 redivivae
975 2321 1268 2385 germinent
1282 2322 1563 2386 pullulent-

493 2410 615 2460 (μισ,
671 2396 809 2446 uude
842 2398 1015 2448 Plinio
1053 2397 1247 2449 dicitur
1285 2399 1562 2463 ‘genitalis

494 2473 685 2523 Mundi
703 2476 918 2539 spiritus
933 2476 963 2538 ;’
991 2484 1074 2527 est
1091 2485 1281 2528 ventus
1305 2478 1372 2529 ab
1390 2478 1560 2529 Occa-

495 2566 554 2600 su
574 2552 942 2617 AEquinoctiali
976 2552 1128 2605 flans.
1195 2554 1369 2619 ‘Hic,’
1393 2556 1561 2620 inquit

492 2628 699 2678 Plinius
723 2630 756 2680 l.
779 2643 943 2681 xvrn.
966 2646 1014 2681 c.
1039 2635 1124 2683 84.
1188 2633 1205 2662 ‘
1220 2633 1331 2683 Ver
1351 2631 1567 2682 inchoat

494 2705 770 2771 aperitque
804 2713 993 2772 terras,
1027 2708 1167 2759 tenui
1207 2708 1408 2774 frigore
1429 2709 1564 2759 salu-

491 2784 600 2836 ber.
671 2787 775 2836 Hic
821 2787 957 2837 vites
994 2789 1238 2853 putandi,
1281 2787 1564 2855 frugesque

492 2864 731 2927 curandi,
769 2865 982 2916 arbores
1021 2865 1249 2931 serendi,
1292 2881 1448 2930 poma
1487 2866 1563 2915 iu-

491 2940 721 3004 serendi,
759 2942 903 2992 oleas
957 2942 1219 2993 tractandi
1263 2942 1354 3006 jus
1395 2941 1564 3005 dabit,

491 3014 770 3083 afflatuque
783 3018 1055 3069 nutritium
1071 3019 1344 3070 exercebit
1354 3017 1390 3068 τ’
1405 3033 1563 3082 prop-

492 3099 638 3144 terea
668 3095 869 3146 latinis
938 3103 1160 3145 vocatur
1215 3095 1494 3159 Favonius,
1530 3110 1562 3144 a

489 3170 735 3237 favendo,
774 3174 895 3240 quia
931 3173 1110 3225 faveat
1134 3174 1406 3238 geniturae.
1455 3175 1560 3223 Lu-

491 3249 685 3299 cretius
708 3252 745 3300 l.
766 3265 855 3300 ιιι.
894 3255 910 3282 ⁶
929 3252 1089 3315 Viget
1109 3251 1410 3315 genitabilis
1434 3265 1561 3302 aura

491 3325 731 3376 Favoni!
764 3328 836 3377 Et
852 3328 1086 3378 Catullus
1107 3330 1278 3392 Carm.
1298 3327 1365 3379 de
1387 3328 1436 3378 N
1445 3334 1558 3392 upt.

490 3403 644 3453 Pelei
676 3412 732 3454 et
752 3404 899 3454 Tbet.
932 3405 1107 3457 ‘Quos
1141 3414 1359 3469 propter
1389 3404 1556 3455 flumi-

489 3480 569 3529 nis
610 3480 775 3531 undas
818 3481 965 3530 Aura
1002 3481 1145 3544 parit
1186 3480 1342 3533 flores
1389 3484 1558 3547 tepidi

490 3555 730 3607 foecunda
777 3557 1012 3610 Favoni?
1096 3558 1376 3622 Arcturus,
1411 3560 1558 3624 quasi

490 3631 663 3697 ἄριστον
699 3633 830 3697 οὐρὰ,
867 3637 1027 3684 ‘ursae
1052 3634 1257 3699 cauda,'
1286 3643 1368 3687 est
1403 3638 1560 3687 stella

488 3710 540 3760 in
565 3712 714 3774 signo
736 3712 921 3762 Bootis
956 3726 1122 3776 prope
1154 3713 1372 3763 caudam
1394 3713 1559 3778 Majo-

491 3786 562 3835 ris
606 3789 771 3837 Ursae.
857 3787 1160 3839 Observant
1197 3798 1373 3840 antem
1415 3791 1557 3841 sidus

488 3862 616 3912 illud
657 3871 776 3913 ortu
795 3879 888 3915 suo
910 3865 1148 3916 comitari
1181 3867 1355 3917 Solem
1386 3866 1557 3917 orien-

490 3947 597 3989 tem
635 3956 666 3991 a
688 3955 864 3992 mense
903 3943 1148 4008 Octobri,
1181 3959 1282 4011 quo
1320 3950 1558 4008 tempore

490 4025 637 4068 terra
660 4018 861 4070 semina
894 4035 990 4072 suo
1022 4020 1136 4071 sinu
1173 4019 1343 4072 infusa
1374 4020 1555 4073 fovere

491 4097 655 4148 solet:
678 4105 963 4162 propterea
977 4114 1115 4151 nunc
1130 4099 1350 4150 dicitur:
1382 4100 1398 4128 ‘
1411 4114 1554 4165 quae-

490 4190 590 4241 que
614 4174 871 4227 Arcturus
885 4180 1082 4228 semina
1102 4175 1272 4228 vidit!
1336 4176 1422 4228 Sic
1437 4177 1557 4227 Vir·

490 4252 644 4314 gilius
669 4266 709 4304 1.
741 4254 940 4321 Georg.
959 4269 1040 4307 vs.
1074 4260 1155 4307 67.
1219 4254 1343 4320 ‘At,
1374 4255 1418 4305 si
1452 4268 1556 4307 non

487 4325 650 4380 fuerit
672 4331 828 4382 tellus
849 4331 1108 4399 foecunda,
1126 4332 1222 4384 sub
1242 4333 1412 4399 ipsum
1422 4332 1554 4384 Arc·

1648 1405 1825 1448 turum
1838 1397 1977 1447 tenui
1993 1403 2074 1447 sat
2087 1396 2184 1447 erit
2201 1393 2518 1459 suspendere
2534 1383 2719 1443 sulco!

1644 1477 1717 1527 Et
1747 1469 1899 1525 versu
1932 1479 2047 1524 204.
2114 1475 2130 1502 ‘
2148 1475 2415 1523 Praeterca
2446 1479 2553 1521 tam
2591 1476 2716 1520 sunt

1644 1553 1859 1604 Arcturi
1910 1552 2083 1602 sidera
2125 1549 2277 1600 nobis
2320 1549 2714 1611 Haedorumque

1641 1631 1754 1681 dies
1776 1628 2056 1680 servandi!
2108 1628 2301 1678 Seirius
2319 1626 2565 1691 denique,
2586 1623 2718 1685 sive,

1641 1712 1701 1756 ut
1736 1707 1820 1756 alii
1858 1707 2116 1767 scribunt,
2157 1704 2341 1767 Sirius,
2374 1703 2448 1752 sic
2474 1701 2649 1752 dictus
2684 1714 2713 1749 a

1640 1785 1777 1847 σείρυ
1817 1783 2095 1847 (θυίοοοξ
2137 1782 2276 1832 unde
2313 1786 2372 1830 et
2408 1779 2519 1839 Sol,
2569 1781 2712 1827 teste

1640 1863 1819 1926 Suida,
1839 1861 1942 1926 σεὶρ
1963 1867 2199 1923 vocatur,
2228 1866 2309 1909 est
2331 1857 2484 1908 stella
2508 1853 2713 1919 fulgen-

1644 1940 1846 1990 tissima
1860 1940 1915 1989 in
1927 1954 2016 1989 ore
2033 1937 2254 2002 Majoris
2271 1933 2447 1997 Canis,
2461 1947 2579 1998 quae
2596 1937 2714 1980 ortu

1642 2031 1738 2066 suo
1762 2016 1939 2066 Solem
1957 2015 2212 2064 orientem
2230 2010 2510 2063 comitatur
2525 2024 2556 2057 a
2573 2021 2714 2057 men-

1644 2109 1702 2145 se
1725 2094 1888 2151 Julio,
1918 2106 2020 2158 quo
2053 2099 2290 2155 tempore
2322 2102 2475 2152 seges
2508 2092 2715 2135 matura

1645 2187 1888 2223 arescere
1910 2171 2140 2222 videtur.
2189 2167 2342 2221 Quod
2363 2171 2541 2216 antem
2558 2165 2713 2214 stella

1642 2251 1758 2300 liaec
1792 2250 1958 2299 inore
1998 2246 2212 2311 Majoris
2249 2243 2405 2295 Canis
2441 2248 2715 2306 appareat,

1643 2325 1839 2377 idcirco
1870 2326 2023 2389 vulgo
2047 2322 2346 2388 appellatur
2369 2322 2383 2348 ‘
2410 2318 2663 2370 Canicula
2681 2317 2713 2367 :'

1644 2402 1735 2453 sed
1782 2401 1921 2469 quod
1971 2408 2095 2451 tunc
2140 2400 2249 2456 Sol,
2304 2397 2453 2461 cujus
2493 2395 2711 2445 orientis

1643 2495 1816 2531 comes
1861 2485 1965 2543 est,
2008 2477 2193 2542 majori
2237 2491 2329 2526 suo
2371 2483 2505 2526 aestu
2539 2480 2711 2525 terras

1642 2566 1780 2619 urat,
1801 2563 2083 2623 propterea
2098 2556 2241 2605 sidus
2258 2557 2353 2605 hoc
2372 2554 2505 2605 tanti
2523 2552 2710 2603 caloris

1642 2643 1945 2698 accusatur,
1980 2636 2054 2685 ita
2079 2642 2141 2685 ut
2161 2633 2351 2683 Seirius
2372 2647 2404 2682 a
2428 2631 2599 2696 poetis
2632 2630 2710 2680 di·

1647 2717 1798 2763 catur
1826 2713 1843 2740 ‘
1862 2709 2100 2762 aestifer.’
2166 2710 2253 2760 Sic
2288 2714 2468 2758 noster
2491 2707 2712 2769 Auctor,

1645 2790 1661 2816 ‘
1680 2789 1876 2839 Seirius
1894 2788 2024 2838 altas
2041 2792 2161 2837 urat
2173 2783 2418 2850 segetes.'
2481 2783 2570 2833 Sic
2595 2784 2712 2832 Vir·

1646 2866 1799 2929 gilius
1823 2880 1902 2916 ιν.
1927 2865 2127 2929 Georg.
2162 2879 2235 2912 vs.
2265 2866 2383 2912 426.
2448 2861 2464 2890 ‘
2481 2861 2603 2912 Jam
2630 2876 2711 2911 ra·

1646 2943 1796 3007 pidus
1817 2948 2021 2994 torrens
2043 2941 2280 2992 sitientes
2316 2937 2515 2990 Seirius
2550 2937 2711 2988 Indos

1645 3019 1881 3070 Ardebat
1899 3019 2054 3081 coelo,
2083 3024 2140 3068 et
2162 3016 2391 3068 medium
2412 3016 2504 3066 Sol
2525 3014 2709 3080 igneus

1644 3096 1822 3147 orbem
1854 3095 2153 3157 Hauserat;
2177 3095 2401 3145 arebant
2437 3095 2631 3158 lierbae‚
2653 3102 2710 3144 et

1643 3188 1771 3224 cava
1783 3171 1995 3224 flumina
2009 3173 2164 3222 siccis
2181 3172 2435 3223 Faucibus
2451 3172 2516 3222 ad
2531 3171 2708 3220 limum

1641 3251 1775 3302 radii
1794 3249 2063 3315 tepefacta
2076 3248 2410 3315 coquebant!
2426 3250 2495 3299 Et
2506 3247 2708 3298 AEneid.

1642 3342 1730 3379 nt.
1754 3343 1828 3378 vs.
1857 3331 1973 3378 141.
2041 3330 2056 3357 ⁸
2077 3328 2207 3376 Tum
2247 3326 2455 3376 steriles
2487 3337 2708 3375 exurere

1642 3405 1838 3456 Seirius
1882 3420 2067 3470 agros:
2125 3402 2368 3454 Archant
2418 3402 2617 3464 herbae,
2653 3408 2710 3451 et

1641 3484 1833 3535 victum
1857 3498 2009 3548 seges
2045 3496 2190 3546 oegra
2227 3478 2488 3546 negabat?
2556 3478 2711 3543 Opti·

1640 3575 1723 3611 me
1746 3567 1917 3610 autem
1937 3565 2088 3609 notat
2112 3556 2415 3609 Gassendus
2447 3556 2463 3583 ‘
2483 3555 2705 3605 Canicu-

1640 3640 1743 3687 lam
1762 3638 1777 3660 ’
1808 3636 1943 3687 falso
1966 3635 2202 3687 accusari
2235 3633 2488 3700 ejusmodi
2512 3640 2703 3682 oestus:

1643 3713 2075 3781 quemadmodum
2119 3712 2339 3762 canities
2381 3708 2514 3760 falso
2556 3725 2708 3759 accu-

1637 3800 1844 3842 saretur
1862 3791 2071 3855 mortis,
2101 3804 2255 3856 quarn
2290 3787 2531 3838 obierunt
2553 3800 2706 3836 senes

1638 3874 1799 3919 castae
1841 3869 2089 3918 Susannre
2133 3866 2414 3916 delatores.
2487 3863 2706 3914 Scilicet

1640 3952 1842 3997 tantum
1877 3944 2052 4007 abest,
2085 3951 2145 3994 ut
2169 3943 2422 3993 Canicula
2456 3956 2615 3992 causa
2637 3941 2708 3991 sit

1634 4023 1786 4086 hujus
1812 4028 1989 4085 aestus,
2021 4028 2081 4072 ut
2110 4021 2284 4085 potius
2304 4018 2441 4085 apud
2462 4021 2706 4084 populos,

1635 4102 1822 4167 quibus
1856 4115 1956 4166 per
1991 4108 2220 4152 nostram
2254 4106 2497 4149 aestatem
2539 4098 2704 4148 immi·

1636 4186 1750 4239 net,
1774 4178 1939 4242 frigus
1973 4178 2139 4241 magis
2163 4177 2380 4241 vigeat:
2417 4189 2596 4241 quare,
2628 4174 2704 4226 ait

1639 4257 1779 4307 idem
1820 4256 2178 4322 philosophus,
2212 4253 2416 4303 meliori
2448 4253 2571 4316 jure
2610 4267 2704 4315 po-

1634 4334 1743 4401 puli
1758 4326 1835 4384 illi
1848 4337 1862 4363 ‘
1880 4332 2179 4384 Caniculam
2190 4328 2208 4354 '
2225 4344 2468 4380 accusare
2487 4335 2703 4393 possent
