3049 4928
475 388 564 455 ⁷0

476 542 753 626 «inlesa,¹
795 542 1092 631 meisque
1119 566 1267 612 eum
1308 547 1530 612 Musis
1558 547 1922 613 curandum
1951 546 2445 630 sanandumque
2474 545 2675 611 relin-

478 652 681 736 quite.
771 650 906 715 His
933 651 1048 715 ille
1094 652 1337 715 chorus
1366 650 1791 733 increpitus?
1852 650 2102 733 dejecit
2145 650 2326 713 humi
2368 649 2673 715 moestior

476 754 758 832 vultum,
818 755 1302 838 confessusque
1359 756 1596 818 rubore
1655 752 2137 828 verecundiam,
2195 752 2397 816 limen
2456 746 2671 816 tristis

475 856 788 921 excessit.
902 853 1003 919 At
1047 875 1196 938 ego,
1244 854 1439 939 cujus
1484 856 1668 919 acies
1702 854 2009 939 lacrymis
2055 874 2278 919 mersa
2327 854 2672 936 caligarat,

475 976 562 1023 ne
586 957 633 996 ¹³
679 959 1071 1040 dignoscere
1117 974 1409 1042 possem,
1462 977 1777 1042 quaenam
1828 959 1975 1022 haec
2020 965 2202 1022 esset
2242 958 2477 1021 mulier
2528 961 2668 1020 tam

474 1062 852 1144 imperiosae
883 1061 1324 1138 auctoritatiS,
1365 1061 1704 1142 obstupui,
1734 1060 2015 1142 visuque
2044 1061 2113 1123 in
2145 1066 2387 1124 terram
2419 1057 2670 1136 defixo,

476 1163 791 1247 quidnam
839 1162 1156 1246 deinceps
1207 1168 1390 1227 esset
1440 1167 1695 1239 actura,
1747 1168 2109 1244 expectare
2162 1159 2669 1242 tacitus.coepi.

474 1264 649 1329 Tum
679 1265 803 1330 illa
824 1271 878 1312 ¹4
919 1267 1195 1351 propius
1225 1265 1585 1342 accedenS,
1631 1265 1700 1328 in
1730 1270 2031 1328 extrema
2059 1263 2288 1327 lectuli
2319 1262 2450 1326 mei
2478 1259 2673 1344 parte

470 1366 799 1444 consedit,
831 1387 1185 1451 meumque
1216 1369 1481 1431 intuens
1512 1367 1768 1431 vultum
1813 1367 1994 1431 luctu
2028 1385 2317 1448 gravem,
2369 1373 2575 1446 atque
2603 1363 2671 1426 in

472 1468 749 1533 humum
781 1489 1062 1534 moerore
1095 1469 1446 1554 dejectum,
1476 1468 1583 1532 his
1613 1471 1913 1534 versibus
1933 1467 1978 1507 ¹⁵
2033 1468 2116 1532 de
2146 1473 2395 1532 nostrae
2425 1465 2672 1529 mentis

473 1571 971 1654 perturbatione
1004 1578 1376 1654 conquesta
1402 1576 1533 1635 est.

1176 398 1481 452 noman
1534 392 1632 452 bn
1676 400 1982 451 consor..

535 1726 571 1753 ¹·
606 1719 763 1769 Tur-Im
776 1721 1045 1784 objurgata.

1398 1799 1666 1820 OOOOOOOOO
1671 1799 1693 1818 0
1698 1798 1755 1819 ΙΙ

474 1901 602 1946 -12
626 1896 842 1948 Seirenes
863 1897 1056 1962 Delph.
1081 1896 1253 1947 Hack.
1272 1896 1402 1959 [vid.
1427 1895 1675 1959 inm—18
1696 1896 1822 1946 Mss.
1839 1896 2085 1957 caligaret,
2108 1909 2223 1944 nec:
2256 1907 2358 1941 uon
2375 1891 2526 1952 male,
2549 1901 2673 1939 ceu-

396 1993 404 2001 -
473 1971 624 2012 sente
649 1964 966 2014 valum—14
999 1964 1098 2012 Ms.
1123 1960 1321 2011 Erfurt.
1345 1961 1543 2011 omittit
1568 1963 1802 2011 voculam
1823 1962 2055 2014 ium—15
2092 1960 2192 2008 His
2213 1958 2366 2008 serbis
2395 1958 2534 2006 idem
2565 1955 2672 2004 Ms.

1461 2082 1675 2144 NOTAE

472 2194 531 2240 et
569 2189 796 2240 Zenonis
840 2188 1303 2254 Pythagoricorum
1347 2189 1533 2252 patria.

471 2266 660 2315 Studia
698 2274 869 2315 autem
903 2267 1172 2316 Platonica
1202 2268 1537 2329 appellantur

468 2339 1015 2405 &Academicassquod
1051 2343 1208 2391 Plato
1249 2343 1443 2406 primus
1480 2344 1532 2408 in

470 2414 758 2466 Academia
777 2416 1147 2482 philosophiam
1167 2417 1425 2484 professus
1442 2420 1531 2472 sit.

473 2491 569 2546 Est
595 2505 718 2543 vero
741 2494 1027 2544 Academia
1059 2510 1358 2545 nemorosus
1380 2504 1532 2547 extra

473 2576 528 2619 et
566 2584 732 2634 prope
771 2571 1002 2620 Athenas
1047 2573 1210 2634 locus,
1254 2573 1342 2637 qui
1389 2575 1529 2637 prius

470 2647 642 2697 dictus
663 2646 765 2697 fuit
787 2648 1005 2711 ἑκαδεμία
1035 2650 1098 2699 ab
1133 2650 1395 2700 Ecademo
1418 2652 1528 2701 He·

470 2723 593 2773 roei:
632 2725 769 2775 unde
791 2726 975 2776 Horat.
1016 2727 1180 2790 Epist.
1218 2728 1252 2777 l.
1276 2741 1336 2777 11.
1360 2728 1531 2791 Epist.

471 2804 521 2851 2.
588 2804 603 2830 ‘
627 2801 841 2853 Scilicet
877 2811 935 2852 ut
971 2818 1177 2867 possem
1215 2819 1376 2854 curvo
1417 2805 1530 2868 dig-

469 2891 683 2928 noscere
724 2888 946 2943 rectum,
982 2880 1162 2946 Atque
1194 2882 1333 2931 inter
1356 2881 1529 2944 sylvas

473 2954 726 3006 Ecademi
779 2973 1015 3024 quaerere
1072 2965 1284 3011 verum.'
1367 2958 1532 3023 Atqui

468 3029 722 3082 Boethius
745 3034 797 3082 in
820 3035 1132 3086 Dialecticis
1156 3043 1210 3086 et
1244 3035 1529 3084 Platonicis

469 3106 723 3160 ,doctrinis
781 3113 1239 3161 exercitatissimus
1287 3109 1418 3160 fuit:
1474 3111 1529 3159 in

470 3184 770 3238 Dialecticis
805 3188 1038 3251 qnidem;
1071 3188 1192 3254 quia
1222 3186 1529 3236 dialecticos

468 3261 630 3311 libros
651 3260 951 3315 Aristotelis
972 3265 1083 3331 (qui
1102 3263 1303 3328 judicio
1322 3263 1531 3315 Cicero·

470 3337 551 3387 nis
585 3340 622 3388 l.
642 3353 680 3392 1.
701 3340 768 3390 de
787 3341 937 3394 Orat.
961 3344 1027 3392 de
1059 3343 1260 3392 ratione
1278 3342 1531 3391 disseren-

468 3412 525 3463 di
542 3416 703 3465 multo
722 3418 889 3481 plura,
908 3434 1063 3483 quam
1086 3433 1261 3467 omnes
1277 3418 1531 3481 magistri,

469 3492 736 3557 multoque
764 3496 978 3545 meliora
998 3493 1158 3559 dixit)
1185 3497 1450 3545 transtulit
1471 3504 1529 3547 et

469 3572 852 3620 commentariis
884 3572 1180 3620 illustravit.
1248 3572 1309 3620 In
1345 3572 1526 3622 Plato-

467 3644 597 3693 nicis
631 3661 775 3707 vero;
831 3659 1104 3710 progressu
1144 3650 1276 3697 enim
1304 3650 1530 3713 patebit,

467 3719 743 3770 Boethium
804 3722 1189 3772 Platonicorum
1259 3726 1527 3789 opiniones

467 3805 614 3846 recte
638 3797 974 3861 intellexisse,
989 3799 1152 3864 iisque
1171 3800 1331 3852 fuisse
1351 3802 1529 3852 addic-

469 3871 738 3924 tissimum.
870 3867 875 3874 ⁸

529 3956 542 3992 ¹
574 3959 769 4008 Sirenes
787 3957 1049 4022 [Seirenes]
1078 3959 1293 4021 usquein
1328 3961 1531 4011 exitium

462 4033 643 4096 dulces]
664 4034 922 4095 Seirenes‚
937 4033 1127 4085 Graece
1148 4037 1372 4099 σειρῆνες,
1392 4038 1529 4087 unde

464 4118 521 4160 et
561 4125 654 4174 per
689 4112 735 4160 ei
770 4117 827 4161 et
861 4111 1224 4176 perilongum
1260 4114 1529 4176 scribitur,

461 4186 686 4249 duplicis
719 4194 839 4238 sunt
872 4190 1096 4254 generis,
1124 4205 1312 4254 nempe
1337 4194 1532 4240 terres·-

461 4268 568 4311 tres
613 4269 671 4313 et
713 4265 946 4317 marinae.
1009 4265 1326 4330 Terrestres,
1382 4266 1532 4324 fuco-

1614 2203 1725 2238 rum
1749 2201 1930 2252 genus,
1961 2186 2147 2236 nostris
2170 2183 2403 2249 Physicis
2423 2181 2674 2232 dicuntur

1613 2265 1706 2315 ἀπὸ
1725 2267 1813 2314 τοῦ
1837 2264 2090 2328 «τείρεσθαι,
2110 2263 2247 2328 quod
2288 2261 2521 2311 bestiolae
2564 2261 2670 2309 illas

1612 2354 1884 2396 contracta
1926 2347 2222 2394 membrana
2264 2350 2493 2391 curvatas
2527 2340 2672 2403 jace·

1612 2432 1702 2473 ant
1723 2438 1735 2472 ι
1795 2424 1860 2473 de
1902 2423 1981 2472 his
2026 2421 2255 2486 loquitur
2295 2419 2490 2469 Plinius
2522 2418 2559 2467 l.
2606 2428 2670 2466 n.

1610 2517 1727 2566 cap.
1750 2506 1829 2551 16.
1864 2501 1955 2551 sed
1991 2502 2055 2549 de
2092 2499 2166 2548 his
2187 2513 2325 2547 nunc
2349 2510 2451 2546 nou
2476 2496 2667 2559 agitur.

1611 2580 1848 2643 Marinae,
1872 2579 1946 2628 sic
1968 2578 2124 2626 dictae
2148 2577 2229 2625 vel
2245 2574 2337 2623 ἀπὸ
2356 2576 2443 2632 τῆς
2465 2573 2620 2637 σειρᾶς
2643 2587 2675 2621 a

1611 2656 1836 2718 vinculo,
1859 2657 1940 2705 vel
1963 2654 2056 2704 ἀπὸ
2075 2654 2163 2702 τοῦ
2183 2651 2337 2716 σύρειν
2356 2668 2384 2700 a
2409 2651 2674 2713 decipien-

1608 2732 1693 2795 do,
1714 2733 1848 2797 quod
1869 2739 2023 2781 cantu
2044 2745 2135 2779 suo
2150 2728 2506 2792 imprudentes
2518 2725 2676 2774 adve-

1608 2824 1701 2858 nas
1746 2808 2046 2858 devinciant
2086 2807 2475 2870 decipiantque,
2497 2802 2672 2853 ferun·

1613 2890 1696 2933 tur
1717 2882 1936 2933 Acheloi
1974 2882 2118 2933 fluvii
2153 2889 2207 2931 et
2231 2881 2490 2943 Calliopes
2515 2878 2636 2928 filiae
2657 2893 2675 2939 ς

1610 2975 1834 3023 superne
1846 2959 2164 3023 virginibus,i
2174 2957 2355 3007 nferne
2371 2956 2593 3021 piscibus
2605 2956 2672 3005 si·

1610 3036 1775 3085 miles.
1800 3037 1927 3086 Tres
1942 3043 2298 3095 numerantur,
2317 3033 2676 3098 Parthenope,

1607 3111 1877 3173 Leucosia,
1898 3110 2081 3174 Ligea,
2125 3123 2338 3173 quarum
2377 3123 2481 3157 una
2529 3121 2675 3166 voce,

1611 3189 1776 3237 altera
1799 3187 1963 3248 tibiis,
1989 3185 2146 3235 tertia
2168 3187 2282 3249 lyra
2304 3191 2478 3244 canat,
2493 3197 2673 3234 omnes

1610 3271 1758 3315 tanta
1780 3271 1962 3312 cantus
1989 3262 2285 3324 dulcedine,
2307 3269 2366 3311 ut
2390 3268 2572 3310 nautas
2596 3275 2680 3309 so·

1610 3342 1748 3407 pitos
1769 3340 2039 3404 naufragio
2074 3340 2317 3403 perdant.
2384 3337 2541 3388 Ovid.
2588 3351 2679 3387 tu.

1610 3419 1677 3468 de
1729 3419 1851 3468 Art.
1916 3421 1931 3445 ‘
1956 3417 2195 3466 Monstra
2245 3416 2401 3465 maris
2439 3415 2680 3465 Seirenes

1608 3504 1778 3566 erant,
1819 3510 1936 3560 quae
1987 3508 2118 3544 voce
2165 3508 2356 3543 canora
2405 3492 2681 3544 Quaslibet

1609 3572 1856 3622 admissas
1889 3570 2165 3621 detinuere
2208 3568 2386 3620 rates!
2453 3569 2533 3617 Ex
2575 3584 2682 3633 quo

1609 3649 1808 3700 factum
1848 3654 1954 3707 est,
1994 3653 2053 3697 ut
2086 3647 2333 3713 quicquid
2370 3647 2566 3696 animos
2588 3647 2681 3696 ho-

1607 3730 1803 3778 minum
1847 3725 2150 3789 corrumpit,
2181 3724 2305 3776 illud
2341 3723 2489 3773 Siren
2529 3738 2680 3772 voce-

1611 3812 1716 3866 tur,
1730 3804 1866 3853 sicut
1897 3802 2124 3851 Horatio
2148 3801 2313 3850 Serm.
2339 3801 2375 3849 l.
2398 3811 2457 3848 tt.
2485 3799 2597 3849 Sat.
2622 3803 2673 3848 8.

1611 3882 1627 3910 ‘
1652 3879 1866 3929 vitanda
1888 3885 1970 3927 est
2001 3876 2237 3940 improba
2255 3878 2409 3926 Siren
2430 3873 2674 3924 desidia?

1605 3960 1694 4009 Sic
1715 3958 1874 4021 igitur
1893 3957 2058 4005 Musae
2095 3955 2326 4004 Poeticae
2359 3952 2674 4017 perturbati-

1610 4050 1763 4085 onum
1787 4039 2053 4098 parentes,
2087 4039 2175 4080 aut
2199 4032 2382 4080 saltem
2423 4030 2677 4093 nutrices,

1608 4124 1746 4160 nunc
1772 4115 2021 4159 vocantur
2056 4107 2071 4137 ‘
2089 4107 2331 4157 Seirenes
2354 4105 2418 4155 ad
2442 4103 2674 4154 exitium’

1610 4190 1725 4238 sive
1770 4186 1835 4235 ad
1874 4184 2156 4249 perniciem
2194 4183 2210 4211 ‘
2232 4198 2395 4247 usqne
2438 4181 2619 4231 dulces
2638 4180 2672 4232 ι’

1605 4265 1729 4316 hinc
1743 4263 1939 4317 eaedem
1955 4261 2379 4326 Musaejuhentnr
2392 4258 2680 4325 abii-estub-
