3049 4928
568 411 877 462 Bonvmi
926 414 1043 462 DE·
1067 415 1378 466 CONSUL.

302 557 488 617 diguus
529 554 675 617 urbe,
715 554 900 619 dignus
932 562 1112 606 nostro
1141 556 1361 621 judieio,

301 633 488 695 dignus
514 631 708 681 trabeis
731 633 1032 682 aestimeris.'
1079 633 1234 682 Idem.

366 708 584 772 Medius]
640 708 848 757 Primus
900 708 1040 771 apud
1105 710 1360 758 Romanos

299 786 440 834 locus
459 785 675 845 medius,
694 784 954 847 proximus
970 786 1179 847 dexter;
1199 794 1257 836 ut
1275 787 1362 836 do·

299 872 386 914 cet
408 869 594 914 contra
615 866 876 914 Becanum
901 865 947 914 I.
990 865 1196 928 Lipsius
1233 865 1362 914 libro

296 953 357 988 n.
376 941 613 990 Elector.
636 954 754 1004 cap.
772 945 820 990 8.
887 942 1036 991 Inter
1055 941 1361 991 Consulares

298 1029 424 1064 vero
447 1015 831 1080 preferebatur
864 1016 924 1081 is,
957 1018 1040 1081 qui
1074 1019 1217 1081 prior
1255 1032 1362 1081 ges·

295 1101 437 1143 serat
479 1094 825 1155 consulatum,
859 1093 1061 1143 etiamsi
1097 1096 1360 1156 posterior

293 1167 372 1217 bis
390 1171 575 1218 consul
590 1168 783 1220 fuerat.
823 1170 957 1222 Vide
975 1169 1161 1221 Jacob.
1182 1171 1357 1235 anac.

295 1247 361 1295 ad
385 1248 447 1297 C.
471 1255 509 1296 t.
531 1252 579 1298 8.
605 1249 638 1298 l.
661 1252 711 1296 2.
735 1248 824 1298 lib.
849 1262 958 1299 x11.
994 1250 1144 1298 Idem.

359 1323 501 1372 Nulli
520 1338 723 1386 unquam
747 1323 957 1387 privato]
994 1325 1180 1389 Neque
1220 1325 1357 1375 enim

295 1398 585 1462 qnisquam,
640 1399 797 1448 etiam
854 1400 1116 1463 princeps,
1171 1402 1357 1450 eodem

293 1489 428 1525 anno
451 1476 580 1525 duos
600 1475 736 1527 filios
770 1478 1021 1527 Consules
1056 1485 1110 1527 et
1149 1478 1356 1540 quidem

292 1565 497 1615 pueros
524 1553 674 1605 vidit.
739 1553 1012 1617 olybrium
1068 1561 1124 1603 et
1174 1554 1356 1604 Probi-

292 1642 437 1690 nnm,
470 1628 635 1678 Probi
667 1628 818 1692 filios,
849 1631 899 1678 in
938 1630 1213 1679 Consulatu
1252 1632 1356 1679 col·

290 1708 436 1770 legas
473 1707 639 1755 Roma
677 1720 810 1756 anno
848 1719 1033 1758 cccvc.
1075 1708 1354 1772 spectavit,

292 1781 381 1832 sed
392 1782 504 1845 jam
529 1784 681 1833 viros.
724 1783 905 1833 Vallia.

361 1860 605 1908 Calcatum
641 1858 835 1922 ponere]
880 1861 1093 1910 Petron.
1119 1859 1352 1925 Arbiter,

291 1935 342 1984 in
363 1936 540 1998 Satyr.
575 1935 660 1985 ‘Si
699 1934 834 1984 bene
874 1935 1128 1985 calculum
1176 1951 1353 2000 ponas,

290 2012 485 2076 ubique
535 2011 857 2075 naufragium
900 2013 1017 2061 est!
1071 2014 1205 2063 Elin.
1259 2015 1352 2063 Se-

290 2088 490 2137 cundus
543 2088 636 2138 lib.
674 2101 736 2137 11.
786 2089 1022 2151 Epistola
1069 2093 1146 2139 14.
1211 2091 1352 2139 ‘Hic

291 2178 495 2228 quoque
537 2164 590 2212 in
639 2164 1023 2213 conditionibus
1065 2164 1350 2228 deligendis

288 2240 559 2302 ponendus
582 2246 663 2290 est
679 2241 942 2290 calculus?
974 2241 1143 2290 Sitzm.

353 2316 548 2365 Mara.
568 2321 617 2365 3.
654 2318 776 2365 Cum
887 2318 1095 2367 Pkoebus
1202 2320 1350 2367 lucem

283 2407 512 2454 spargere
531 2394 747 2457 coeperit]
771 2394 980 2444 Lucret.
1004 2391 1178 2444 lib.'11.
1210 2396 1225 2423 ‘
1243 2394 1351 2445 Au·

288 2485 405 2520 rora
426 2483 559 2519 novo
581 2485 697 2520 cum
719 2472 918 2535 spargit
936 2472 1125 2520 lumine
1144 2471 1348 2523 terras!

361 2624 538 2675 Vernis
554 2623 761 2673 irrubuit
788 2624 935 2688 rosis]
967 2624 1158 2673 Manil.
1179 2623 1270 2674 lib.
1297 2630 1346 2674 5.

284 2699 300 2726 ‘
317 2700 508 2762 Tyrias
524 2699 726 2749 imitata
750 2714 1010 2764 papavera
1034 2701 1198 2760 luces,
1215 2700 1346 2749 Ver-

287 2777 565 2840 nantisque
608 2791 739 2826 rosae
779 2776 1062 2826 rubicundo
1095 2777 1348 2841 sanguiue

286 2851 505 2902 florem!
539 2855 692 2904 Idem.

351 2929 516 2994 Spiret
536 2930 774 2994 insanum]
810 2931 986 2980 Plaut.
1024 2933 1074 2980 in
1100 2931 1349 2982 Bacchid.

288 3011 304 3036 ‘
323 3006 568 3056 Insanum
584 3022 821 3071 magnum
846 3008 1034 3056 molior
1051 3008 1350 3071 negotium!

288 3083 438 3133 Idem
462 3085 514 3132 in
549 3084 838 3133 Mostellar.
860 3089 1013 3132 vocat
1050 3084 1066 3109 ‘
1088 3084 1346 3147 porticum

290 3158 529 3208 insanum
552 3158 777 3208 bonum!
841 3158 978 3207 Plin.
1005 3159 1125 3208 Sec.
1149 3158 1242 3208 lib.
1266 3171 1344 3208 ιν.

290 3235 465 3298 Epist.
489 3240 536 3285 2.
570 3236 586 3263 ‘
607 3237 773 3298 Luget
796 3233 1009 3283 insane.'
1074 3235 1258 3285 Senec.
1294 3237 1348 3284 in

287 3311 544 3360 Thebaid.
588 3326 661 3361 vs.
706 3315 820 3360 429.
905 3312 1124 3362 ‘Qualis
1169 3312 1349 3361 insano

289 3388 416 3437 ratis
440 3389 725 3438 Premente
747 3396 903 3437 vento
929 3387 1163 3451 rapitur.'
1196 3389 1346 3440 Idem.

317 3493 325 3497 «
351 3465 621 3515 Nebulosus
655 3468 854 3530 Auster]
885 3465 1121 3530 Agellius
1162 3467 1252 3516 lib.
1275 3481 1342 3518 11.

285 3556 405 3605 cap.
439 3546 522 3592 22.
589 3543 817 3593 ‘Auster
861 3543 1052 3592 Graece
1091 3541 1227 3592 νότος
1262 3557 1350 3592 no·

276 3621 530 3682 minatur,
564 3621 804 3685 qnoniam
839 3627 922 3668 est
956 3620 1235 3669 nebulosus
1270 3629 1348 3670 at·

288 3711 391 3759 que
450 3697 757 3746 humectus:
809 3695 935 3747 νοτὶς
975 3697 1113 3747 enim
1157 3697 1347 3748 Graece

287 3773 473 3822 humor
495 3774 829 3824 nominatur!
877 3775 1064 3824 Senec.
1109 3775 1162 3823 in
1202 3775 1343 3825 Med.

287 3863 360 3899 vs.
384 3854 503 3899 583.
569 3851 587 3879 ‘
610 3852 729 3901 Non
751 3850 1109 3914 ubihybernos
1135 3851 1348 3900 nebulo-

286 3938 375 3973 sus
394 3925 583 3975 imbres
598 3925 791 3975 Auster
816 3926 1064 3975 advexit!
1099 3927 1250 3977 Idem.

351 3999 555 4063 Auster]
579 4000 828 4065 Apuleius
848 4002 913 4050 de
935 4002 1160 4052 Mundo:
1196 4005 1211 4032 ‘
1233 4004 1348 4053 Me-

289 4075 447 4125 ridies
486 4091 628 4139 vero,
660 4079 895 4143 quoniam
929 4078 1109 4128 eadem
1145 4094 1350 4142 semper

289 4152 503 4215 regione
533 4154 791 4216 signatur,
815 4169 917 4203 uno
944 4153 1155 4219 Austro,
1181 4155 1232 4204 id
1251 4162 1349 4218 est,

289 4226 407 4289 νότῳ
443 4228 634 4279 flaturl
699 4230 949 4293 vegetius
1001 4231 1068 4280 de
1107 4246 1162 4281 re
1198 4234 1348 4284 milit.

288 4305 377 4357 lib.
397 4310 445 4356 4.
509 4305 889 4357 ‘Meridianum
924 4307 1187 4358 cardinem
1226 4324 1344 4372 pos-

2367 404 2495 469 461

1439 558 1576 607 sidet
1590 558 1739 622 νότος,
1758 560 1809 608 id
1830 566 1928 621 est,
1953 561 2183 611 Auster!
2221 563 2366 613 Idem.

1503 635 1643 698 δορα
1677 638 1931 698 tranquillo
1969 639 2128 687 radiat
2147 638 2336 702 sereno]
2374 637 2502 687 Am·.

1439 712 1648 775 biguum
1673 721 1838 762 utrum
1865 715 2042 762 luorum
2068 718 2137 764 sit
2162 716 2495 778 adjectivum,

1438 788 1691 853 siquidem
1727 790 1879 838 ambo
1914 790 2203 853 promiscue
2237 806 2495 853 usurpau-

1440 871 1541 913 tur.
1608 865 1892 914 Multorum
1915 867 2077 915 instar
2116 868 2184 916 sit
2216 868 2360 917 locus
2403 867 2491 916 ille

1436 941 1645 1003 Vegetii
1684 941 1773 991 lib.
1796 947 1846 991 4.
1885 944 1967 991 De
1989 944 2067 992 Re
2104 943 2349 1005 Militari,
2372 957 2495 1006 cap.

1435 1019 1516 1064 41.
1581 1020 1597 1042 ‘
1617 1016 1801 1065 Multis
1825 1033 2027 1082 quoque
2065 1018 2223 1082 signis
2249 1018 2314 1066 de
2351 1024 2495 1067 tran-

1436 1091 1596 1155 quillo
1619 1095 1880 1157 procellae,
1901 1102 1957 1145 et
1990 1096 2057 1144 de
2088 1096 2492 1160 tempestatibus

1436 1181 1621 1217 serena
1644 1169 2036 1231 producuntur!
2061 1172 2215 1221 Idem.

1499 1246 1685 1295 Radiat
1713 1248 1899 1310 sereno]
1933 1248 2096 1298 Rutil.
2144 1250 2268 1299 ltin.
2310 1249 2401 1299 lib.
2438 1255 2489 1301 2.

1431 1319 1671 1372 ‘Arridet
1692 1323 1948 1385 placidum
1966 1325 2121 1374 radiis
2133 1326 2487 1389 crispantibus

1436 1404 1641 1462 aequor:
1733 1401 2031 1449 Lactantius
2072 1402 2139 1450 de
2184 1402 2492 1453 Resurrect.

1433 1474 1586 1525 Dom.
1611 1474 1730 1524 die:
1768 1476 2050 1539 ‘Tempora
2084 1476 2327 1543 florigero
2364 1481 2491 1529 ruti·

1431 1551 1545 1600 lant
1566 1551 1819 1601 distincta
1836 1552 2056 1602 sereno.’
2079 1554 2232 1605 Idem.

1521 1628 1771 1677 Ferventes
1815 1662 1829 1677 .
1866 1662 1881 1676 .
1907 1631 2199 1693 :pi-ocellos]
2253 1631 2401 1695 Virg.
2446 1646 2487 1682 1.

1430 1703 1626 1767 Georg.
1664 1705 1679 1732 ‘
1696 1704 1840 1754 Cava
1860 1703 2071 1755 flumina
2093 1707 2336 1756 crescunt
2355 1707 2487 1756 Cum

1429 1782 1600 1830 sonitu
1619 1798 1632 1831 τ
1657 1780 1934 1848 fervetque
1953 1781 2101 1834 fretis
2118 1784 2480 1848 spumantibus

1431 1857 1648 1922 aequor.'
1690 1860 1840 1909 Idem.

1502 1935 1648 1985 Verso
1682 1939 1889 1986 concitat
1921 1938 2130 2002 aequore]
2171 1938 2334 1988 ovid.
2376 1937 2484 1986 He-

1428 2011 1557 2061 roid.
1599 2013 1769 2075 Epist.
1791 2018 1840 2062 7.
1904 2017 1919 2042 ‘
1946 2013 2143 2077 Aspice
2176 2020 2237 2063 ut
2270 2027 2476 2064 eversas

1427 2088 1659 2139 concitet
1676 2091 1844 2139 Eurus
1870 2092 2060 2156 aquas!
2074 2093 2229 2143 Idem-

1491 2166 1550 2217 Si
1591 2175 1754 2218 tantas
1795 2172 1952 2221 variat
1997 2172 2146 2235 vices]
2196 2171 2383 2222 Senec.
2427 2170 2483 2219 in

1425 2243 1573 2294 Med.
1622 2260 1694 2294 vs.
1740 2251 1856 2297 287.
1940 2247 2276 2311 ‘Regnorum
2316 2253 2483 2297 status

1425 2322 1656 2373 Fortuna
1673 2326 1813 2374 varia
1828 2326 1981 2375 dubia
2002 2341 2126 2392 quos
2144 2327 2310 2391 agitat
2332 2325 2485 2375 vice?

1423 2396 1681 2449 Prudent.
1720 2401 1809 2450 lib.
1855 2416 1917 2453 11.
1955 2404 2151 2453 Contra
2193 2402 2485 2467 Symmach-

1423 2474 1545 2524 ‘Sic
1580 2477 1676 2525 oevi
1718 2479 1954 2528 mortalis
1986 2479 2145 2528 babet
2182 2493 2239 2528 se
2276 2478 2484 2527 mobilis

1421 2550 1570 2610 ordo,
1591 2552 1678 2600 Sic
1701 2554 1871 2602 variat
1895 2555 2093 2603 Natura
2119 2554 2298 2603 vices!
2331 2555 2484 2604 Idem.

1506 2627 1657 2676 Crede
1698 2627 1916 2688 fortunis
1983 2631 2220 2680 hominum
2272 2630 2483 2694 caducis]

1423 2701 1728 2753 Certissima
1751 2705 1947 2768 Ironia,
1970 2722 2074 2770 qua
2108 2720 2486 2769 praemonemur

1421 2777 1550 2826 nulli
1566 2779 1641 2826 rei
1666 2793 1777 2828 esse
1794 2780 2055 2830 fidendum
2073 2797 2087 2842 ;
2123 2787 2339 2844 propter
2354 2783 2487 2829 mul·

1424 2850 1679 2917 tiformes‚
1700 2869 1814 2918 quae
1840 2855 1889 2903 iu
1925 2855 2139 2917 mundo,
2180 2856 2477 2906 varietates.

1422 2927 1699 2991 Bene,nec
1721 2936 1893 2980 tamen
1915 2933 2082 2981 minus
2104 2933 2298 2982 ironice
2321 2933 2483 2983 Sene·

1422 3017 1486 3052 ca
1508 3004 1561 3053 in
1581 3006 1790 3066 Medea,
1813 3023 1889 3057 νε.
1913 3010 2027 3057 221.
2092 3010 2109 3037 ‘
2136 3008 2352 3059 Coufide
2368 3020 2485 3070 reg·

1423 3081 1503 3128 nis
1527 3096 1643 3130 cum
1666 3083 1793 3131 levis
1816 3091 2028 3147 magnas
2049 3099 2175 3148 opes
2200 3084 2318 3134 Huc
2341 3084 2484 3134 ferat

1421 3156 1616 3206 etilluc
1630 3158 1819 3207 casus.’
1842 3160 1996 3210 Idem.
2471 3170 2474 3171 ’

1479 3237 1695 3296 Constat,
1708 3242 1887 3286 oeterna
1898 3237 2023 3302 posu]
2039 3240 2224 3290 Senec.
2241 3239 2293 3288 in
2312 3239 2481 3290 Herc.

1424 3312 1534 3361 OEt.
1558 3327 1634 3361 vs.
1659 3318 1802 3362 1035.
1865 3316 1880 3343 ‘
1902 3316 2097 3365 Verum
2133 3322 2215 3367 est
2237 3317 2373 3383 quod
2396 3331 2483 3366 ce·

1423 3388 1555 3437 cinit
1596 3403 1743 3437 sacer
1776 3391 2008 3440 Thressae
2054 3391 2150 3440 sub
2201 3391 2481 3456 Rhodopes

1412 3465 1562 3528 jugis
1584 3466 1825 3529 Tangeris
1850 3468 2127 3517 Thraciam
2152 3469 2354 3533 chelym
2375 3469 2477 3518 Or-

1421 3541 1599 3603 pbeus,
1636 3542 1888 3605 Calliopae
1947 3558 2144 3606 genus:
2206 3545 2477 3594 AEternum

1420 3616 1535 3666 fieri
1553 3619 1715 3668 nihile
1768 3620 1994 3682 Ibidem,
2015 3636 2089 3670 vs.
2115 3625 2262 3672 1099.
2288 3623 2305 3650 ⁴
2326 3622 2480 3674 Quod

1419 3702 1599 3744 natum
1623 3704 1724 3758 est,
1747 3697 1942 3760 poterit
1964 3696 2134 3748 mori!
2167 3699 2317 3747 Idem·

1483 3776 1690 3823 AEterna*
1720 3775 2014 3839 positumque
2053 3776 2179 3839 lege]
2213 3776 2480 3825 AEternam

1421 3849 1588 3912 legem
1623 3851 1880 3915 theologia
1927 3858 2106 3900 nostra
2134 3851 2367 3900 decernit
2404 3865 2481 3900 es-

1421 3939 1495 3985 se,
1531 3926 1803 3976 Rationem
1839 3927 2029 3976 divinae
2075 3927 2365 3990 sapientiae,
2400 3942 2481 3976 se-

1422 4003 1647 4051 cundum
1671 4019 1822 4067 quam
1855 4004 2037 4068 dirigit
2080 4004 2303 4053 omnium
2343 4018 2483 4055 crea-

1424 4083 1655 4127 turarum
1687 4087 1861 4130 motus
1905 4086 1959 4128 et
2002 4080 2232 4129 actiones
2269 4081 2320 4129 in
2362 4095 2481 4131 suos

1420 4152 1569 4204 fines.
1635 4155 1792 4220 CuJus
1835 4165 2018 4206 auctor
2060 4156 2292 4205 Hierocli
2333 4158 2482 4206 Com·

1422 4232 1674 4282 mentatio
1709 4247 1866 4282 aureo
1895 4238 1977 4281 est
2007 4231 2324 4295 δημιουργικὸς
2355 4234 2477 4295 νοῦς,

1421 4306 1499 4356 καὶ
1519 4307 1553 4367 ἡ
1574 4307 1674 4358 θεία
1687 4306 1934 4372 βούλησις,
1973 4310 1988 4337 ‘
2012 4323 2155 4358 mens
2181 4307 2376 4373 opifex,
2400 4310 2481 4373 ip·

1431 415 1876 467 PHILOSOPH.
1927 418 2068 466 1⁴13.
2118 420 2198 466 11.
