3049 4928
526 416 656 481 140
1232 428 1533 478 nonrmr
1588 431 1683 478 ns
1733 430 2041 478 consor„

526 577 788 659 grotes!
879 575 1129 644 Verum
1162 578 1362 644 altius
1391 585 1887 661 perscrutemur
1912 597 1929 657 ;
1952 588 1980 615 ¹·
2024 576 2257 643 nescio
2289 577 2453 661 quid
2488 578 2733 644 abesse

527 680 893 764 conjecto.¹¹
983 679 1118 746 Sed
1164 679 1274 745 dic
1303 674 1487 759 mihi,
1519 682 1837 763 quoniam
1882 699 1923 746 a
1976 680 2130 746 Deo
2155 681 2206 717 ¹⁴
2246 679 2569 746 mundum
2597 682 2733 765 regi

524 803 655 848 non
683 784 993 867 ambigiS‚
1024 783 1271 866 quibus
1301 784 1508 848 etiam
1558 784 2033 866 gubernaculis
2072 789 2336 867 regatur
2384 784 2730 853 advertis'l

524 886 688 963 Vix,
719 887 1016 970 inquam,
1045 888 1407 968 rogationis
1438 892 1574 953 tuae
1625 888 2017 955 sententiam
2069 907 2298 963 nosc0,
2338 887 2589 952 nedum
2643 887 2729 952 ad

523 991 848 1073 inquisita
876 990 1277 1074 respondere
1325 1003 1615 1075 queam.⁰
1702 990 1888 1058 Num
1939 1012 2071 1070 me,
2126 993 2399 1075 inquit,¹’
2441 988 2731 1057 fefellit·

524 1093 769 1160 abesse
802 1093 1084 1177 aliquid,
1111 1114 1229 1178 per
1267 1094 1475 1178 quod,
1528 1095 1709 1160 velut
1736 1095 1956 1160 hiante
1988 1093 2148 1159 valli
2176 1095 2458 1171 robore,r
2488 1094 2559 1155 in
2590 1093 2732 1159 ani·

521 1215 704 1259 mum
735 1203 922 1264 tuum
969 1197 1548 1280 perturbationum
1593 1198 1916 1264 morbus⁸
1960 1197 2341 1279 irrepserit?
2432 1195 2571 1262 Sed
2620 1194 2730 1263 dic

521 1298 708 1376 mihi,
738 1300 1198 1379 meministine,
1237 1301 1394 1385 quis
1426 1304 1519 1369 sit
1548 1322 1772 1368 rerum
1799 1301 2003 1366 finis?
2032 1320 2258 1384 quove
2290 1299 2502 1365 totius
2530 1305 2729 1364 natu-

1318 1460 1340 1485 ⁰
1377 1452 1578 1501 Tantum
1613 1451 1744 1501 abest
1779 1456 1833 1501 ut
1865 1455 1963 1501 tuoe
1995 1448 2243 1514 questioni
2297 1450 2577 1512 respondere
2623 1463 2730 1510 pos·

582 1454 612 1482 ⁸·
648 1450 847 1499 penitus
867 1451 1189 1515 inspiciamus.
2015 1524 2046 1558 p
2079 1514 2382 1579 Phgowpffi,
2510 1523 2534 1556 r
2558 1513 2731 1564 Nonne

520 1514 631 1577 sim,
655 1522 709 1565 ut
731 1518 1037 1579 quoestimtem
1052 1521 1139 1567 vix
1161 1518 1447 1580 intelligam,
1464 1519 1619 1581 inquit
1638 1517 1889 1570 Battum.

521 1587 647 1630 recle
674 1581 911 1641 jndicavi.
1074 1590 1097 1614 r
1130 1583 1303 1634 Rimas
1332 1588 1522 1645 agente.
1685 1591 1705 1615 ⁸
1738 1584 1912 1633 Error.

1439 1710 1495 1732 OC
1500 1710 1803 1732 ‘uentae‘

521 1800 637 1843 atur
659 1794 717 1841 τὸ
740 1807 854 1856 esse,
890 1793 1298 1847 adminiculante
1323 1794 1424 1842 Ma.
1457 1787 1791 1843 Erfurtensi!
1823 1789 2129 1839 Sina—14
2163 1787 2306 1837 vict.
2327 1792 2587 1850 uterque:
2630 1787 2728 1837 Deo
2802 1777 2811 1782 ’

1505 1903 1725 1955 ‘NOTAE

523 2002 664 2054 Hinc
701 2004 1060 2069 Philosophia,
1100 2006 1303 2069 prolata
1357 2004 1579 2055 hominis
1660 2001 1953 2063 intelligere
1990 1998 2250 2050 declarari
2283 1999 2453 2058 horas,
2489 2005 2601 2047 arte
2626 2013 2726 2048 non

520 2080 652 2130 mira
668 2081 842 2130 subito
866 2081 1173 2142 accipientis
1195 2082 1581 2146 interjectione,
1661 2096 1809 2130 casu:
1833 2078 2076 2128 mundum
2094 2084 2286 2137 autem,
2299 2075 2386 2139 qui
2404 2082 2459 2124 et
2475 2073 2567 2126 has
2586 2077 2725 2138 ipsas

522 2156 862 2205 vehementer
906 2157 1215 2221 admiratur,
1256 2172 1350 2206 cur
1395 2158 1579 2221 positis
1657 2166 1819 2218 artes,
1852 2163 1908 2206 et
1947 2169 2123 2204 earum
2158 2150 2407 2215 artifices,
2440 2158 2495 2201 et
2530 2161 2722 2203 cuncta

521 2232 775 2296 ejusmodi
793 2233 1064 2297 principiis
1086 2234 1334 2284 Boethius
1358 2235 1410 2284 in
1435 2250 1578 2285 erro-

519 2308 591 2356 ris
626 2308 869 2358 tenebras
908 2311 1231 2374 praecipitet,
1268 2319 1361 2361 aut
1413 2312 1579 2361 instar

517 2384 814 2445 languentis
853 2386 902 2433 in
943 2400 1115 2436 veram
1152 2388 1463 2437 sententiam
1504 2390 1583 2440 ire

519 2458 727 2533 dubitet
743 2459 809 2511 de
827 2462 941 2512 Deo
958 2461 1131 2527 rebus,
1155 2464 1311 2515 etiarn
1329 2466 1583 2532 humanis,

519 2537 863 2601 providente:
898 2541 913 2566 ‘
940 2540 1144 2604 Papae,'
1175 2541 1287 2591 haec
1319 2552 1399 2592 est
1422 2543 1583 2595 inter-

509 2614 679 2678 jectio
723 2615 936 2668 horninis
974 2617 1099 2666 mira
1127 2617 1298 2668 subito
1322 2620 1588 2687 accipien-

517 2692 604 2755 tia,
623 2691 984 2745 ‘vehementer
1002 2694 1247 2756 admiror,
1268 2711 1380 2757 cur,
1396 2697 1447 2745 in
1471 2704 1579 2752 tam

518 2768 713 2818 salubri
731 2770 996 2819 sententia
1016 2771 1258 2833 locatus,'
1281 2773 1346 2823 de
1363 2774 1477 2825 Deo
1493 2789 1578 2826 res

517 2852 724 2897 ceteras
760 2852 996 2909 regente,
1039 2850 1053 2874 ‘
1075 2850 1335 2914 aegrotes,’
1365 2857 1454 2900 aut
1489 2866 1578 2903 ne-

518 2922 708 2986 gando,
749 2930 839 2973 aut
883 2925 1069 2975 saltem
1107 2925 1394 2979 dubitando
1434 2928 1578 2981 eirca

515 3001 682 3063 ipsun·
707 3001 879 3051 Deum
897 3015 979 3051 res
1002 3002 1248 3052 humanas
1266 3018 1464 3053 summa
1482 3019 1577 3053 sua

516 3077 845 3141 providentia
870 3076 1338 3128 administrantem.
1407 3079 1575 3129 Nimi-

516 3169 628 3205 rum
673 3168 788 3205 curn
828 3154 945 3205 duae
974 3162 1066 3203 aut
1102 3155 1277 3217 plures
1300 3158 1575 3207 sententias

515 3237 664 3279 arcta
687 3232 911 3295 quadam
944 3229 1331 3283 necessitudine
1368 3231 1575 3295 conjun-

515 3316 709 3370 guntur
727 3322 846 3359 cum
864 3306 1026 3369 priori
1051 3306 1272 3370 quadam
1297 3309 1576 3373 sententia,

518 3399 636 3449 quae
673 3389 951 3447 propterea
995 3383 1184 3434 habere
1219 3385 1383 3448 possit
1417 3387 1574 3436 ratio·

513 3473 631 3511 nem
656 3458 921 3523 principii,
951 3459 1137 3507 mirum
1183 3468 1283 3521 est,
1316 3461 1573 3517 hominem

514 3535 787 3600 praestanti
831 3535 1037 3597 ingenio
1085 3535 1381 3599 praeditum,
1404 3539 1575 3603 cujus-

513 3612 653 3662 modi
676 3617 791 3661 erat
830 3610 1102 3666 Boethium
1149 3627 1395 3663 concessa
1422 3616 1578 3678 priori

512 3688 599 3736 illa
619 3687 901 3748 sententia,
925 3687 1240 3750 posteriores
1283 3690 1333 3738 in
1366 3691 1576 3743 dubium

513 3779 780 3814 revocare.
842 3764 857 3791 ‘
884 3764 987 3815 Qui
1024 3764 1156 3812 enim
1190 3767 1472 3830 convenit,’
1499 3770 1576 3819 in-

513 3842 629 3906 quit
648 3839 847 3888 Tullius
872 3853 933 3889 11.
967 3839 1033 3889 de
1055 3841 1195 3890 Nat·
1220 3845 1293 3893 D.
1331 3846 1345 3870 ‘
1366 3847 1569 3908 signum

512 3926 603 3966 aut
638 3917 869 3967 tabulam
905 3916 1099 3981 pictam
1133 3933 1249 3968 curn
1289 3924 1575 3986 aspexeris,

511 3994 647 4044 scire
683 3992 967 4045 adhibitam
1002 4008 1115 4044 esse
1138 4003 1325 4058 artem,
1349 4013 1570 4063 cumque

512 4070 694 4134 procul
740 4084 945 4119 cursum
990 4071 1182 4135 navigii
1227 4073 1436 4138 videris,
1466 4089 1572 4124 non

510 4147 752 4198 dubitare
784 4148 911 4212 quin
950 4147 1002 4199 id
1040 4150 1244 4198 ratione
1278 4156 1436 4214 atque
1458 4159 1572 4204 arte

512 4232 813 4274 moveatur:
852 4233 941 4274 aut
966 4239 1079 4272 curn
1099 4225 1342 4276 solarium
1374 4228 1455 4277 vel
1481 4227 1573 4277 de-

510 4300 785 4367 scriptum,
815 4307 907 4351 aut
938 4313 1006 4348 ex
1044 4313 1179 4367 aqua
1203 4304 1574 4369 contemplere,

1659 2232 2065 2296 complectatur,
2083 2228 2285 2278 consilii
2308 2236 2362 2276 et
2380 2228 2594 2279 rationis
2617 2244 2727 2278 esse

1659 2316 1930 2372 expertem
1966 2306 2184 2370 putare?
2249 2304 2403 2357 Quod
2437 2305 2480 2354 si
2516 2304 2567 2353 in
2601 2305 2729 2369 Scy·

1660 2385 1835 2447 thiam,
1850 2384 2007 2433 autin
2025 2383 2345 2432 Britanniam
2367 2382 2620 2444 sphaeram
2636 2384 2728 2432 ali·

1659 2462 1775 2527 quis
1801 2460 1984 2513 tulerit
2020 2458 2173 2520 hanc,
2197 2473 2346 2523 quam
2377 2472 2544 2521 nuper
2577 2456 2727 2513 fami-

1659 2537 1800 2590 liaris
1838 2544 2017 2589 noster
2051 2533 2232 2586 effecit
2270 2534 2605 2597 Posidonius,
2641 2551 2726 2589 cu-

1653 2616 1741 2679 jus
1764 2615 1977 2678 singulae
2000 2612 2369 2665 conversiones
2396 2612 2536 2661 idem
2563 2608 2726 2665 effici·

1663 2699 1757 2744 unt
1795 2692 1848 2740 in
1884 2692 2004 2741 Sole
2050 2697 2103 2740 et
2129 2690 2274 2743 Luna
2318 2695 2374 2737 et
2408 2689 2459 2739 in
2496 2689 2725 2759 quinque

1659 2769 1826 2819 stellis
1872 2767 2188 2827 errantibus,
2224 2764 2363 2830 quod
2401 2763 2629 2819 efficitur
2674 2767 2726 2819 iu

1659 2848 1791 2899 coelo
1810 2844 2024 2909 singulis
2041 2842 2222 2892 diebus
2241 2847 2296 2891 et
2308 2841 2548 2891 noctibus
2569 2856 2583 2889 ε
2609 2841 2723 2909 quis

1659 2926 1810 2977 inilla
1827 2923 2060 2975 barbarie
2078 2920 2283 2970 dubitet
2296 2919 2420 2984 quin
2437 2932 2502 2968 ea
2519 2918 2726 2983 sphaera

1658 3002 1727 3051 sit
1751 2996 1989 3064 perfecta
2008 2999 2210 3048 ratione
2230 2997 2248 3046 Ρ
2282 2996 2353 3045 Ηί
2377 3007 2549 3047 autern
2576 2996 2727 3049 dubi.

1661 3083 1775 3126 tant
1793 3076 1858 3125 de
1879 3075 2087 3136 mundo,
2110 3090 2172 3122 ex
2209 3088 2309 3137 quo
2334 3073 2571 3122 oriuntur
2595 3080 2653 3123 et
2666 3071 2727 3122 fi·

1660 3161 1753 3205 unt
1789 3154 1978 3218 omnia,
2002 3166 2197 3203 casune
2233 3152 2346 3214 ipse
2378 3151 2444 3201 sit
2481 3147 2727 3217 effectus,

1659 3244 1722 3278 an
1747 3229 2063 3281 necessitate
2097 3228 2286 3295 aliqua,
2317 3241 2380 3277 an
2415 3227 2636 3291 ratione,
2659 3242 2724 3279 an

1659 3315 1831 3356 mente
1866 3304 2067 3355 divina:
2108 3311 2163 3353 et
2186 3302 2553 3355 Archimedem
2587 3304 2727 3357 arbi«
2761 3322 2767 3342 ι

1659 3391 1856 3435 tramur
1912 3382 2026 3446 plus
2074 3380 2296 3428 valuisse
2349 3380 2402 3431 in
2457 3378 2724 3433 imitandis
2788 3404 2789 3407 ¹

1657 3461 1879 3523 sphaerae
1911 3456 2353 3519 conversionibus,
2382 3471 2532 3521 quiam
2571 3464 2724 3509 natu·

1658 3552 1765 3592 ram
1834 3537 1886 3587 in
1929 3534 2236 3596 efficiendis,
2273 3534 2569 3601 praesertim
2602 3549 2722 3588 cum

1661 3613 1834 3665 multis
1877 3611 2112 3677 partibus
2159 3611 2263 3660 sint
2319 3610 2408 3659 illa
2458 3608 2720 3677 perfecta,

1658 3704 1810 3755 qnam
1857 3689 1968 3737 haec
2021 3688 2261 3736 simulata
2312 3687 2591 3749 solertius‚'
2622 3690 2720 3738 διε.

1657 3767 1673 3794 ‘
1702 3763 1841 3817 Quid
1879 3770 1985 3812 tarn
2003 3760 2254 3811 furiosum
2280 3761 2398 3823 est,'
2424 3762 2498 3813 ait
2519 3762 2720 3813 Salvia·

1658 3858 1750 3892 nus
1774 3843 1806 3892 l.
1838 3857 1917 3892 ιν.
1943 3841 2009 3891 de
2054 3839 2289 3891 Gubern.
2320 3841 2460 3904 Dei,‘
2481 3857 2636 3909 quam
2660 3851 2721 3897 ut

1653 3920 1858 3984 aliquis,
1895 3933 2011 3968 curn
2033 3919 2204 3966 Deum
2237 3925 2527 3971 creatorem
2559 3916 2720 3973 omni-

1653 4011 1739 4046 um
1760 4011 1863 4045 non
1888 4002 2066 4058 neget,
2092 3993 2492 4056 gubernatorem
2516 3995 2714 4061 neget?

1653 4078 1707 4122 et
1729 4087 1843 4121 cum
1865 4070 2118 4120 factorem
2144 4083 2256 4118 esse
2289 4068 2540 4134 fateatur,
2573 4071 2719 4128 dicat

1651 4149 1918 4213 negligere
1939 4161 2054 4211 quae
2079 4143 2259 4195 fecit?

1716 4233 1739 4258 ⁰
1774 4224 1949 4276 Nescio
1999 4215 2113 4287 ilnid
2155 4223 2316 4272 abesse
2357 4224 2590 4288 conjecto]
2627 4239 2712 4277 ιιι.

1655 4299 1992 4371 Philosophia
2013 4300 2156 4364 cogit
2188 4299 2412 4351 eundern
2437 4300 2714 4356 Boethium
