3049 4928
1029 430 1153 476 PH!
1170 429 1552 478 LOSOPHIAE
1608 431 1748 479 121ss.
1797 432 1843 479 1.

2408 422 2537 486 125

768 574 955 639 Nihil
989 575 1273 659 antiqua
1303 575 1449 658 lege
1480 576 1769 642 solutum
1793 588 1820 628 P

769 677 1041 761 Linquit
1068 680 1364 762 propriae
1396 680 1706 745 stationis
1740 702 1940 766 opus,

770 779 1011 845 Omnia
1034 786 1213 846 certo
1243 782 1369 845 fine
1395 782 1794 864 gubernanS,

2447 790 2534 854 25

762 883 1128 947 Hominum
1160 886 1348 950 solos
1379 887 1645 969 respuis
1676 893 1913 953 actus‘*

762 987 1005 1052 Merito
1035 995 1248 1054 rector
1276 990 1585 1054 cohibere
1615 992 1840 1057 modo.

766 1090 945 1154 Nam
975 1111 1093 1156 cur
1122 1098 1348 1158 tantas
1379 1094 1649 1159 lubrica
1679 1095 1903 1162 versat

762 1193 1067 1260 Fortuna
1091 1196 1323 1261 vices?
1370 1197 1627 1261 Premit
1657 1199 1959 1264 insontes

758 1296 1017 1363 Debita
1046 1300 1280 1364 sceleri
1306 1300 1511 1364 noxia
1539 1320 1779 1384 poena:
1805 1311 1825 1339 ¹

2442 1305 2530 1370 30

757 1396 855 1464 At
880 1404 1176 1484 perversi
1206 1402 1496 1467 resident
1527 1403 1713 1469 celso

756 1501 1024 1569 Mores³
1067 1507 1266 1585 soli0,
1299 1507 1719 1592 sanctaque!
1766 1509 2042 1574 calcant

308 1738 453 1789 Nihil
486 1740 690 1791 liberum
712 1757 744 1790 a
763 1744 915 1793 veteri
943 1744 1046 1807 lege
1075 1746 1259 1796 omittit
1280 1763 1468 1811 operam
1499 1765 1598 1799 saoe
1618 1751 1916 1802 conditionis.
1987 1754 2060 1802 Tu
2081 1754 2347 1803 moderatus
2369 1754 2524 1802 omnia

302 1805 469 1853 stabili
491 1808 649 1868 modo,
668 1807 946 1870 dedignaris
968 1816 1155 1867 tantum
1176 1814 1413 1865 continere
1446 1816 1652 1864 actiones
1683 1817 1938 1880 hominum,
1971 1823 2025 1868 ut
2055 1821 2202 1881 decet,
2225 1820 2376 1868 instar
2395 1820 2524 1882 sapi-

303 1871 547 1919 entissimi
567 1874 873 1923 moderatoris
886 1891 903 1923 .·
933 1890 1078 1938 quare
1114 1878 1238 1927 enim
1264 1878 1467 1938 fortuna
1486 1881 1726 1931 instabilis
1745 1883 1952 1932 alternat
1970 1888 2072 1933 tam
2093 1900 2294 1946 magnas
2316 1885 2522 1934 varieta-

301 1938 377 1985 tes
391 1932 419 1986 :1
452 1936 755 2001 Supplicium
772 1940 964 1990 crivnini
1000 1941 1207 1994 debitum
1242 1950 1384 1993 vexat
1416 1945 1700 1998 innocentes.
1763 1948 1862 1998 Sed
1893 1964 2044 1999 mores
2063 1951 2265 2015 improbi
2286 1953 2450 2000 sedent
2470 1949 2524 1998 in

1317 2108 1535 2160 NOTAE

305 2242 386 2291 sui
411 2241 642 2309 frigoris,
675 2264 828 2313 qnam
852 2266 945 2303 nos
967 2254 1131 2303 nostri
1153 2254 1371 2307 calorisz

304 2318 349 2367 si
370 2319 539 2371 virtus
557 2323 624 2372 de
644 2327 774 2376 coelo
792 2328 955 2393 lapsa,
988 2345 1139 2396 quam
1166 2325 1373 2383 barba-ri

303 2394 668 2451 ‘influentiam
689 2402 704 2425 '
743 2413 952 2470 vocant,
988 2408 1040 2456 id
1084 2407 1283 2472 effecti,
1315 2418 1375 2461 ut

305 2475 461 2540 vulgo
487 2487 740 2542 praestare
762 2486 1013 2549 creditur,
1036 2489 1213 2553 reipsa
1242 2505 1371 2556 prae·

306 2557 489 2604 staret.

371 2633 398 2667 ¹²
427 2629 570 2679 Nihil
601 2635 801 2698 antiqua
837 2640 940 2700 Iege
974 2641 1200 2706 solutum]
1224 2645 1369 2694 Prae-

305 2702 451 2754 dicta
475 2719 718 2772 corpora,
740 2713 803 2761 ad
827 2729 1043 2778 qnorum
1075 2723 1371 2785 exemplum

306 2777 372 2830 de
404 2785 601 2834 ceteris
615 2787 958 2848 judicandum
988 2802 1085 2857 est,
1113 2798 1271 2847 certis
1297 2800 1372 2848 ita

305 2859 640 2911 continentur
692 2864 913 2932 legibus,
965 2879 1024 2921 nt
1072 2888 1177 2937 qno
1220 2876 1370 2924 modo

302 2935 520 2998 legimus
555 2954 671 2989 sese
703 2941 944 2996 habuisse
978 2949 1115 3012 apud
1139 2951 1369 3015 Majores

304 3018 523 3078 nostros,
556 3016 740 3068 eodem
776 3020 891 3072 haec
930 3037 1067 3074 nunc
1099 3027 1367 3077 videamus

300 3101 355 3136 se
377 3088 602 3142 habere:
626 3095 775 3146 Deus
791 3098 986 3163 quippe
1004 3102 1019 3130 ‘
1037 3103 1210 3151 omnia
1226 3104 1240 3126 ¹
1255 3105 1365 3154 haec

299 3163 314 3189 ‘
330 3174 477 3215 certo
498 3167 603 3218 fine
623 3171 879 3233 gubernat
892 3176 924 3224 :'
955 3177 1064 3227 sive
1088 3187 1148 3228 ut
1175 3180 1367 3230 dicitur

301 3241 423 3305 Sap.
465 3257 595 3293 vm.
627 3247 878 3314 ‘attingit
912 3268 940 3301 a
970 3252 1073 3303 fine
1113 3256 1179 3305 ad
1211 3256 1365 3306 finem

298 3317 525 3384 fortiter,
551 3330 607 3372 et
632 3323 863 3390 disponit
884 3332 1060 3380 omnia
1082 3334 1347 3384 suaviter!

361 3403 385 3437 ⁴¹
410 3398 676 3449 Hominum
689 3404 811 3452 solos
824 3409 1008 3470 respuis
1020 3412 1176 3474 actus]
1203 3412 1368 3463 Quasi

299 3472 478 3523 dicat:
511 3475 643 3525 Cum
674 3487 852 3531 cetera
884 3483 1058 3534 divina
1089 3489 1367 3551 providen-

297 3549 371 3597 tia
393 3551 469 3599 ita
491 3551 946 3622 administrentur,
981 3567 1042 3611 ut
1062 3577 1168 3612 suae
1191 3565 1363 3628 singu-

294 3625 358 3704 ,¹5⁸
397 3627 604 3679 vicibus
644 3634 1000 3696 respondeant
1039 3639 1198 3703 vices,
1233 3657 1363 3693 unus

295 3706 471 3751 tamen
502 3704 656 3754 homo
684 3708 755 3757 ita
787 3711 997 3763 videtur
1019 3729 1049 3763 a
1076 3717 1189 3766 Deo
1212 3718 1360 3768 dere-

293 3776 473 3842 lictus»,
496 3787 558 3830 ut
580 3797 663 3832 res
686 3785 918 3838 humanae
939 3796 1139 3847 temere
1163 3808 1223 3843 ac
1255 3793 1360 3844 for-

293 3856 431 3905 tuito
483 3859 569 3921 agi
613 3860 905 3924 videantur,
948 3869 1203 3932 siquidem
1245 3885 1362 3922 cnm

295 3929 445 3982 bonis
467 3948 739 4002 prospera,
766 3941 912 3991 malis
944 3944 1172 3995 adversa
1205 3947 1361 3997 debe-

295 4018 467 4073 antur,
512 4021 695 4066 contra
737 4017 883 4069 bonis
929 4021 1166 4086 adversa,
1211 4025 1359 4074 malis

294 4098 543 4151 prospera
564 4091 844 4145 accidunt:
881 4099 1020 4148 unde
1039 4100 1270 4149 nonnulli
1295 4101 1360 4149 de

296 4163 470 4237 diuina
493 4169 821 4230 providentia
842 4173 1113 4225 dubitant:
1152 4176 1357 4226 Claudi-

297 4252 420 4291 anus
445 4244 537 4293 lib.
566 4259 607 4295 ι.
630 4247 685 4295 in
708 4248 971 4314 Rufinum,
993 4268 1069 4302 vs.
1093 4258 1139 4304 l.
1173 4259 1187 4283 ⁴
1203 4255 1358 4318 Saepe

296 4318 416 4368 mihi
434 4321 646 4373 dubiam
664 4325 832 4378 traxit
848 4331 1104 4380 sententia
1116 4339 1361 4395 mentem,

1458 2256 1720 2308 Curarent
1748 2258 1937 2323 Superi
1962 2263 2146 2322 terras,
2166 2273 2230 2309 an
2252 2260 2423 2309 nullus
2445 2261 2520 2309 in-

1455 2342 1598 2384 esset
1656 2335 1875 2398 Rector,
1929 2342 1984 2385 et
2037 2335 2237 2385 incerto
2293 2333 2521 2387 fluerent

1453 2412 1693 2461 mortalia
1748 2412 1909 2462 casu.'
1958 2416 2055 2463 διο.
2145 2412 2286 2462 Hinc
2341 2422 2520 2464 noster

1452 2498 1668 2540 auctor:
1691 2492 1707 2521 ‘
1726 2492 1858 2541 Nam
1880 2505 1973 2540 cur
1989 2496 2162 2541 tantas
2181 2491 2384 2541 lubrica
2405 2508 2520 2542 ver-

1453 2577 1534 2617 sat
1557 2569 1784 2618 Fortuna
1799 2566 1975 2617 vices?
1993 2568 2009 2592 ’
2077 2568 2159 2618 De
2177 2567 2389 2619 fortuna
2409 2570 2516 2620 dic-

1453 2651 1564 2694 tum
1582 2653 1665 2695 est
1682 2647 1858 2695 Metro
1883 2659 1922 2694 1.

1518 2727 1539 2753 ¹·
1554 2722 1743 2770 Premit
1763 2723 1972 2770 insontes
1995 2721 2196 2771 Debitus
2211 2722 2352 2771 celeri
2373 2725 2517 2772 noxia

1449 2797 1610 2860 poena]
1633 2798 1707 2846 Ut
1739 2799 2009 2859 supremus
2029 2797 2255 2845 omnium
2279 2798 2516 2847 modera-

1454 2873 1537 2922 'tor
1572 2873 1720 2922 Deus
1759 2871 1965 2922 infinite
1988 2873 2160 2936 justus
2184 2879 2281 2934 est,
2314 2875 2389 2923 sic
2423 2890 2516 2925 sua

1452 2949 1772 3013 quibuslibet
1793 2949 1954 3011 vidia,
1985 2949 2100 2997 Deo
2130 2949 2206 2998 ita
2228 2957 2516 3013 statuente,

1450 3024 1713 3076 debentur
1729 3026 2006 3090 supplicia,
2027 3041 2143 3091 quae
2176 3027 2297 3091 quia
2320 3037 2515 3078 nocent

1450 3117 1544 3152 seu
1568 3103 1774 3166 corpori
1797 3117 1890 3152 seu
1919 3102 2099 3165 menti,
2120 3111 2404 3166 propterea
2428 3119 2514 3154 vo-

1448 3187 1637 3230 cantur
1670 3183 1686 3209 ‘
1703 3196 1853 3245 poena
1874 3180 2063 3231 noxia.'
2126 3180 2204 3231 At
2223 3195 2381 3244 ‘poena
2399 3182 2512 3232 haec

1447 3257 1677 3308 insontes
1705 3258 1912 3322 premit,
1945 3264 2201 3322 quatenus
2236 3259 2287 3307 hi
2323 3272 2512 3309 nocen-

1448 3336 1580 3385 tium
1603 3335 1822 3398 imperio
1861 3336 2076 3401 subditi,
2108 3337 2175 3386 ab
2215 3337 2401 3387 iisdem
2436 3340 2511 3387 in-

1438 3412 1585 3476 justa
1606 3413 1894 3476 patiantur,
1927 3414 2001 3463 ita
2035 3421 2096 3463 ut
2134 3428 2309 3464 eornm
2344 3415 2510 3465 virtus

1448 3503 1604 3551 poena
1648 3490 1785 3538 vitiis
1837 3489 2015 3540 debita
2058 3492 2219 3541 veluti
2275 3492 2512 3540 involuta

1443 3567 1626 3615 lateat.
1691 3567 1776 3616 Sic
1809 3567 2080 3617 claudian.
2110 3569 2225 3617 loco
2246 3568 2338 3618 cit.
2371 3569 2509 3618 ‘Sed

1444 3657 1561 3692 eum
1587 3657 1667 3692 res
1699 3644 1958 3694 hominum
1982 3651 2136 3694 tanta
2159 3646 2381 3708 caligine
2406 3647 2511 3695 vol·

1443 3721 1496 3769 vi
1543 3718 1868 3786 Aspicerem,
1904 3723 2157 3786 laetosqne
2201 3723 2288 3771 diu
2322 3720 2510 3771 florere

1444 3805 1715 3858 nocentes,
1766 3799 2070 3862 Vexarique
2125 3799 2272 3862 pios:
2328 3812 2507 3848 rursus

1443 3873 1711 3924 labefacta
1733 3875 1957 3924 cadebat
1976 3875 2215 3938 Religio!

1498 3958 1517 3983 ⁸
1539 3952 1764 4002 Perveni
1787 3988 1800 4002 .
1819 3985 1832 4000 .
1850 3989 1863 4003 .
1889 3953 2074 4016 Mores]
2091 3952 2283 4002 Modus
2307 3953 2392 4004 hic
2415 3968 2505 4004 no-

1439 4027 1667 4076 minatur
1688 4042 1787 4092 pro
1810 4044 1866 4078 re
1883 4029 2213 4078 modificata:
2247 4044 2346 4078 non
2367 4031 2505 4079 enim

1443 4109 1549 4152 tam
1574 4119 1747 4153 mores
1770 4107 2019 4168 perversi,
2049 4121 2210 4172 qnam
2244 4106 2330 4169 qni
2354 4106 2505 4154 mori·-

1437 4179 1535 4229 bus
1559 4182 1816 4244 perversis
1857 4181 2152 4232 afficiuntur
2188 4182 2417 4231 homines
2452 4182 2506 4230 in

1437 4259 1580 4306 celso
1601 4259 1732 4313 solio
1770 4259 2024 4322 resident,
2060 4259 2229 4308 ornati
2265 4258 2503 4307 nimirum

1437 4337 1618 4400 primis
1636 4338 1992 4402 dignitatibus.
