3049 4928
2405 403 2533 470 189

327 562 431 627 An
459 582 874 646 gemmarum
907 561 1125 644 fulgor
1155 562 1388 627 oculos
1420 561 1719 627 trahit‘lss
1805 563 1938 627 Sed
1987 563 2047 626 si
2099 563 2266 646 quid
2308 571 2413 630 est
2462 567 2533 630 in

325 666 450 730 hoc
484 666 838 750 splendore
868 667 1227 750 praecipui,
1258 686 1672 749 gemmarum
1700 673 1805 732 est
1833 668 1954 731 lux
1982 666 2128 745 illa,
2157 687 2290 731 non
2318 668 2530 732 homi-

322 789 519 833 num:
569 788 746 851 quas
797 770 1069 854 quidem
1113 769 1342 833 mirari
1389 769 1698 834 homines
1743 770 2173 835 vehementer
2221 771 2532 837 admiror.

324 870 503 949 Quid
551 879 661 935 est
709 871 882 935 enim
930 891 1164 937 carens
1214 872 1458 937 animae
1492 880 1703 952 motu,
1756 878 1959 957 atque
2011 874 2527 938 membrorum¹³

322 969 672 1059 compage,
705 976 887 1060 quod
930 976 1245 1041 animatae
1313 976 1830 1062 rationabilique
1879 984 2137 1043 naturae
2182 977 2533 1061 pulchrum

321 1091 469 1141 esse*
479 1076 640 1162 jure
668 1078 1020 1145 videatur?
1113 1076 1290 1157 Quae
1319 1080 1591 1148 tametsi
1623 1081 1998 1146 conditoris
2020 1100 2246 1165 opera,
2294 1083 2533 1167 suique

322 1179 751 1246 distinctione
780 1188 1139 1266 postremae
1180 1181 1435 1264 aliquid
1483 1183 2007 1266 pulchritudinis
2035 1184 2326 1264 trahunt,
2358 1187 2533 1252 infra

322 1288 617 1349 vestram
641 1292 867 1351 tamen
895 1287 1357 1351 excellentiam
1404 1286 1782 1365 collocatae,
1835 1287 2343 1353 admirationem
2375 1309 2532 1354 ves-

323 1393 492 1452 tram
520 1381 928 1454 nullomodo
957 1389 1392 1453 merebantur.
1458 1386 1569 1452 An
1595 1408 1725 1455 vos
1755 1408 2071 1473 agrorum
2100 1392 2532 1475 pulchritudo

328 1490 621 1557 delectat
640 1493 670 1556 ‘t
692 1489 720 1527 ¹¹
809 1491 996 1572 Quid
1023 1490 1186 1555 ni‘ef
1267 1490 1394 1556 Est
1422 1492 1598 1556 enim
1629 1493 2051 1577 pulcherrimi
2099 1496 2332 1577 operis
2383 1495 2534 1579 pul-

325 1593 478 1659 chra
505 1596 756 1678 portio.
849 1596 965 1661 Sic
996 1594 1329 1680 quondam
1378 1595 1593 1661 sereni
1636 1596 1845 1661 maris
1894 1596 2069 1661 facie
2120 1598 2534 1681 gaudemus}

324 1697 418 1763 sic
456 1698 754 1782 Coelum,
787 1698 1050 1777 Sidera,
1083 1698 1334 1780 Solem,
1380 1698 1782 1783 Lunamque
1815 1701 2150 1765 miramur.
2244 1699 2433 1765 Num
2465 1707 2533 1764 te

1013 415 1539 464 PHILOSOPHIAE
1591 415 1733 463 Lm.
1782 414 1862 464 11.

375 1856 407 1899 s
433 1858 578 1909 Dicit
603 1861 858 1911 Bo'e‘thius.

1242 1957 1542 1979 ‘HM‘
1546 1958 1606 1977 O!

321 2028 578 2082 Thuanaeo
604 2032 793 2097 primo,
825 2041 882 2084 et
916 2041 1137 2101 utroque
1155 2036 1429 2087 Victorino
1464 2037 1618 2087 deest
1654 2035 2113 2086 membrorum—14
2147 2033 2250 2085 Ms.
2289 2032 2542 2087 Rittersh.

1327 2182 1542 2233 NOTAE

326 2291 568 2356 vestibus,
595 2301 653 2343 et
683 2293 908 2359 famaue,
942 2294 1127 2360 incipit
1162 2312 1193 2345 a
1233 2310 1385 2360 pecu-

324 2368 440 2429 nia3
476 2385 634 2433 quam
682 2370 879 2421 idcirco
914 2372 1044 2423 dicit
1080 2388 1181 2421 non
1213 2374 1389 2422 haberi

1470 2310 1570 2345 non
1595 2296 1663 2346 sit
1687 2295 2070 2358 hominum,sed
2095 2295 2297 2345 illorum
2319 2296 2541 2346 duntax-

1471 2379 1527 2422 at
1551 2371 1761 2424 affectio
1786 2388 2080 2437 corporum,
2102 2387 2232 2438 quae.
2254 2387 2368 2422 cum
2394 2374 2410 2401 ‘
2431 2374 2541 2422 ina-

324 2460 470 2509 posse
513 2446 819 2511 pretiosam,
859 2435 994 2514 quod
1038 2464 1137 2500 nee
1173 2448 1390 2501 diffundi

324 2525 504 2588 possit,
530 2571 535 2575 .
555 2526 721 2590 juxta
764 2527 873 2591 ejus
915 2528 1231 2590 institutum,
1265 2530 1390 2594 quin

321 2600 619 2666 ‘largiendi
673 2618 769 2652 usu
823 2604 1061 2654 desinens
1103 2605 1388 2669 possideri’

323 2678 488 2741 ipsum
528 2682 745 2732 dantem
786 2692 1072 2749 pauperet:
1107 2700 1205 2735 nec
1239 2686 1390 2736 ‘eon-

329 2757 437 2818 geri
460 2758 726 2820 avaritia,'
759 2760 884 2825 quin
916 2763 931 2790 ‘
952 2772 1158 2811 ceteros
1176 2761 1258 2816 ,sui
1283 2763 1390 2810 ino-

326 2843 414 2894 pes
453 2833 661 2900 faciat,’
694 2838 749 2886 in
787 2837 886 2888 hoe
908 2838 1022 2902 ipsa
1043 2853 1194 2901 voce,
1217 2853 1388 2888 rerum

329 2911 553 2961 omnium
611 2915 932 2979 tenuissima,
986 2917 1212 2979 tenuior,
1270 2930 1388 2964 enm

325 2983 451 3036 ‘vox
477 2994 594 3039 tota
628 2991 830 3054 pariter
863 2993 1145 3042 multorum
1184 2994 1389 3057 repleat

328 3063 614 3115 auditum!
655 3081 756 3117 nee
813 3068 1032 3118 mirum:
1075 3068 1391 3133 quandoqui-

327 3137 441 3189 dem
484 3156 609 3204 vox,
651 3148 834 3207 utpote
862 3158 1033 3207 sonus,
1057 3153 1298 3194 versatur
1337 3144 1388 3193 in

328 3219 544 3280 quodam
569 3227 798 3270 tremore
833 3220 983 3283 aeris,
1024 3220 1111 3286 qui
1151 3224 1290 3287 quod
1329 3222 1388 3271 li·

327 3295 510 3356 quidus
533 3295 626 3359 sit,
657 3297 725 3346 ab
762 3313 866 3347 uno
901 3298 1111 3348 homine
1147 3300 1390 3364 loquente

328 3372 552 3438 undique
575 3376 894 3425 commoveri
921 3383 1098 3440 potest
1123 3394 1136 3425 :
1175 3377 1394 3441 pecunia

329 3454 496 3498 autern
537 3458 621 3501 est
659 3465 905 3507 nummus,
937 3468 1003 3503 ex
1024 3468 1126 3504 aere
1151 3455 1392 3518 primum,

324 3525 512 3578 deinde
549 3544 616 3579 ex
648 3545 774 3581 auro
798 3539 1080 3596 argentove
1102 3532 1395 3599 confectus,

330 3618 425 3667 quo
449 3609 663 3656 statutis
704 3610 905 3670 legibus
945 3624 1029 3660 res
1069 3619 1287 3675 propter
1319 3611 1393 3662 sa-

332 3682 475 3733 cilius
521 3687 889 3736 commercium
933 3691 1216 3752 permutari
1271 3705 1391 3754 pos·

330 3767 484 3810 sunt:
516 3761 647 3812 lieet
669 3771 841 3813 autern
887 3767 1036 3829 plura
1068 3782 1291 3832 corpora
1324 3767 1390 3816 si-

334 3838 433 3884 mul
456 3839 652 3888 moveri
684 3843 903 3905 possint,
925 3843 1061 3894 idem
1084 3851 1258 3892 tamen
1277 3858 1389 3893 cor·

333 3923 425 3971 pus
462 3928 565 3963 non
589 3922 767 3978 potest
798 3918 1033 3981 pluribus
1074 3920 1225 3968 simul
1259 3919 1390 3968 locis

333 3987 708 4044 circumscribi.
1184 4056 1185 4059 Ἴ

393 4075 418 4115 t
453 4073 529 4119 Aa
548 4072 1022 4135 gemmmmfrdgor
1038 4075 1196 4123 'oculos
1217 4072 1393 4136 trahit]

335 4155 422 4194 ιιι.
449 4147 786 4213 Philosophia
809 4164 1038 4214 gemmas
1074 4149 1207 4199 dicit
1232 4151 1394 4199 menti

333 4220 559 4283 humanm
594 4238 696 4274 non
736 4225 929 4275 debere
965 4241 1082 4275 esse
1121 4227 1393 4290 pretiosae,

335 4297 467 4358 quod
498 4298 689 4364 lumen,
713 4315 812 4366 quo
845 4315 1060 4364 gemma·
1098 4300 1394 4366 splendent,

1470 2449 1692 2501 nimata'
1711 2449 1834 2514 siut,
1862 2451 1939 2501 sic
1970 2448 2107 2501 infra
2140 2450 2330 2500 mentis
2364 2450 2541 2501 liuma-

1471 2543 1555 2578 nae
1579 2534 1595 2558 ‘
1617 2523 1981 2578 excellentiam
2018 2529 2276 2578 collocata
2302 2527 2457 2590 sunt,'
2484 2532 2543 2577 ut

1471 2606 1691 2656 hominis
1729 2607 2160 2655 ‘admirationem
2204 2607 2345 2654 nullo
2390 2604 2543 2655 modo

1473 2687 1803 2733 mereantur:
1856 2683 2114 2732 Nimirum
2139 2697 2342 2743 gemma
2366 2690 2447 2730 est
2468 2683 2543 2730 la-

1475 2760 1571 2822 pis,
1593 2759 1683 2823 qui
1716 2759 1882 2807 instar
1920 2758 2040 2807 vitri
2062 2758 2347 2820 pellacem,
2369 2759 2542 2807 lumen

1470 2834 1590 2884 ideo
1626 2833 1960 2894 transmittit,
1990 2832 2127 2896 quod
2160 2841 2281 2882 ante
2316 2834 2542 2896 liquatus

1468 2910 1652 2973 fuerit,
1690 2925 1840 2976 quam
1882 2909 2250 2974 lapidesceret.
2318 2911 2456 2959 Hinc
2500 2911 2542 2960 ni

1473 2988 1670 3055 aliquid
1713 2987 1938 3051 metalli,
1982 2986 2264 3035 alteriusve
2312 2987 2542 3049 corporis

1472 3067 1644 3131 opaci,
1667 3080 1885 3131 gemma».
1922 3061 2089 3113 a‘dbue
2126 3063 2433 3127 liquescenti
2465 3063 2541 3110 in-

1470 3143 1741 3203 fundatur,
1796 3154 2004 3205 gemma
2055 3141 2319 3205 pellueeee
2374 3138 2542 3188 minus

1474 3228 1601 3286 apta
1638 3222 1936 3271 coloratur:
1982 3217 2101 3267 hine
2135 3231 2257 3266 snus
2292 3223 2373 3265 est
2408 3230 2545 3279 gem-

1472 3315 1675 3349 marum
1697 3299 1807 3348 sive
1843 3296 2242 3362 pellueentium‚
2262 3296 2371 3344 sive
2412 3296 2544 3345 relu-

1474 3378 1705 3428 centium
1727 3375 1917 3441 fulgor,
1940 3389 2040 3440 quo
2075 3374 2214 3423 oculi
2240 3373 2322 3422 ita
2336 3388 2545 3423 moven-

1476 3463 1585 3518 tur,
1604 3462 1665 3505 ιη
1687 3469 1833 3504 mens
1850 3455 1967 3517 ipsa
1986 3451 2051 3501 ad
2070 3465 2298 3516 gemmas
2323 3450 2542 3513 primum

1476 3532 1809 3598 spectandae,
1859 3531 2050 3581 deinde
2098 3528 2445 3589 admirandas,
2490 3532 2547 3576 et

1464 3611 1761 3676 ‘aliquando
1794 3610 1952 3659 etiam
1975 3605 2221 3656 amandas
2255 3605 2549 3663 excitetur3

1472 3689 1638 3739 donec
1661 3695 1823 3737 exuta
1847 3685 1984 3736 omni
2012 3682 2339 3748 prm-judicio,
2365 3681 2547 3729 adver-

1475 3772 1558 3815 tat
1579 3765 1664 3814 hic
1688 3765 1813 3813 nihil
1833 3761 1975 3811 aliud
1999 3774 2132 3820 esse,
2156 3772 2309 3822 quam
2332 3765 2549 3819 motum,

1470 3857 1574 3892 non
1600 3843 1760 3891 solum
1796 3842 1911 3903 ipsa
1943 3845 2141 3898 mente,
2164 3851 2194 3885 a
2217 3849 2320 3898 qua
2352 3834 2547 3898 cogita-

1473 3927 1584 3982 tur,
1613 3918 1946 3977 inferiorem
1980 3915 2071 3964 sed
2106 3913 2204 3978 ipsi
2238 3912 2395 3963 etiam
2430 3927 2545 3962 cor·

1474 4012 1658 4061 porum
1684 3996 1827 4057 vitae,
1851 4009 1965 4059 quae
1987 3993 2039 4041 iu
2060 3990 2276 4055 perenni
2308 3990 2545 4038 continu-

1471 4081 1662 4138 ataque
1684 4072 1912 4122 motione
1939 4076 2196 4133 versatur,
2216 4068 2371 4130 longe
2403 4072 2544 4130 post-

1477 4149 1791 4212 ponendum.

1542 4225 1566 4259 ¹¹
1598 4228 1681 4276 An
1713 4241 1793 4275 vos
1813 4237 2037 4287 egrotum
2061 4220 2363 4285 pulchritudo
2398 4220 2545 4267 delec-

1474 4303 1575 4366 tae]
1631 4317 1712 4352 lv.
1767 4299 2104 4362 Philosophia
2151 4295 2318 4359 addit,
2372 4309 2542 4366 neque
