3049 4928
1007 406 1131 460 1¹11!
1141 406 1529 460 nosormae
1576 407 1721 458 12113.
1764 408 1815 459 1.

2384 390 2523 464 ,1⁰⁷

315 576 428 624 um
483 555 770 634 vilitatis
787 557 818 624 ‘l
838 567 865 595 ³
892 556 982 656 ²⁰1
1058 552 1181 636 At,
1235 556 1431 641 cujus
1476 555 1781 658 criminis
1840 554 2205 641 arguimur,
2224 567 2255 608 ³¹
2271 564 2297 605 ‘¹
2340 569 2522 624 sum-

313 680 490 725 mam
531 661 831 746 quaeris‘l
939 658 1264 728 Senatum
1319 657 1606 727 dicimur
1649 659 1916 726 salvum
1971 678 2124 725 esse
2177 658 2524 727 voluisse!

371 847 400 874 ²¹
430 842 675 904 Infamioe.
805 851 831 887 ν
862 842 1175 896 Accu-samur.

1234 956 1294 978 ‘0
1298 956 1598 980 “euml“

315 1029 445 1109 cod,
467 1054 611 1109 vict.
633 1054 891 1108 secundus
912 1055 965 1109 iu
987 1072 1040 1110 eo
1065 1058 1295 1111 dice-20
1328 1065 1343 1091 ⁴
1364 1059 1563 1114 Thuau.
1588 1059 1806 1128 primus,
1828 1066 1884 1113 et
1915 1064 2135 1127 uterque
2166 1058 2311 1114 Vict.
2342 1057 2523 1111 uilitas.

1305 1205 1530 1259 NOTAE

311 1302 468 1363 ratio,
513 1302 530 1330 4
555 1300 842 1355 Quodlibet
879 1302 1144 1366 indutus?
1176 1309 1232 1355 et
1262 1304 1380 1355 Vir-

313 1378 401 1443 gil.
467 1378 686 1428 ‘Flores
743 1380 979 1443 inscripti
1022 1374 1230 1431 nomina
1278 1382 1381 1432 Re-

310 1452 476 1517 gum,’
512 1469 657 1503 more
694 1454 1001 1505 Graeeorum
1040 1457 1379 1521 intelligendo

307 1530 857 1594 nme,⁴secuudum,’⁴
875 1531 1005 1596 per,’
1028 1536 1127 1584 ὅτε.
1195 1535 1275 1583 Ex
1297 1535 1377 1584 his

304 1614 483 1656 autem
505 1607 743 1657 omnibus
770 1615 915 1671 patet
948 1608 1209 1660 delatores
1244 1610 1375 1661 Boe-

306 1682 402 1733 thii
448 1683 671 1746 injustos
714 1684 999 1734 audiendos
1040 1700 1145 1734 non
1183 1685 1372 1738 fuissez

301 1758 449 1809 unde
492 1758 670 1810 addit:
723 1761 890 1824 ‘qnid
943 1762 1063 1812 huic
1103 1763 1376 1814 severitati

304 1850 462 1900 posse
500 1836 668 1887 astrui
709 1836 964 1887 videtur?
1006 1839 1154 1903 quasi
1194 1839 1371 1891 dicat:

304 1913 500 1964 cumin
523 1913 779 1977 ejusmodi
803 1913 1035 1965 honiiues
1058 1921 1163 1966 tam
1192 1930 1374 1967 severe

304 2000 484 2043 actum
517 1989 700 2052 fuerit,
740 1991 962 2056 cognitis
996 1993 1278 2044 eorundem
1310 1994 1383 2045 vi-

313 2071 422 2133 tiis,
443 2070 628 2120 iisdem
653 2070 1010 2121 deferentibus
1028 2070 1160 2122 fides
1172 2088 1274 2123 non
1290 2074 1381 2125 de·

305 2149 421 2203 buit
446 2150 708 2213 adhiberi,
730 2160 785 2201 et
810 2158 979 2201 tamen
1000 2155 1017 2181 ⁴
1035 2167 1138 2217 quo
1171 2152 1255 2203 die
1284 2170 1379 2206 nos

306 2218 654 2288 detulerunt,'
678 2225 842 2292 inquit
874 2227 1172 2291 Boethiusf
1194 2230 1377 2281 eodem

303 2303 469 2352 nostri
491 2302 714 2352 nominis
753 2303 985 2366 delatio,'
1005 2305 1165 2355 veluti
1190 2305 1381 2369 justis·

304 2380 455 2443 sima,
472 2380 490 2409 ⁴
509 2386 759 2443 suscepta
782 2380 900 2431 est.'
962 2382 979 2410 ⁴
1003 2381 1278 2438 Nostraeue
1298 2399 1379 2434 ar-

304 2463 387 2508 tes
428 2457 505 2508 ita
535 2464 836 2507 meruerunt
852 2454 889 2507 ?'
940 2472 1043 2508 nou
1081 2468 1227 2512 certe
1262 2477 1380 2514 cum

302 2535 585 2585 veritatem
603 2535 952 2600 virtutemque
975 2550 1184 2602 semper
1204 2540 1379 2591 colere

306 2612 677 2662 studuerimus.
740 2612 757 2640 ⁴
780 2611 864 2660 Au
902 2612 1017 2662 illos
1054 2625 1380 2668 accusatores

296 2688 467 2752 justos
483 2687 621 2738 fecit
639 2688 903 2752 praemissa
917 2686 1180 2741 damuatio
1192 2691 1229 2742 ?’
1252 2693 1382 2743 Nul-

305 2763 517 2815 latenus
534 2778 554 2814 ε
586 2764 744 2815 immo
766 2779 888 2816 vero
907 2766 1157 2832 damuati,
1171 2784 1266 2820 suo
1282 2770 1382 2820 cri·

306 2840 446 2890 mine
483 2840 540 2890 id
573 2842 761 2890 saltem
803 2850 1123 2908 meruerunt,
1145 2852 1205 2897 ut
1236 2847 1382 2910 ipsis,

306 2918 468 2968 etiam
510 2931 691 2968 verum
726 2919 1039 2984 dicentibus,
1069 2921 1200 2973 fides
1239 2924 1382 2974 nulla

310 2995 684 3047 adhiberetur:
722 3013 882 3063 quare
914 2999 960 3049 si
992 2999 1203 3051 fortuna
1235 3016 1382 3053 caeca

306 3086 409 3122 nou
440 3071 605 3135 foret,
637 3075 654 3101 4
675 3073 807 3124 banc
830 3074 1116 3139 puduisset,
1137 3077 1181 3127 si
1209 3078 1379 3131 minus

306 3156 570 3200 accusatae
594 3150 930 3216 innocentiae,
947 3157 1004 3202 at
1024 3155 1379 3206 accusantium

307 3226 571 3283 vilitatis.’
644 3228 854 3293 Injusta
893 3245 1025 3294 ergo
1076 3231 1191 3283 haec
1234 3231 1381 3283 exilii

309 3316 472 3353 cansa
494 3317 563 3353 ex
588 3311 736 3368 parte
760 3307 1134 3358 accusantium.

369 3387 396 3422 ¹¹
426 3380 523 3443 At,
543 3380 677 3442 cujus
708 3381 927 3432 cuminis
950 3383 1224 3448 arguimur]
1266 3384 1379 3435 De-

306 3455 427 3507 inde
451 3457 651 3520 injusta
671 3464 756 3507 est
779 3457 1022 3520 praedicti
1050 3460 1195 3510 exilii
1224 3474 1381 3510 causa

307 3548 376 3584 ex
407 3542 566 3598 parte
598 3534 862 3597 criminis;
894 3534 1088 3600 quippe
1115 3536 1254 3601 quod
1287 3544 1380 3588 aut

306 3612 590 3676 allegatum
605 3625 709 3661 non
728 3618 831 3675 est,
845 3620 939 3662 aut
955 3625 1055 3662 nou
1074 3612 1375 3677 probatumz

303 3688 322 3716 4
346 3686 590 3737 Summa'
611 3688 749 3738 enim
784 3688 896 3739 sive
931 3703 1175 3739 numerus
1207 3690 1380 3741 crimi-

307 3777 433 3815 num
475 3779 593 3830 quae
633 3763 857 3829 Boethio
891 3765 1288 3831 objiciebantur,
1323 3767 1380 3819 in

303 3841 385 3890 bis
418 3846 697 3891 versatur:
735 3847 782 3891 1.
807 3841 946 3906 quod
967 3845 982 3869 ⁴
1004 3842 1254 3893 Senatum
1287 3858 1377 3893 vo·

302 3917 464 3967 luerit
482 3931 600 3967 esse
623 3917 821 3967 salvum
841 3916 875 3966 ε’
908 3921 960 3968 2.
984 3917 1124 3983 quod
1146 3918 1377 3983 ejusdem

303 3995 322 4023 4
340 3996 568 4046 Senatus
603 3993 894 4044 delatorem
928 3995 1296 4059 impediverit?
1326 3999 1375 4048 3.

304 4071 441 4137 quod
479 4073 496 4100 ⁴
516 4070 607 4120 Ad
649 4070 1030 4121 restituendam
1071 4071 1376 4137 Rempnbli·

305 4165 417 4202 cam
452 4152 740 4201 Romanam
774 4149 953 4199 literas
984 4149 1375 4215 composuerit!

304 4231 354 4279 4.
371 4228 509 4293 quod
534 4227 552 4256 4
570 4225 857 4290 sacrilegio
874 4225 1244 4277 conscientiam
1263 4227 1373 4292 pol·

306 4304 498 4358 luerit-⁸
565 4303 668 4360 sed
703 4303 818 4356 haec
840 4303 1010 4355 omnia
1044 4311 1136 4357 aut
1157 4304 1373 4358 erimina

1461 1317 1565 1354 non
1584 1308 1723 1367 suut,
1742 1309 1835 1353 aut
1855 1316 1888 1352 a
1914 1301 2131 1355 Boethio
2150 1300 2351 1353 aliena·
2384 1300 2525 1396 sicut

1460 1380 1708 1445 deinceps
1731 1380 2191 1431 demonstrabitur.

1522 1463 1545 1492 ἲ
1575 1459 1808 1509 Senatum
1820 1458 2023 1509 dicimur
2038 1459 2220 1508 salvum
2235 1472 2334 1507 esse
2353 1456 2529 1508 υοιιιίε-

1456 1534 1531 1601 se]
1567 1536 1796 1587 Primum
1840 1533 2048 1584 Boethii
2090 1533 2304 1584 crimen.
2365 1535 2528 1583 Sena

1458 1620 1544 1665 tus
1603 1611 1742 1676 apud
1787 1611 2048 1661 Romanos
2094 1616 2211 1661 erat
2254 1610 2523 1660 consilium

1455 1698 1700 1743 constans
1717 1704 1784 1742 ex
1817 1688 2133 1739 senioribusz
2168 1687 2306 1737 unde
2325 1687 2527 1737 Tullius

1455 1766 1509 1817 iu
1545 1767 1779 1818 Catone:
1813 1766 1831 1795 4
1855 1764 2148 1826 consilium,
2185 1769 2242 1814 et
2278 1762 2436 1825 ratio,
2468 1767 2525 1812 et

1455 1842 1718 1894 sententia
1747 1841 1848 1892 uisi
1882 1846 2059 1893 essent
2087 1840 2140 1889 iu
2173 1839 2403 1903 senibus,
2423 1853 2527 1889 non

1455 1935 1707 1972 summum
1762 1919 2032 1970 eonsilium
2082 1916 2307 1982 majores
2355 1916 2526 1967 nostri

1460 1998 1707 2048 Senatum
1735 1996 2110 2061 appellassent.
2175 1992 2334 2059 Apud
2365 1993 2529 2043 Lace-

1461 2074 1743 2126 daemonios
1758 2072 1964 2139 quidem
1983 2072 2040 2138 ii,
2056 2072 2142 2139 qni
2155 2067 2528 2135 amplissimum

1458 2152 1816 2216 magistratui
1834 2154 2109 2215 gerunt,ut
2123 2153 2263 2211 sunt,
2279 2146 2356 2198 sic
2368 2147 2528 2196 etiam

1459 2229 1792 2293 appellantur
1832 2240 1982 2277 senes
2001 2229 2034 2276 ε’
2067 2238 2226 2291 quare
2265 2221 2426 2273 Ovid.
2470 2236 2527 2274 v.

1460 2305 1610 2356 Fast.
1633 2321 1711 2356 vs.
1734 2308 1819 2355 6⁷.
1859 2305 1876 2334 4
1895 2304 2092 2368 Magna
2134 2300 2251 2352 fuit
2269 2298 2529 2366 quondam

1460 2382 1651 2446 capitis
1689 2382 1996 2432 reverentia
2043 2380 2185 2443 cani,
2226 2378 2395 2445 Inque
2437 2391 2530 2428 suo

1461 2459 1635 2524 pretio
1658 2474 1787 2524 ruga
1808 2458 1983 2510 senilis
1999 2463 2132 2508 erat.
2183 2455 2375 2507 Martis
2396 2471 2529 2520 opus
2539 2508 2555 2515 „

1452 2535 1695 2600 juvenes,
1715 2535 2049 2600 animosaque
2080 2534 2221 2585 bella
2255 2532 2532 2598 gerebant,

1462 2614 1536 2664 Et
1560 2627 1657 2678 pro
1679 2614 1793 2662 Diis
1817 2611 2043 2662 aderant
2075 2611 2129 2661 iu
2152 2611 2380 2661 statione
2402 2610 2532 2660 suis.

1462 2689 1676 2739 Viribus
1706 2689 1794 2738 ille
1823 2702 2004 2750 senex,
2024 2702 2124 2739 nec
2155 2687 2407 2737 habendis
2431 2687 2534 2737 uti·

1460 2766 1528 2815 lis
1550 2766 1727 2829 armis,
1748 2766 1982 2815 Consilio
2016 2758 2203 2829 patrias
2235 2778 2380 2829 saepe
2400 2762 2537 2814 fere-

1463 2841 1559 2893 bat
1589 2856 1761 2905 opem.
1802 2841 1947 2892 ⁴Nec
1976 2840 2076 2890 nisi
2103 2847 2224 2905 post
2254 2853 2416 2890 annos
2438 2856 2533 2906 pa·

1462 2919 1569 2969 tuit
1588 2923 1716 2969 tunc
1739 2917 1898 2969 Curia
1919 2931 2085 2982 seros,
2099 2918 2305 2969 Nomen
2324 2922 2392 2967 et·
2404 2925 2538 2968 aeta·

1461 2996 1531 3047 tis
1561 2996 1692 3046 mite
1719 2996 1943 3046 Senatus
1963 2994 2142 3045 habet.
2205 2994 2338 3046 Jura
2370 2993 2536 3046 dabat

1461 3074 1660 3138 populo
1694 3072 1886 3137 senior,
1905 3071 2159 3138 finitaque
2189 3071 2352 3121 certis
2378 3071 2534 3135 Legi·

1459 3149 1558 3200 bus
1596 3156 1680 3200 est
1720 3154 1868 3212 aetas,
1907 3147 2049 3198 unde
2087 3153 2296 3213 petatur
2329 3146 2532 3200 honor!

1458 3226 1656 3279 Scribit
1687 3233 1863 3277 autem
1900 3223 2235 3288 Plutarchus,
2255 3223 2534 3276 Romulum

1458 3318 1529 3354 ex
1551 3301 1892 3367 optimatibus
1913 3307 2124 3352 eentum
2146 3313 2350 3352 creasse
2368 3301 2533 3352 Sena-

1457 3387 1623 3443 tores,
1645 3393 1926 3445 eorumque
1959 3377 2236 3443 collegium
2271 3392 2338 3429 ex
2374 3384 2559 3431 aetatee

1456 3457 1711 3509 Senatum
1758 3457 2093 3522 appellasset
2148 3455 2310 3522 quod,
2362 3455 2534 3509 sonna

1455 3535 1645 3585 saltem
1662 3533 1992 3597 continuata,
2005 3547 2168 3599 usque
2184 3533 2252 3583 ad
2268 3533 2384 3598 ipsa
2396 3533 2534 3584 1303-

1457 3611 1555 3661 thii
1584 3617 1823 3676 tempora
1859 3608 2221 3675 perseveravit
2235 3625 2253 3659 ε
2288 3608 2533 3675 primum·

1457 3704 1561 3754 que
1584 3687 1793 3739 Boethii
1809 3688 2028 3739 -crimen
2049 3687 2263 3751 dicitur,
2281 3686 2536 3754 quodvo·

1459 3765 1619 3816 luerit
1660 3764 2032 3829 amplissimum
2083 3763 2226 3814 bunc
2271 3763 2531 3816 Ordinem

1458 3855 1579 3892 esse
1607 3842 1828 3904 salvum,
1849 3847 1962 3892 tum
1988 3839 2214 3905 scilicet,
2234 3854 2353 3892 cum
2384 3841 2532 3892 inno-

1458 3922 1669 3967 centem
1685 3917 1935 3966 Senatum
1952 3916 1968 3944 ⁴
1981 3914 2274 3981 majestatis
2283 3917 2504 3968 erimine
2516 3913 2536 3945 ²

1457 3999 1758 4044 accusatum
1774 3990 2011 4043 defendit
2022 4007 2085 4043 ac
2101 3992 2347 4044 liberavit
2358 4009 2376 4044 z
2389 3991 2533 4059 qnod

1456 4072 1563 4121 non
1612 4076 1774 4135 negat
1814 4070 2072 4122 Boethius
2117 4085 2149 4120 a
2192 4084 2272 4121 se·
2301 4069 2532 4121 factum?-

1455 4146 1472 4175 ⁴
1499 4147 1697 4211 Volui,'
1729 4146 1916 4213 inquit,
1947 4144 1965 4174 ⁴
1983 4158 2084 4198 nec
2124 4158 2352 4210 unquam
2393 4144 2531 4196 velle

1454 4222 1705 4274 desistam
1720 4220 1754 4274 ε’
1814 4221 1909 4272 sed
1951 4226 2111 4284 negat
2141 4234 2261 4271 esse
2294 4218 2532 4271 crimene

1451 4300 1469 4330 ‘
1490 4316 1560 4354 an
1581 4306 1796 4369 optasse
1809 4297 1948 4351 illius
1961 4294 2181 4349 Ordinis
2199 4294 2420 4347 sulutem
2436 4308 2527 4351 ne.-
