3049 4928
507 402 635 468 116

1212 413 1516 462 ΒΟΕΤΗΙῙ
1568 412 1665 461 DE
1712 410 2018 460 CONSOL.

503 565 774 629 faceres.
862 564 1199 630 Praeterea
1243 564 1626 648 penetrale·
1650 565 1693 601 ¹¹
1718 570 1744 597 V
1786 562 2113 625 innocens
2151 558 2414 637 domuS,
2468 557 2706 623 hones-

506 670 916 734 tissimorum
946 676 1219 734 coetus“’
1265 670 1658 744 amicorum,
1717 685 1908 730 socer
1952 664 2395 749 Symmachus
2419 670 2468 702 ¹²
2515 681 2710 728 sanc-

509 780 654 849 tusi,
675 778 740 836 et
783 792 978 855 aeque
1027 779 1181 838 actu
1232 773 1385 855 ipso
1411 779 1455 818 ¹³
1502 768 1930 845 reverenduS,
1964 766 2050 831 ab
2099 768 2281 831 omni
2330 786 2451 831 nos
2508 766 2709 851 hujus

570 965 594 989 ¹²
625 957 777 1007 Locioe
794 957 994 1007 interior
1013 958 1336 1020 secretiorque.

1478 963 1512 988 ¹·
1547 954 1775 1004 Societas.

1353 1099 1358 1104 .
1441 1083 1792 1103 “O“OO‘OOOO

508 1169 634 1213 —ll
673 1166 904 1215 Penetral
935 1165 1130 1228 Delph.
1188 1162 1491 1213 flach—12
1540 1162 1687 1212 Socer
1733 1160 1879 1210 etiam
1934 1159 2066 1224 Sym.
2105 1157 2226 1210 edd.
2262 1158 2606 1210 caulem—18
2641 1160 2716 1209 Ac

513 1230 688 1294 tuipsa
726 1230 914 1294 Delph.
951 1230 1124 1280 Hack.
1155 1230 1320 1278 Deest
1355 1229 1458 1291 ipsa
1493 1230 1544 1277 in
1584 1226 1699 1276 cod.
1738 1227 1877 1275 vict.
1906 1228 2087 1290 primo.
2150 1225 2322 1275 ‘Mire
2355 1225 2474 1274 heic
2513 1225 2714 1273 variant

511 1295 858 1360 exemplaria:
911 1297 954 1344 si
1012 1297 1171 1345 liceat
1205 1295 1279 1344 ita
1319 1294 1546 1357 legerem
1581 1300 1635 1342 et
1678 1292 2088 1354 distinguerem:
2139 1296 2187 1340 et
2227 1306 2374 1355 teque,
2415 1306 2472 1339 ae
2504 1296 2560 1340 tu
2595 1291 2715 1355 ipsa,

1507 1427 1721 1477 NOTAE

509 1545 736 1588 aeternus
759 1553 869 1587 esse
893 1541 1057 1603 possit
1077 1555 1237 1601 amor,
1268 1548 1568 1605 aeternaque

508 1616 706 1666 idcirco
740 1615 846 1676 illa,
878 1632 992 1681 quae
1015 1617 1151 1667 illius
1187 1618 1374 1667 amoris
1397 1631 1569 1667 comes

508 1702 589 1742 est
613 1693 901 1756 individua,
922 1696 1176 1758 voluptas.
1243 1694 1314 1744 At
1339 1694 1572 1743 Philoso-

508 1772 628 1835 phia
652 1785 752 1819 non
776 1771 896 1819 sinit
929 1779 1158 1821 mentem
1191 1772 1461 1819 humanam
1496 1771 1574 1819 sic

509 1850 770 1900 adhaerere
821 1849 972 1899 rebus
1028 1851 1293 1915 perpetuis
1356 1850 1570 1911 creatiS‚

513 1942 642 1992 quas
669 1928 829 1976 malos
854 1926 1049 1976 Genios
1080 1943 1343 1988 vocamus,
1379 1935 1436 1977 ut
1475 1926 1570 1976 sub

509 2003 623 2067 ejus
673 2003 688 2031 ‘
731 2003 894 2052 oeulis
939 2004 1215 2068 sacrilegio
1261 2005 1430 2054 locus'
1474 2004 1568 2054 sit:

509 2081 772 2131 ‘instillat
814 2082 950 2131 enim
996 2081 1206 2131 auribus
1250 2082 1573 2145 cogitationi-

510 2159 712 2224 busque
750 2159 982 2224 quotidie
1029 2159 1215 2208 nostris
1262 2159 1572 2223 Pythagori-

512 2253 628 2287 cum
654 2237 779 2286 illud
815 2234 929 2285 ἕπου
946 2236 1093 2298 Θεῷ;’
1126 2251 1348 2301 sequere
1371 2235 1570 2285 Deum:

512 2313 648 2378 quod
674 2315 833 2363 etiam
856 2314 1076 2363 habetur
1113 2313 1401 2363 Deuteron.
1441 2327 1572 2362 xm.

507 2393 523 2419 ‘
545 2393 821 2442 Dominum
841 2394 1007 2442 Deum
1033 2399 1259 2442 vestrum
1284 2392 1581 2456 sequimini,

512 2478 566 2518 et
606 2469 773 2533 ipsum
821 2471 1021 2533 timete,
1056 2478 1112 2520 et
1154 2470 1402 2518 mandata
1441 2469 1577 2518 illius

509 2548 795 2610 custodite,
818 2554 874 2597 et
898 2549 1072 2598 audite
1095 2563 1277 2598 vocem
1301 2546 1443 2611 ejus:
1480 2546 1579 2610 ipsi

509 2625 771 2687 servietis,
804 2633 860 2674 et
893 2627 992 2689 ipsi
1033 2625 1404 2675 adhaerebitis!
1466 2626 1578 2675 De-

512 2702 671 2765 nique
695 2717 810 2752 cum
835 2703 1172 2767 Philosophia
1193 2703 1446 2752 hominem
1470 2704 1485 2730 ‘
1501 2701 1578 2751 fa-

511 2780 621 2828 ciat
662 2778 783 2829 Deo
820 2780 1141 2830 consimilem
1161 2779 1195 2840 ;’
1230 2795 1330 2828 uon
1368 2779 1577 2844 quidem

511 2870 752 2920 corpore,
822 2857 1253 2921 quemadmodum
1321 2857 1581 2920 expressit

512 2932 781 2996 Virgilius,
816 2936 830 2961 ‘
866 2948 921 2983 os
962 2935 1301 2998 humerosque
1346 2934 1463 2982 Deo
1511 2934 1578 2981 si-

516 3009 650 3058 milis
671 3008 705 3070 ;'
739 3010 882 3059 Deus
906 3011 1102 3076 quippe
1124 3018 1207 3060 est
1231 3013 1464 3075 eorporis
1489 3024 1577 3059 ex-

513 3100 665 3147 pers3
695 3086 807 3134 sed
853 3094 1060 3148 mente;
1095 3085 1325 3136 efficiens
1369 3086 1580 3136 scilicet

515 3169 573 3209 ut
596 3176 741 3211 mens
784 3171 961 3212 nostra
996 3164 1159 3212 instar
1199 3165 1306 3214 Dei
1342 3165 1578 3228 cogitans

514 3252 613 3286 nec
657 3240 916 3288 erroribus
959 3255 1056 3290 nec
1100 3241 1238 3289 vitiis
1276 3240 1579 3305 indulgeat3

514 3322 796 3379 propterea
840 3317 1020 3367 eadem
1061 3318 1396 3382 Philosophia
1441 3333 1582 3366 men-

515 3401 619 3442 tem
646 3402 872 3443 nostram
898 3395 970 3443 ita
1008 3396 1275 3460 conjungit
1314 3411 1428 3445 cum
1467 3395 1581 3444 Deo

518 3477 761 3537 tanquam
802 3485 919 3520 cum
962 3472 1126 3534 primo
1161 3473 1394 3521 veritatis
1418 3473 1581 3522 virtu-

515 3545 687 3608 tisque
718 3547 983 3610 magistro,
1017 3555 1075 3596 ut
1109 3547 1124 3575 ‘
1160 3563 1262 3597 non
1304 3550 1583 3599 conveniat

517 3620 876 3670 vilissimorum
901 3637 994 3672 nos
1023 3625 1300 3687 spirituum
1336 3625 1584 3688 praesidia

515 3693 759 3761 capta're!
812 3700 1065 3748 vilissimi
1083 3709 1251 3751 autem
1273 3702 1347 3751 illi
1367 3703 1582 3766 spiritus

517 3785 636 3822 sunt
660 3777 779 3825 mali
800 3777 973 3837 Genii,
996 3792 1208 3841 quorum
1235 3793 1334 3842 ope
1354 3779 1583 3829 homines

522 3851 727 3913 quidam
774 3852 967 3914 perditi
1009 3855 1141 3903 mira
1186 3862 1435 3919 praestare
1474 3870 1582 3904 cre-

520 3929 734 3990 duntur,
764 3944 867 3978 non
893 3932 1054 3979 solum
1079 3947 1108 3980 a
1132 3932 1462 3996 Christianis,
1495 3933 1585 3981 do·

523 4012 675 4054 cente
702 4008 892 4071 soepius
916 4022 1064 4058 sacro
1100 4016 1270 4070 textu,
1310 4010 1400 4058 sed
1426 4011 1584 4058 etiam

524 4082 588 4129 ab
622 4082 749 4146 ipsis
781 4086 1023 4148 PaganiS.
1089 4086 1241 4136 Unde
1283 4087 1429 4149 Virg.
1469 4087 1582 4136 Ecl.

523 4174 648 4210 vm.
675 4176 751 4210 vs·
774 4167 855 4212 69.
888 4162 903 4190 ‘
927 4163 1169 4212 Carmina
1193 4164 1276 4213 vel
1312 4164 1442 4213 coelo
1470 4179 1585 4227 pos-

521 4245 642 4287 sunt
679 4239 940 4290 deducere
982 4242 1211 4290 Lunam:
1257 4240 1583 4290 Carminibus

526 4315 679 4364 Circe
702 4318 869 4367 socios
899 4317 1118 4366 mutavit
1150 4318 1384 4381 Ulyssci:
1423 4316 1586 4380 Frigi-

1653 1543 1748 1592 dus
1781 1543 1834 1590 in
1869 1542 2029 1606 pratis
2066 1538 2324 1590 cantando
2348 1536 2608 1601 rumpitur
2630 1549 2715 1584 an-

1654 1619 1804 1684 guis?
1873 1620 2063 1669 Horat.
2089 1617 2256 1682 Epod.
2295 1615 2400 1666 Od.
2443 1619 2521 1664 17.
2571 1614 2588 1641 ⁸
2632 1612 2716 1662 An

1651 1710 1765 1761 quae
1789 1707 1996 1746 movere
2019 1709 2196 1746 cereas
2219 1693 2486 1758 imagines,
2510 1693 2587 1742 Ut
2605 1691 2717 1754 ipse

1652 1773 1789 1822 nosti
1813 1774 2068 1836 curiosus,
2100 1779 2158 1822 et
2194 1772 2317 1836 polo
2337 1769 2602 1833 Deripere
2622 1768 2721 1817 Lu-

1650 1864 1768 1898 nam
1815 1849 2023 1902 vocibus
2065 1848 2258 1913 possim
2315 1846 2465 1908 meis,
2514 1845 2718 1895 Possim

1651 1931 1909 1976 crematos
1945 1926 2174 1975 excitare
2197 1929 2429 1974 mortuos
2453 1920 2722 1971 Desideri-

1652 2020 1752 2069 que
1775 2010 2071 2069 temperare
2098 1999 2488 2069 pocuiom‚’&c.
2558 1998 2718 2051 Ovid.

1652 2090 1708 2133 et
1731 2083 1837 2132 alii.
2782 2137 2791 2142 ⁴

1720 2168 1743 2191 v
1780 2161 2026 2210 Praeterea
2056 2158 2320 2224 penetrale]
2363 2157 2603 2208 Alterum
2641 2170 2721 2208 ar-

1656 2244 1976 2301 gumentum,
1998 2252 2099 2302 quo
2122 2236 2373 2286 Boethius
2398 2248 2454 2284 se
2477 2239 2723 2298 purgata

1657 2316 1916 2379 praedicto
1954 2314 2187 2377 crimine,
2220 2313 2482 2377 accipitur
2517 2323 2584 2359 ex
2623 2310 2722 2359 vir·

1657 2399 1773 2442 tute
1798 2392 2073 2457 praestanti
2094 2390 2514 2450 domesticorum,
2535 2386 2725 2437 amico·

1660 2486 1792 2532 rum,
1828 2480 1884 2520 et
1919 2468 2167 2530 affinium,
2200 2483 2317 2518 cum
2354 2466 2542 2532 quibus
2584 2463 2723 2513 idem

1660 2546 1912 2597 Boethius
1937 2547 2197 2611 antiquam
2220 2544 2403 2594 habuit
2437 2541 2723 2592 necessitu-

1661 2624 1849 2674 dinem.
1920 2622 2051 2673 Cum
2085 2623 2224 2672 enim
2260 2622 2426 2670 virtus
2460 2626 2518 2668 et
2541 2618 2721 2668 vitium

1661 2703 1738 2751 ita
1759 2703 1866 2751 sint
1892 2701 2154 2750 contraria
2177 2705 2236 2748 ut
2258 2699 2400 2747 nulla
2421 2711 2538 2747 esse
2562 2695 2728 2759 possit

1662 2778 1871 2828 virtutis
1917 2778 2133 2843 vitiique
2178 2777 2436 2835 societas3
2489 2776 2534 2823 si
2579 2781 2726 2823 arcta

1659 2853 1819 2905 fuerit
1843 2855 1982 2903 inter
2016 2853 2276 2918 quendam
2298 2852 2488 2911 virum,
2522 2857 2580 2900 et
2613 2865 2725 2915 pro·

1662 2932 1754 2979 bos
1801 2926 2134 2992 domesticos,
2180 2928 2391 2989 amicoS,
2439 2924 2724 2992 affinesque

1659 3009 1904 3071 societas,
1923 3015 2069 3058 certe
2091 3007 2170 3056 vir
2191 3006 2277 3055 ille
2299 3019 2402 3054 non
2424 3004 2590 3055 debet
2611 3018 2725 3054 esse

1658 3092 1933 3148 suspectus
1977 3084 2114 3132 illius
2167 3083 2456 3146 praesertim
2501 3082 2727 3131 criminis

1661 3161 1798 3225 quod
1833 3161 1933 3209 illis
1972 3158 2310 3209 familiaribus
2351 3173 2448 3208 nec
2496 3159 2724 3221 ignotum

1662 3250 1778 3285 esse
1801 3237 1973 3299 potuit
1994 3250 2091 3287 nec
2112 3235 2547 3300 irreprehensum.
2595 3237 2724 3285 Cum

1661 3328 1787 3376 ergo
1811 3314 2006 3362 crimen
2030 3312 2046 3340 ⁴
2064 3311 2352 3376 sortilegii‚’
2376 3318 2561 3376 utpote
2585 3311 2726 3376 quod

1660 3397 1720 3440 ut
1745 3390 1969 3453 graviuS‚
2002 3390 2077 3438 sic
2102 3395 2159 3438 et
2179 3387 2502 3454 frequentius
2537 3396 2593 3435 et
2625 3402 2728 3436 ma-

1663 3468 1901 3518 nifestius
1924 3473 2006 3516 est
2044 3465 2261 3516 crimine
2294 3468 2310 3494 ‘
2333 3465 2592 3532 ambitus,'
2625 3479 2726 3514 non

1663 3547 1828 3610 possit
1871 3560 1976 3594 nou
2027 3545 2264 3608 cognosci
2304 3550 2360 3593 et
2403 3557 2509 3593 non
2550 3556 2726 3607 repre.-

1664 3623 1818 3672 hendi
1845 3637 1875 3671 a
1897 3622 2238 3672 sanctissimis
2275 3619 2637 3680 familiaribus,
2682 3617 2726 3666 si

1665 3699 1918 3749 Boethius
1950 3699 2291 3748 arctissimam
2314 3695 2557 3746 habuerit
2580 3693 2726 3743 fami-

1667 3775 1948 3825 liaritatem
1995 3790 2111 3824 oum
2169 3774 2345 3838 probis
2411 3773 2730 3834 domesticis,

1667 3853 1865 3916 amicis,
1913 3860 1967 3903 et
2018 3851 2286 3913 affinibus3
2332 3852 2377 3900 is
2417 3857 2563 3901 certe
2606 3865 2727 3900 reus

1666 3942 1781 3980 esse
1816 3930 1999 3994 nequit
2018 3931 2248 3979 criminis
2282 3930 2297 3958 ‘
2318 3929 2571 3992 sortilegii
2589 3928 2624 3978 ε’
2644 3929 2730 3977 ha·

1667 4007 1782 4056 buit
1816 4015 1990 4056 autem
2035 4007 2289 4057 Boethius
2330 4007 2464 4056 hanc
2508 4005 2727 4055 familia-

1666 4085 1914 4134 ritatem:
1959 4089 2001 4133 Ι.
2038 4085 2247 4149 quidem
2271 4099 2388 4136 cum
2428 4083 2603 4149 probis
2643 4084 2730 4132 do·

1665 4160 1924 4210 mesticis:
1980 4176 2099 4210 nam
2137 4168 2196 4210 ut
2235 4161 2431 4211 dicitur
2469 4161 2639 4210 Prosa
2679 4164 2727 4210 3.

1666 4236 1757 4303 lib.
1784 4251 1844 4286 11.
1879 4239 1894 4265 ‘
1916 4236 2274 4287 felicissimus'
2305 4235 2408 4286 fuit
2431 4237 2447 4265 ‘
2467 4251 2584 4286 cum
2608 4250 2731 4285 con-

1656 4315 1798 4378 jugis
1825 4314 2020 4378 pudore
2047 4324 2155 4364 tum
2180 4314 2420 4372 masculae
2454 4311 2616 4378 prolis
2640 4326 2731 4375 op·
