3049 4928
476 399 610 467 556

478 563 688 624 Proelo,
707 560 920 625 aliisque
947 558 1257 620 Platonicis,
1294 558 1385 623 qui
1419 572 1537 608 cum

475 640 846 702 sempiternum
868 651 983 686 esse
1003 636 1248 685 muudum
1271 635 1430 699 impie
1447 634 1541 684 de-

476 714 772 777 fenderent,
806 714 1091 777 impietatis
1126 713 1470 777 patrocinium
1508 726 1542 761 a

478 791 705 841 Platone
725 792 955 854 petiere:
988 805 1103 840 cum
1130 798 1302 838 tamen
1323 802 1425 837 non
1448 788 1542 838 ob-

481 882 632 918 scure
670 867 763 917 sed
800 867 1090 916 indubitato
1121 867 1276 915 Plato
1296 865 1542 928 senserit,

480 944 736 994 Mundum
753 949 924 993 ortum
941 957 1057 993 esse
1074 949 1133 992 et
1146 941 1422 1007 aliquando
1438 956 1542 991 coe-

483 1022 640 1084 pisse.
706 1022 769 1070 ln
813 1021 1008 1069 Timaeo
1049 1019 1300 1083 siqnidem
1344 1018 1434 1067 ubi
1476 1018 1544 1066 de

484 1096 660 1145 mundi
684 1097 1039 1159 procreatione
1063 1096 1192 1159 agit,
1224 1102 1402 1145 exerte
1424 1109 1543 1157 pro·

484 1172 719 1223 nuntiat:
740 1173 756 1200 ‘
779 1174 860 1222 De
883 1186 984 1237 quo
1011 1172 1229 1236 primum
1247 1172 1545 1221 considere-

482 1263 619 1311 mus,
650 1248 791 1314 qnod
821 1250 876 1297 iu
905 1249 1198 1312 quastione
1217 1247 1284 1298 de
1306 1250 1548 1298 universo

484 1334 609 1376 unte
630 1326 800 1375 omnia
821 1326 1117 1389 investigari
1136 1326 1324 1375 debet:
1353 1333 1548 1375 utrum·

487 1418 554 1453 ne
578 1417 783 1467 semper
802 1401 961 1452 fuerit
982 1403 1093 1452 sine
1122 1403 1228 1451 ullo
1261 1401 1550 1464 generatio-

486 1481 568 1529 nis
589 1480 879 1543 principi03
909 1494 974 1527 an
997 1482 1228 1543 genitum
1252 1480 1339 1541 sit,
1361 1478 1429 1527 ab
1454 1480 1551 1535 ali-

490 1571 594 1620 quo
615 1556 874 1620 principio
896 1569 1103 1604 sumens
1124 1556 1415 1605 exordium.
1484 1555 1551 1604 Id

489 1631 726 1696 profecto
742 1632 993 1694 cernitur,
1007 1632 1357 1696 tangiturque,
1372 1638 1430 1681 et
1439 1647 1553 1682 cor·

490 1725 587 1774 pus
632 1709 823 1759 habet:
879 1709 1053 1757 omnia
1096 1722 1217 1758 vero
1260 1708 1553 1772 hujusmodi

488 1800 669 1836 seusus
690 1793 933 1835 movent:
969 1800 1085 1849 quae
1120 1799 1300 1834 sensus
1323 1793 1556 1849 movent,

489 1862 733 1926 opinione
777 1876 870 1925 per
907 1875 1111 1910 sensum
1155 1861 1553 1925 percipiuntur:

490 1937 605 1986 haec
641 1952 763 1986 vero
799 1938 923 1985 talia
954 1952 1068 1985 esse
1105 1942 1313 1987 constat
1346 1944 1405 1986 ut
1445 1939 1557 2002 gig-

493 2020 684 2063 nantur
714 2021 772 2063 et
804 2014 981 2077 genita
1014 2014 1148 2075 sint;
1181 2015 1431 2080 quidquid
1468 2029 1558 2065 an·

496 2100 604 2142 tem
650 2092 899 2155 gignitur,
947 2092 1235 2141 necessario
1278 2092 1346 2141 ab
1385 2093 1559 2158 aliqua

496 2182 655 2217 causa
677 2168 815 2231 gigni
841 2166 1186 2218 asseruimus.'
1242 2170 1313 2218 Et
1335 2170 1557 2220 iterumx

496 2246 512 2272 ‘
536 2244 783 2293 Dicamus
835 2242 1013 2307 itaque
1051 2258 1204 2308 quam
1247 2245 1314 2293 ob
1349 2259 1561 2294 causam

498 2321 884 2384 generationem
908 2335 1082 2371 rerum
1105 2320 1353 2386 confecit,
1386 2329 1441 2372 et
1461 2323 1562 2372 hoc

497 2413 648 2448 omne
670 2399 806 2463 quod
831 2400 1089 2449 cernimus
1109 2400 1284 2463 opifex
1308 2401 1421 2466 ipse
1442 2416 1564 2452 cou-

498 2476 704 2527 stituit!
736 2478 806 2527 Et
822 2479 980 2527 tertio
991 2478 1176 2527 eodem
1193 2479 1328 2528 libro
1344 2496 1357 2529 ι
1378 2480 1394 2506 ‘
1408 2479 1565 2529 Hauc

497 2552 657 2616 igitur
690 2553 904 2615 habuit,'
938 2554 1125 2619 inquit,
1159 2555 1177 2584 ‘
1196 2556 1449 2606 rationem
1489 2555 1565 2606 ef-

499 2627 671 2678 fector
710 2630 898 2679 Mundi
941 2631 1254 2695 moliturque
1299 2632 1458 2695 Deus,
1503 2639 1565 2681 ut

500 2718 658 2754 unum
690 2720 819 2770 opus
853 2714 1053 2756 tuntum
1087 2714 1243 2772 atque
1268 2706 1563 2770 perfectum

501 2795 567 2831 ex
591 2783 824 2832 omnibns
848 2785 973 2833 totis
993 2793 1152 2848 atque
1190 2783 1440 2848 perfectis
1475 2785 1567 2834 ab·

502 2859 760 2909 solveret?
793 2859 949 2909 Tauri
968 2875 1111 2923 vero,
1126 2861 1323 2923 Procli,
1336 2860 1569 2925 Apuleii,

503 2945 561 2987 et
581 2938 799 2986 aliorum
830 2939 1133 3000 calumnias,
1165 2938 1254 3002 qui
1288 2946 1349 2988 ut
1386 2939 1565 2988 Plato·

502 3029 624 3064 nem
644 3029 737 3079 pro
757 3014 884 3079 ipsis
907 3023 1048 3064 stare
1073 3015 1376 3078 probarent,
1399 3016 1570 3064 varias

505 3094 744 3142 notiones
781 3093 964 3142 harum
1007 3107 1190 3141 vocum
1239 3092 1255 3119 ‘
1273 3091 1427 3141 oriri'
1475 3108 1568 3142 seu

505 3172 522 3199 ⁴
543 3168 713 3233 gigni'-
740 3170 1222 3232 comminiscuntur,
1245 3168 1395 3234 quasi
1414 3168 1572 3218 radiis

506 3247 809 3311 quibusdam
850 3246 1007 3296 Plato
1047 3246 1297 3311 dispellit,
1345 3245 1468 3295 dum
1504 3245 1574 3294 de

506 3325 774 3374 molitione
809 3324 998 3374 Mundi
1024 3325 1363 3389 quaestionem
1386 3337 1574 3388 propo·

507 3415 659 3463 nens,
679 3400 933 3449 Mundum
957 3415 1024 3450 ex
1045 3416 1223 3451 eorum
1248 3415 1439 3464 genere
1459 3413 1577 3451 esse

512 3490 626 3539 quae
661 3475 901 3523 oriuntur
937 3474 1205 3527 definivit:
1241 3477 1366 3542 quid
1401 3484 1578 3527 autem

514 3565 609 3615 per
630 3558 800 3601 ortum
822 3551 1160 3614 intelligeret,
1181 3554 1292 3616 ipse
1315 3553 1546 3617 explicat
1560 3568 1577 3602 t

507 3630 523 3655 ⁸
547 3628 735 3678 Utrum
757 3627 999 3691 semper,'
1034 3627 1222 3692 inquit,
1255 3628 1466 3691 ‘fuerit,
1501 3629 1581 3680 ita

425 3732 431 3733 ν
514 3712 573 3754 ut
596 3713 741 3754 ortus
765 3705 844 3752 sui
877 3704 1080 3753 initium
1103 3704 1298 3752 nullum
1323 3703 1580 3768 habuerit,

513 3796 579 3831 au
621 3795 744 3830 vero
777 3787 947 3831 ortum
984 3780 1057 3828 sit
1090 3779 1169 3828 ita
1205 3786 1266 3829 ut
1303 3780 1368 3830 ab
1406 3780 1580 3846 aliquo

513 3858 765 3922 temporis
780 3857 1044 3922 principio
1068 3871 1183 3905 esse
1208 3857 1466 3921 caeperit!
1510 3860 1583 3908 Et

514 3949 692 3985 rursus
726 3935 954 3985 ibidem:
993 3933 1285 3997 ‘Tempusss
1315 3933 1408 3997 ait,
1440 3934 1457 3963 ‘
1478 3949 1584 3984 unu

517 4026 634 4062 cum
661 4012 791 4062 eaelo
812 4006 1011 4061 factum
1034 4017 1131 4074 est,
1167 4002 1225 4060 nt
1247 4011 1398 4060 simul
1419 4018 1475 4060 et
1495 4025 1583 4074 ge-

516 4095 699 4139 nerata
736 4088 887 4137 simul
927 4088 1086 4136 etiam
1129 4086 1496 4149 dissolvantur,
1539 4088 1584 4137 si

518 4164 724 4231 quando
752 4165 860 4214 ulla
892 4177 1069 4213 eorum
1107 4162 1286 4213 futura
1324 4170 1441 4213 erat
1476 4163 1582 4213 dis-

522 4240 748 4292 solutio!
811 4241 941 4293 Quoe
982 4247 1246 4304 postrema
1269 4239 1430 4290 verba
1456 4240 1586 4290 illud

522 4319 684 4383 magis
702 4332 770 4368 ex
786 4332 914 4369 vero
932 4316 1141 4367 Platoni
1156 4315 1382 4367 adscribi
1399 4315 1586 4368 confir·

1169 412 1386 462 NOTAE
1432 411 1528 460 vA
1544 411 1837 463 monum
1889 413 1913 461 1
1928 414 1969 463 N

1609 562 1770 616 mant,
1800 565 1861 608 ut
1881 565 1937 608 et
1958 557 2061 608 alia
2081 558 2215 620 loca,
2247 557 2473 608 sensisse
2494 557 2665 608 Plato-

1609 647 1727 684 nem
1766 635 2018 684 Mundnm
2058 650 2209 700 quem
2249 642 2424 684 ortum
2461 633 2670 698 fatetur,

1612 717 1666 760 et
1689 726 1719 761 a
1750 712 1863 760 Deo
1903 712 2183 774 conditum,
2219 726 2322 760 non
2355 711 2672 773 habiturum,

1614 800 1673 843 nt
1694 795 1890 844 Noster
1924 794 2018 857 ait,
2049 792 2332 842 defectum.
2400 793 2518 854 Ego
2556 803 2676 838 sane

1613 883 1717 919 non
1753 868 1979 919 fidenter
2005 883 2122 918 enm
2161 882 2377 932 purgem
2400 866 2551 930 hujus
2571 865 2679 915 cul-

1615 960 1714 1010 poe.
1783 945 1920 994 Illud
1945 943 2159 1006 affirmo,
2180 945 2306 994 licet
2330 945 2605 994 voluntate
2626 949 2681 991 et

1615 1024 1853 1087 potentia
1869 1023 1973 1072 Dei
1993 1023 2194 1085 putarit
2214 1022 2470 1070 Mundum
2494 1034 2684 1084 perpe·

1618 1108 1708 1151 tuo
1732 1099 2160 1160 conservandum,
2188 1113 2282 1161 per
2304 1113 2360 1147 se
2385 1105 2563 1147 tamen
2598 1109 2686 1145 ca-

1618 1177 1807 1226 ducum
1828 1192 1962 1237 esse,
1986 1184 2040 1226 et
2060 1192 2092 1226 a
2113 1177 2230 1225 Deo
2259 1175 2473 1224 dissolvi
2509 1188 2687 1237 posse,

1619 1260 1804 1318 aperte
1823 1253 2117 1303 tradidisse.
2180 1252 2242 1301 In
2269 1251 2502 1301 Politico
2526 1265 2652 1300 sane
2669 1267 2685 1300 ε

1616 1332 1633 1359 ‘
1653 1330 1918 1393 Mundus,'
1941 1330 2127 1395 inquit,
2147 1329 2165 1355 ‘
2178 1328 2231 1377 in
2252 1328 2544 1377 contrarias
2569 1341 2688 1391 par-

1621 1415 1704 1458 tes
1726 1409 1865 1458 ultro
1888 1406 2313 1465 circumducitur,
2329 1409 2388 1452 ut
2411 1403 2502 1466 qui
2524 1403 2686 1452 vitam

1622 1490 1680 1534 et
1704 1483 2104 1547 intelligentiam
2130 1488 2313 1532 nactus
2331 1481 2403 1529 sit
2424 1479 2492 1527 ab
2515 1493 2583 1529 eo
2603 1478 2692 1543 qui

1622 1563 1789 1625 ipsum
1813 1560 2144 1611 construxit:
2184 1571 2342 1622 porro
2373 1557 2475 1620 ipsi
2496 1563 2692 1605 retror-

1623 1652 1734 1687 sum
1756 1638 1851 1701 ire,
1866 1637 1934 1687 ob
1955 1637 2009 1686 id
2029 1635 2324 1686 necessario
2344 1634 2560 1682 insitum
2576 1631 2694 1692 fuit,

1625 1712 1761 1778 quod
1784 1711 1994 1777 quidem
2036 1726 2245 1774 semper
2279 1710 2332 1759 iu
2366 1708 2555 1759 iisdem
2577 1720 2695 1757 esse

1626 1797 1683 1841 et
1699 1790 1880 1839 eodem
1899 1788 2052 1838 modo
2071 1803 2127 1837 se
2145 1788 2357 1850 habere,
2371 1790 2535 1850 atque
2555 1784 2693 1833 idem

1627 1881 1957 1932 permanere,
1991 1866 2217 1915 omnium
2246 1864 2473 1913 maxime
2506 1860 2698 1910 divinis

1629 1945 1827 1994 naturis
1849 1944 1972 1993 solis
2009 1942 2289 1993 convenit:
2326 1938 2577 2003 Corporis
2610 1953 2699 1988 au·

1632 2030 1738 2070 tem
1783 2029 1973 2069 natura
2013 2033 2115 2067 nou
2160 2018 2312 2082 liujus
2354 2024 2441 2066 est
2482 2014 2697 2065 ordinis.

1632 2098 1785 2149 Quod
1803 2097 1965 2160 igitur
1982 2096 2165 2145 caelnm
2191 2109 2282 2144 seu
2304 2093 2555 2143 mundum
2573 2105 2702 2142 nuu-

1633 2172 1956 2237 cupavimus,
1968 2171 2229 2235 permulta
2238 2187 2301 2220 ac
2318 2170 2579 2234 praeclara
2594 2183 2703 2217 mn-

1633 2264 1758 2299 nera
1792 2263 1823 2297 a
1859 2255 2098 2299 creatore
2132 2248 2383 2312 suscepit.
2454 2245 2705 2311 Corporis

1635 2334 1806 2376 tamen
1830 2325 2004 2375 fectus
2026 2335 2109 2375 est
2143 2325 2372 2375 Mundus
2413 2323 2701 2387 particeps,

1637 2402 1772 2453 unde
1795 2402 1910 2451 fieri
1933 2417 2033 2452 non
2058 2409 2234 2467 potest
2258 2407 2317 2450 ut
2340 2400 2453 2463 ipse
2478 2399 2533 2448 in
2551 2410 2704 2447 omne

1635 2487 1840 2544 tenipus
1859 2482 1927 2530 sit
1950 2479 2252 2529 mutationis
2274 2475 2503 2541 expers.'
2559 2476 2633 2525 Et
2652 2474 2707 2522 in

1634 2558 1864 2607 Timaeo:
1890 2560 1906 2587 ⁶
1925 2558 2116 2622 Itaque
2139 2563 2199 2606 et
2216 2557 2283 2605 ob
2303 2569 2418 2604 eam
2435 2549 2709 2614 caussam}

1637 2635 1824 2699 inquit,
1856 2637 1874 2664 ‘
1891 2644 1946 2684 et
1980 2634 2047 2683 ab
2083 2633 2145 2682 iis
2169 2633 2321 2682 rebus
2341 2644 2560 2679 numero
2582 2643 2706 2694 quw·

1640 2718 1777 2772 tuor,
1813 2710 1998 2759 Mundi
2030 2715 2110 2758 est
2129 2721 2318 2772 corpus
2338 2704 2609 2768 effectum,
2643 2718 2710 2753 ea

1640 2793 1991 2836 constructum
2033 2785 2395 2848 proportione,
2439 2795 2544 2844 qua
2583 2779 2713 2839 dixi,

1641 2875 1710 2909 ex
1730 2877 1832 2926 quo
1856 2861 1968 2925 ipse
1989 2875 2046 2909 se
2069 2858 2315 2909 concordi
2341 2857 2566 2923 quadam
2585 2856 2711 2905 ami-

1643 2939 1771 2988 citia
1790 2945 1847 2987 et
1867 2938 2120 2987 charitate
2141 2935 2529 2999 complectitur,
2552 2939 2714 2997 atque

1642 3016 1718 3066 ita
1755 3022 1880 3080 apte
1918 3016 2168 3078 cohaeret,
2214 3023 2274 3063 ut
2312 3011 2525 3061 dissolvi
2570 3011 2716 3060 nullo

1643 3092 1801 3145 modo
1824 3097 2004 3155 queat,
2025 3091 2124 3139 nisi
2146 3091 2211 3139 ab
2235 3089 2444 3148 eodem,
2467 3101 2498 3136 a
2514 3101 2620 3152 quo
2638 3092 2720 3136 est

1644 3170 1954 3235 colligatus!
2019 3171 2154 3220 Haec
2176 3170 2351 3219 Plato.
2387 3168 2500 3217 Nos
2524 3174 2585 3216 nt
2614 3167 2632 3194 ‘
2653 3164 2719 3214 In

1646 3249 1905 3313 principio
1949 3261 2157 3298 creasse
2206 3249 2381 3296 Deum
2428 3244 2619 3293 caelum
2665 3248 2720 3291 et

1648 3333 1841 3376 terram
1859 3325 1875 3349 '
1918 3339 2022 3375 nou
2062 3325 2379 3389 ignoramus,
2424 3323 2504 3371 itu
2544 3319 2723 3370 divina

1649 3416 1780 3451 voce
1807 3401 1983 3451 edocti
2013 3400 2144 3451 illud
2179 3407 2447 3448 tenemusz
2481 3398 2498 3426 ‘
2518 3397 2720 3447 Caelum

1651 3487 1707 3530 et
1729 3486 1872 3529 terra
1896 3477 2210 3539 transibunt,
2225 3476 2386 3525 verba
2408 3479 2587 3524 autem
2604 3486 2723 3522 mea

1651 3571 1753 3606 non
1776 3553 2160 3620 proeteribuut.’
2199 3555 2423 3603 Bernart.

1723 3634 1862 3682 Unde
1876 3648 1969 3682 uon
1982 3636 2112 3682 reete
2125 3630 2340 3695 quidam]
2369 3627 2508 3678 Vide
2524 3627 2724 3677 Corum.

1655 3710 1717 3759 1..
1737 3708 1888 3757 Vivis
1909 3709 1973 3758 nd
1998 3710 2036 3757 l.
2061 3721 2118 3758 x.
2141 3707 2282 3771 Aug.
2302 3708 2369 3756 de
2391 3706 2509 3758 Civ.
2534 3705 2723 3768 Dei,c.

1655 3788 1737 3834 31.
1760 3798 1861 3834 nec
1886 3798 1989 3833 non
2010 3786 2180 3849 ipsum
2199 3786 2339 3848 Aug.
2360 3784 2397 3834 l.
2422 3796 2504 3832 ιι.
2528 3784 2647 3834 cd.
2669 3787 2727 3830 et

1655 3867 1708 3912 5.
1739 3861 1914 3911 Βίωνι.
2024 3919 2028 3924 .

1719 3938 1869 3987 Plato
1888 3939 2061 3988 muido
2076 3937 2272 4002 tribuit]
2304 3938 2425 3989 Quo
2445 3936 2605 3987 modo
2621 3949 2727 3987 om·

1656 4013 1742 4062 nia
1778 4013 2074 4077 praeterits,
2114 4012 2396 4076 praesent'ia
2432 4019 2491 4062 et
2529 4010 2733 4070 futura,

1658 4090 1780 4140 Deo
1802 4090 2081 4154 praeseutia
2101 4090 2224 4153 sint,
2257 4096 2314 4139 et
2347 4087 2582 4137 Mundus
2604 4087 2726 4136 Pia-

1657 4167 1767 4218 toni
1788 4172 2034 4230 aeternus,
2058 4165 2214 4216 docet
2231 4167 2386 4218 Joan.
2412 4163 2728 4215 Grammati-

1661 4259 1753 4295 cus
1776 4244 2054 4308 Philopon.
2092 4243 2144 4292 in
2178 4243 2426 4292 Proclum
2449 4241 2517 4290 de
2541 4237 2728 4291 Mundi

1662 4321 1987 4384 aeternitate,
2030 4321 2087 4370 in
2130 4319 2388 4371 solutione
2433 4314 2726 4382 presertim
