3049 4928
1045 421 1561 473 PHlLOSOPHIAE
1609 420 1681 472 m
1697 424 1753 470 Β.
1806 423 1886 471 11.

2338 427 2341 430 ·
2427 408 2556 473 171

702 569 904 654 Saepe
933 567 1298 652 tranquillo
1317 576 1344 618 Ρ
1385 567 1605 632 radiat
1630 586 1868 632 sereno

787 671 1090 737 Immotis
1118 691 1296 735 mare
1327 653 1683 736 fluctibus:

2474 672 2560 737 10

701 775 904 858 Saepe
937 775 1270 842 ferventes
1290 782 1317 821 ‘¹
1359 770 1612 858 Aquilo
1642 771 1982 859 procellas

784 877 1002 943 Verso
1034 877 1331 943 concitat
1360 897 1646 962 aequore.

353 1064 444 1108 est.
511 1061 624 1110 Non
644 1076 755 1111 raro
767 1064 963 1126 pelagus
983 1062 1323 1127 quiescentibus
1342 1063 1481 1111 undis
1500 1062 1711 1125 splendet
1733 1061 1990 1112 serenitate
2023 1061 2279 1125 tranquilla
2297 1075 2317 1118 ,·
2349 1075 2431 1110 uec
2450 1074 2562 1109 raro

351 1123 525 1188 Aquilo
544 1128 728 1177 excitat
750 1133 1046 1191 tempestales
1066 1128 1373 1191 vehementes,
1388 1125 1577 1176 turbato
1597 1126 1737 1179 muri.
1804 1126 1865 1176 Si
1886 1142 1999 1190 ergo
2021 1126 2071 1176 iu
2092 1128 2308 1176 universo
2328 1130 2562 1176 unarum

1346 1270 1567 1323 NOTAE

355 1383 548 1435 Auster
590 1395 813 1439 vocatur
851 1390 1237 1440 transmarinus.
1312 1387 1420 1438 Hic

354 1468 525 1513 autem
551 1474 737 1515 ventus
775 1474 830 1517 et
864 1468 1102 1517 humidus
1138 1473 1195 1517 et
1224 1466 1419 1516 calidus

360 1537 593 1589 babetur.
631 1547 679 1591 l.
715 1544 973 1593 Humidus
999 1543 1241 1604 habetur,
1283 1542 1419 1607 quod

355 1614 613 1681 humor-ee,
656 1615 799 1683 quos!
841 1621 1158 1685 septemtrio
1202 1619 1419 1682 disjicit,

357 1684 599 1755 colligat:
666 1695 742 1744 sic
771 1719 776 1722 Δ
805 1695 1018 1759 Virgilio
1072 1696 1088 1725 ‘
1128 1696 1364 1745 humidus
1384 1694 1418 1756 ς’

358 1768 576 1820 Horatio
600 1773 616 1800 ‘
634 1772 764 1822 udus
781 1772 815 1834 ;'
850 1772 1043 1823 ovidio
1063 1774 1079 1803 ⁶
1096 1773 1364 1838 aquaticus
1384 1772 1418 1835 ς’

362 1845 650 1898 Claudiano
688 1854 704 1878 ‘
725 1850 960 1900 madidus
977 1849 1011 1913 ς’
1050 1850 1105 1900 S.
1124 1850 1418 1914 Augustino

361 1921 380 1949 ⁶
400 1922 647 1986 pincerna
691 1927 975 1989 pluviarum
996 1926 1032 1989 ς’
1086 1936 1143 1977 et
1195 1927 1418 1978 Boethio

354 1998 369 2026 ‘
385 1999 662 2049 nebulosus
680 2001 698 2026 ’
716 2008 815 2052 est.
843 2010 848 2016 '
869 2007 921 2053 2.
948 2003 1157 2054 calidus
1179 2003 1418 2066 habetur,

358 2076 491 2139 quod
514 2091 545 2125 a
567 2077 791 2128 Meridie
813 2077 925 2130 fiet.
993 2079 1115 2130 Sive
1139 2085 1310 2130 autem
1332 2080 1420 2129 hu·

357 2165 497 2202 more
538 2167 652 2215 suo,
675 2155 785 2205 ‘sive
826 2157 1022 2221 calore,
1053 2156 1161 2205 sive
1202 2162 1419 2222 utroque

357 2235 541 2279 ventus
577 2230 662 2280 hic
699 2232 1021 2292 animalibus,
1055 2234 1264 2298 plantis,
1288 2248 1422 2297 proe·

362 2306 645 2371 sertimque
688 2306 904 2359 floribus
950 2309 1144 2359 dicitur
1198 2324 1418 2360 nocere:

357 2381 494 2431 unde
515 2384 699 2447 Virgil.
723 2399 762 2435 1.
783 2385 944 2435 Geor.
973 2401 1046 2435 vs.
1068 2386 1186 2435 444.
1218 2386 1234 2414 ‘
1253 2384 1422 2436 Arbo-

360 2456 607 2524 ribusque
652 2460 881 2526 satisque
929 2462 1097 2512 Notus
1142 2461 1421 2528 pecorique

359 2533 607 2585 sinister.’
682 2537 753 2586 Et
775 2538 890 2587 Ecl.
916 2552 981 2588 11.
1003 2553 1083 2589 vs.
1103 2541 1188 2587 38.
1221 2540 1237 2567 ‘
1257 2539 1422 2604 Eheu,

358 2609 479 2674 quid
501 2613 642 2661 volui
664 2614 854 2663 misero
886 2614 1041 2663 mihi!
1077 2612 1291 2664 fioribus
1311 2613 1420 2665 Au·

358 2694 520 2738 strum
566 2690 817 2740 Pei-ditus
872 2697 930 2740 et
980 2691 1188 2756 liquidis
1233 2690 1422 2740 immisi

361 2761 590 2815 fontibus
613 2766 805 2830 apros.'
869 2767 1174 2818 Praesertim
1193 2781 1316 2817 vero
1342 2781 1423 2816 ro·

360 2839 428 2888 sis
452 2839 651 2892 Auster
664 2843 843 2892 noxius
866 2858 881 2893 ι
916 2844 1034 2893 liinc
1055 2842 1255 2892 Statius
1277 2842 1425 2906 Sylv-

360 2928 445 2965 ιιι.
484 2921 533 2967 3.
601 2919 617 2946 ‘
642 2917 1017 2984 Pubentesque
1055 2933 1189 2968 rosae
1227 2918 1423 2982 primos

359 2991 652 3043 moriuntur
690 2994 755 3043 ad
791 2993 1052 3045 Austros.'
1126 2994 1423 3058 Propterea

359 3069 556 3122 Auster
579 3072 663 3122 hic
683 3073 878 3123 dicitnr
898 3077 913 3103 ‘
936 3074 1138 3138 spirare
1157 3072 1422 3136 insanum,'

358 3146 453 3198 boc
469 3154 573 3212 est,
593 3147 776 3198 insano
800 3148 988 3211 modo;
1022 3155 1080 3198 et
1100 3150 1200 3199 hoc
1234 3148 1421 3199 eodem

360 3232 519 3275 vento
580 3225 817 3289 spirante
878 3224 1184 3289 perhibetur
1226 3226 1243 3255 ‘
1262 3224 1421 3287 decus

360 3299 504 3350 abire
525 3300 693 3364 spinis
709 3300 743 3350 ε’
786 3301 883 3351 hoc
907 3313 1007 3363 est,
1035 3317 1153 3352 rosa
1173 3302 1420 3353 interire:

364 3391 483 3428 rosa
514 3378 675 3440 enirn,
708 3376 892 3428 florum
928 3380 1126 3443 regina,
1159 3380 1425 3444 spinarum

361 3461 422 3506 nt
441 3455 716 3520 progenies
740 3456 815 3507 sic
837 3457 998 3507 decus
1021 3465 1132 3508 esta
1182 3457 1425 3523 quamob-

361 3547 466 3583 rem
506 3533 761 3584 Antonius
786 3534 1037 3600 Hallaeus,
1058 3541 1255 3586 nostrae
1294 3536 1425 3586 Uni·

361 3611 625 3662 versitatis
651 3612 933 3662 Normanae
965 3613 1222 3678 quondam
1245 3611 1425 3676 decus,

360 3686 413 3736 in
430 3688 659 3737 carmine
672 3687 739 3737 de
759 3702 878 3737 rosa
894 3689 1104 3752 cecinit,
1122 3695 1184 3739 ut
1198 3690 1424 3754 solebat,

362 3763 779 3828 elegantissime:
837 3765 854 3792 ‘
877 3764 1043 3815 Ortus
1095 3772 1269 3815 tamen
1308 3766 1425 3830 ipsa

363 3845 645 3902 memento,
667 3838 716 3888 Ο
741 3854 861 3889 rosa
872 3841 1107 3906 pulchra,
1122 3842 1229 3893 tui:
1264 3842 1424 3895 infor·

361 3916 457 3969 mis
477 3922 532 3966 te
548 3916 701 3981 spina
718 3917 953 3969 creavit?

424 3999 450 4034 Ρ
475 3992 616 4056 Soepe
652 3993 929 4057 craumelle]
973 3995 1152 4046 Tertia
1171 3995 1425 4047 vicissitu-

367 4068 452 4132 do,
488 4084 608 4135 quae
630 4068 717 4119 hic
742 4069 1022 4121 adducitur
1043 4071 1095 4120 in
1117 4073 1431 4137 exemplum,

367 4155 447 4196 est
470 4147 857 4213 tranquillitatis
880 4150 1307 4214 tempestatisque
1326 4165 1431 4202 ma·

368 4223 455 4274 ris.
538 4224 774 4273 Primum
833 4224 1040 4288 quidem
1086 4222 1430 4291 tranquillitas

369 4300 521 4348 maris
541 4298 875 4351 describitur:
903 4306 950 4352 l.
969 4302 1276 4354 ‘serenitate
1294 4310 1431 4355 tran-

1501 1385 1698 1451 quills,’
1761 1386 1872 1436 sive
1927 1386 2308 1451 tranquillitate
2362 1399 2565 1446 serena,

1499 1462 1540 1528 (⁸
1566 1461 1931 1528 tranquillum'
1976 1463 2112 1511 enim
2147 1468 2204 1512 et
2254 1464 2270 1492 ‘
2293 1458 2562 1511 serenum’

1501 1538 1872 1590 Grammaticis
1911 1547 2035 1590 sunt
2079 1540 2285 1589 nomina
2328 1540 2564 1590 substan-

1502 1616 1653 1680 tiva,)
1667 1615 1804 1681 quod
1828 1631 1971 1666 mare
1994 1616 2327 1681 tranquillum
2347 1616 2418 1665 sit
2441 1629 2564 1665 ven·

1501 1699 1672 1743 torum
1715 1708 1939 1757 expers:
1993 1697 2043 1743 2.
2088 1694 2352 1743 ‘immotis
2392 1691 2565 1742 fiucti-

1499 1769 1597 1820 bus
1614 1769 1649 1819 ι’
1668 1771 1802 1835 quod
1821 1769 2125 1821 absentibus
2143 1770 2312 1820 ventis
2328 1783 2467 1819 mare
2485 1783 2565 1818 so·

1498 1846 1594 1897 lito
1614 1847 1872 1897 duntaxat
1903 1853 2047 1898 motu
2071 1854 2244 1897 actum
2264 1860 2367 1895 non
2390 1844 2566 1896 turbe·

1499 1929 1617 1973 tur:
1654 1927 1704 1973 8.
1731 1924 1747 1952 ‘
1771 1921 1971 1987 radiis,'
2005 1938 2133 1987 quos
2157 1936 2296 1971 mare
2315 1919 2565 1985 tranquil-

1499 2000 1604 2050 lum
1628 2000 1894 2049 remittat:
1932 2014 2074 2049 mare
2100 1999 2236 2048 enim
2259 2012 2363 2062 pro¹
2393 1997 2566 2046 diver-

1500 2090 1560 2125 so
1577 2074 1859 2140 modo‚qno
1875 2075 2046 2125 radios
2067 2074 2355 2139 praesertim
2370 2074 2565 2124 solares

1500 2151 1744 2213 remittit,
1766 2165 1904 2201 nunc
1946 2150 2169 2214 luminis,
2201 2166 2337 2202 nunc
2361 2149 2569 2211 coloris,

1502 2231 1560 2274 et
1601 2226 1811 2291 quidem
1846 2227 1992 2291 varii,
2018 2226 2225 2278 videtur
2257 2227 2528 2292 ,particeps
2549 2242 2573 2277 τ4

1501 2302 1641 2351 unde
1679 2304 1874 2352 Tullius
1919 2302 2091 2355 Acad.
2138 2303 2354 2366 ‘mare,'
2384 2303 2570 2368 inquit,

1504 2382 1519 2408 ‘
1543 2379 1669 2430 illud
1692 2380 1829 2446 quod
1856 2396 2015 2444 nuuc,
2038 2382 2265 2436 Favonio
2299 2385 2569 2442 nascente,

1502 2473 1820 2522 purpureum
1887 2457 2118 2521 videtur,
2182 2456 2569 2522 nobismetipsis

1502 2537 1783 2586 coeruleum
1826 2537 2124 2601 videbatur,
2166 2550 2313 2586 mane
2354 2533 2570 2596 flavum,

1503 2614 1753 2678 quodque·
1780 2627 1937 2670 nunc,
1970 2614 2092 2678 quia
2115 2629 2145 2662 a
2166 2614 2288 2664 Sole
2326 2613 2570 2674 collucet,

1502 2688 1740 2752 albescit,
1763 2697 1820 2738 et
1869 2689 2059 2752 vibrat,
2099 2688 2446 2752 dissimileque
2489 2694 2571 2737 est

1504 2766 1738 2828 proximo
1763 2765 1813 2815 ei
1851 2764 2180 2815 continenti.'
2245 2766 2443 2814 Lumen
2476 2763 2572 2828 igi·

1504 2847 1590 2892 tur
1628 2841 1900 2891 incurrens
1943 2841 1998 2891 in
2030 2839 2222 2890 finctus
2262 2839 2569 2905 tranquillos

1504 2917 1614 2966 sive
1637 2917 1860 2982 quietos,
1880 2916 2039 2967 abhis
2054 2930 2118 2967 eo
2140 2915 2254 2966 fere
2275 2915 2447 2980 modo,
2467 2931 2570 2982 quo

1507 3008 1540 3042 a
1579 2994 1819 3058 speculo,
1869 2993 2188 3044 remittitur:
2226 3007 2406 3057 quare,
2438 2993 2572 3043 sicut

1502 3071 1792 3135 speculum,
1827 3071 1903 3121 ita
1924 3084 2056 3136 aqua
2090 3068 2294 3133 placida
2317 3075 2492 3132 potest
2513 3077 2573 3118 et

1504 3150 1681 3199 oculos
1722 3147 2076 3213 perstringere
2116 3153 2173 3197 et
2208 3144 2438 3195 adversis
2471 3146 2572 3194 ori-

1501 3225 1601 3277 bus
1643 3241 1735 3276 ora
1772 3223 1973 3276 referre
2008 3238 2101 3287 pro
2123 3222 2328 3272 diversa
2350 3222 2572 3285 ratione,

1503 3318 1601 3368 qua
1641 3303 1813 3352 lumen
1852 3301 1930 3350 his
1960 3299 2266 3364 corporibus
2301 3299 2572 3349 remissum

1503 3379 1680 3429 oculos
1705 3378 1906 3430 afficit:
1941 3377 2024 3427 hic
2053 3383 2228 3427 autem
2262 3391 2364 3426 non
2398 3376 2573 3441 agitur

1503 3457 1606 3507 nisi
1641 3456 1708 3508 de
1740 3456 2068 3525 radiatione:
2105 3455 2297 3519 quippe
2326 3470 2438 3521 quae
2460 3455 2572 3505 lon·

1507 3534 1622 3600 gius
1647 3549 1801 3600 quam
1838 3533 1973 3584 alter
2010 3529 2232 3582 effectus
2253 3530 2455 3595 speculi
2477 3529 2576 3581 dif-

1508 3612 1657 3663 fundi
1691 3618 1890 3677 potest.
1955 3609 2040 3662 Ita
2079 3609 2392 3660 describitur
2436 3615 2576 3659 tran·

1507 3690 1740 3757 quillitas
1761 3688 1933 3738 maris.

1574 3774 1600 3808 ‘¹
1623 3762 2040 3830 Soepesmentes]
2097 3762 2301 3813 Deinde
2334 3760 2587 3827 ejusdem,

1509 3842 1665 3891 maris
1716 3847 2002 3906 tempestas
2047 3846 2284 3889 versatur
2327 3841 2382 3889 in
2423 3840 2575 3890 vehe-

1510 3918 1674 3968 menti
1694 3924 1859 3981 motn,
1879 3931 1981 3982 quo
2008 3930 2152 3966 mare
2177 3931 2208 3966 a
2228 3915 2416 3980 ventis,
2439 3932 2576 3982 prae-

1509 3994 1690 4045 sertim
1723 3994 1790 4044 ab
1829 3992 2108 4059 Aquilone,
2138 3993 2325 4044 cietur.
2379 3993 2573 4059 Aquilo

1513 4078 1708 4135 autem,
1729 4070 1933 4120 Graecis
1956 4070 2170 4132 Boreas,
2191 4078 2377 4118 ventus
2398 4078 2481 4118 est
2505 4069 2572 4119 ab

1511 4158 1630 4202 ortu
1654 4151 1834 4202 aestivo
1867 4151 2091 4215 spirans.
2155 4149 2260 4199 Hic
2282 4157 2465 4199 ventus
2490 4164 2575 4199 ve.

1508 4229 1799 4278 hementior
1816 4233 1919 4281 estz
1943 4225 2080 4276 forte
2100 4225 2234 4290 qnod
2253 4224 2454 4289 eodem,
2471 4243 2573 4292 quo

1511 4307 1601 4358 aer
1620 4306 1685 4359 ab
1715 4305 1853 4356 Ortu
1885 4304 1938 4357 in
1972 4302 2231 4352 Occasum
2264 4298 2389 4351 ferri
2424 4304 2580 4366 solet,
