3049 4928
536 393 676 458 458

548 554 662 615 plus
686 550 752 602 de
775 553 1136 616 prosperitate,
1155 551 1361 618 quidam
1395 553 1513 617 plus
1535 552 1603 602 de

528 629 898 684 adversitate!
939 631 1069 680 Huc
1089 633 1161 681 D.
1184 631 1420 680 Thomas.
1463 631 1604 682 Quo·

550 707 686 755 niam
711 720 830 755 vero
867 706 1066 756 dulcius
1105 721 1170 755 ex
1208 705 1321 770 ipso
1356 704 1501 754 fonte
1529 705 1604 754 bi-

550 781 743 832 buntur
774 798 939 848 aquae,
975 797 1075 831 nou
1111 782 1406 831 omittemus
1438 781 1608 843 ipsum

553 858 803 907 accedere
844 859 1145 920 Homerum,
1185 857 1395 921 ejusque
1433 870 1609 923 versus

553 935 900 996 subscribere,
950 937 1035 998 qni
1076 936 1317 998 leguntur
1358 934 1512 983 Iliad.
1552 940 1609 984 Ω.

539 1010 633 1062 ‘os
658 1012 753 1073 ’γὰρ
786 1012 1116 1061 ἐπεκλώσαντο
1154 1011 1248 1061 θεοὶ
1276 1014 1468 1062 δειλοῖσι
1499 1015 1610 1074 βρο-

549 1091 677 1137 τοῖσι
709 1088 846 1138 Ζῶειν
866 1088 1161 1151 ἀχνυμένους·
1195 1087 1328 1138 αὐτοὶ
1348 1086 1403 1137 δέ
1422 1088 1467 1136 τ’
1498 1087 1611 1147 ἄκη·

551 1163 653 1214 δέες
673 1163 777 1214 εἶσί.
830 1164 959 1215 Δοιοὶ
979 1164 1072 1229 ’γάρ
1090 1184 1147 1213 τε
1166 1165 1286 1214 πίθοι
1306 1163 1611 1214 κατακείαται

529 1243 605 1292 «ἐν
625 1242 736 1293 Διὸς
757 1243 878 1292 οὔδει
906 1243 1090 1307 Δώρων,
1124 1242 1199 1293 οἷα
1233 1243 1405 1306 δίδωσι,
1439 1247 1613 1305 κακῶν,

552 1317 707 1384 ἔτερος
726 1319 779 1369 δὲ
801 1318 930 1369 ἐάων.
950 1319 1034 1370 Ὧι
1051 1320 1137 1382 μὲν
1151 1320 1373 1382 καμμίξας
1390 1318 1484 1384 δῷη
1504 1319 1612 1370 Ζεὺς

536 1394 916 1460 τερπικέραυνος,
939 1395 1148 1445 Ἀλλοτε
1177 1394 1263 1457 μέν
1285 1414 1341 1445 τε
1369 1398 1497 1461 κακῶ
1528 1395 1614 1457 δ’γε

552 1469 754 1534 κύρεται,
789 1472 964 1522 ἄλλοτε
998 1474 1037 1521 δ’
1071 1474 1240 1533 ἐσθλᾷ.
1262 1470 1346 1522 Ὧι
1374 1470 1427 1521 δέ
1445 1490 1499 1522 κε
1519 1476 1615 1522 τῶν

554 1550 739 1610 λυγρῶν
759 1546 871 1608 δῴη,
902 1547 1120 1607 λωβητὸν
1140 1546 1289 1607 ἔθηκε.
1332 1547 1424 1597 Καί
1447 1548 1469 1597 ἑ
1492 1548 1614 1607 κωιὴ

552 1620 843 1682 βούβρωστις
862 1623 937 1672 ἐπὶ
960 1625 1108 1685 χθόνα
1125 1626 1227 1673 δῖαν
1247 1622 1446 1688 ἐλαύνει,
1468 1627 1614 1690 Φοιτᾷ

551 1698 595 1747 δ’
630 1700 738 1749 οὔτε
771 1703 915 1750 θεοῖσι
946 1698 1180 1762 τετιμένος
1214 1701 1324 1750 οὔτε
1356 1704 1611 1764 βροτοῖσιν.

555 1775 686 1827 Qnae
727 1776 792 1824 ad
837 1777 969 1825 hunc
1007 1776 1212 1825 modum
1257 1777 1444 1825 Latina
1484 1776 1614 1827 fecit

555 1851 797 1900 Eobanus
822 1852 1051 1901 Hessus:
1085 1853 1203 1901 ‘Sic
1227 1853 1360 1901 enim
1380 1860 1614 1904 statuere

556 1926 664 1975 Dei
687 1928 991 1977 mortalibus
1013 1928 1185 1992 aegris,
1216 1930 1292 1978 Ut
1314 1930 1470 1979 vitam
1488 1946 1615 1980 moe-

555 2018 672 2051 rore
696 2002 939 2053 refertam
963 2011 1017 2054 et
1041 2005 1259 2054 luctibus
1282 2021 1472 2069 aegram
1490 2009 1616 2057 Tra·

558 2080 779 2130 ducant:
818 2082 928 2131 sine
968 2082 1179 2131 tristitia
1216 2083 1511 2133 coelestibus
1548 2098 1618 2133 ae-

544 2171 679 2204 -vum
702 2157 872 2206 Omne
893 2158 978 2217 sit,
1010 2165 1066 2207 et
1097 2158 1263 2207 nullos
1288 2159 1484 2221 possint
1502 2174 1618 2208 sen-

558 2231 659 2281 tire
679 2232 903 2283 dolores.
970 2234 1239 2283 Praeterea
1271 2236 1504 2296 posuisse
1526 2237 1618 2288 Jo-

562 2324 677 2358 vem
711 2309 813 2359 duo
840 2325 961 2359 vasa
996 2311 1272 2375 loquuntur
1293 2310 1432 2360 Ante
1463 2310 1619 2375 fores,

561 2386 830 2451 primoque
854 2386 1034 2436 domus
1058 2388 1109 2436 in
1134 2388 1307 2437 limine
1331 2389 1466 2452 coeli,
1487 2391 1620 2441 Quae

560 2462 668 2513 sint
702 2464 995 2513 muneribus
1023 2463 1206 2513 dandis
1227 2466 1530 2515 mortalibus
1554 2481 1623 2515 ω-

561 2540 667 2604 gris
692 2541 874 2601 Plena,
914 2541 1060 2590 bonis
1085 2541 1246 2603 aliud,
1279 2541 1540 2604 peioribus
1563 2542 1622 2590 il-

548 2617 650 2665 ·lud
691 2617 938 2667 abundet.
1010 2619 1051 2666 E
1095 2618 1299 2681 quibus,
1337 2625 1396 2666 ut
1438 2619 1624 2679 voluit,

562 2694 707 2742 Deus
728 2694 897 2742 omnia
921 2693 1145 2743 sortibus
1165 2695 1327 2758 aequis
1350 2682 1650 2744 Distribuit

563 2770 742 2832 generi
767 2769 1009 2832 humano,
1026 2770 1179 2818 simnl
1203 2771 1373 2819 omnia
1390 2771 1628 2835 miscens,

570 2849 722 2897 Nunc
746 2847 899 2910 bona,
936 2863 1071 2896 nuuc
1106 2848 1273 2908 mala;
1308 2863 1443 2897 nunc
1472 2850 1626 2912 laeva,

563 2940 700 2975 nunc
722 2928 868 2977 lance
892 2928 1138 2977 secunda.
1190 2928 1285 2977 Cui
1311 2927 1446 2976 mala
1468 2928 1629 2976 couti·

566 3003 759 3067 gerint,
804 3019 945 3054 cnrae
986 3004 1123 3054 hunc
1163 3004 1381 3068 exponit
1420 3003 1629 3066 iniquae,

548 3081 819 3132 -Tristibus
843 3081 1103 3143 aerumuis,
1126 3080 1409 3143 miserique
1441 3080 1627 3129 labori-

551 3155 662 3206 -bns
687 3158 803 3207 aevi.
838 3158 1000 3209 Vivet
1023 3159 1160 3207 enim
1184 3172 1348 3220 neque
1373 3156 1494 3207 Diis
1519 3171 1630 3221 gra-

565 3239 670 3296 tus,
692 3249 861 3298 neque
881 3234 1121 3298 gentibus
1142 3235 1288 3284 ullis?
1331 3233 1501 3283 Sitzm.

549 3334 555 3340 ·
631 3311 801 3360 Nouae
820 3311 1199 3371 adolescentulus,
1223 3308 1304 3360 δύο
1324 3308 1434 3359 τοὺς
1458 3308 1633 3372 πίθους,

563 3385 648 3435 τδν
668 3386 755 3447 μὲν
782 3384 865 3435 ἕνα
884 3390 1058 3449 καλῶν,
1085 3387 1172 3436 τὸν
1203 3385 1255 3436 δὲ
1277 3385 1433 3451 ἕτερον
1462 3389 1634 3449 κακῶν,

564 3463 620 3511 in
636 3463 775 3510 Jovis
798 3463 959 3511 limine
974 3464 1136 3523 ,iacere
1163 3463 1397 3525 didicisti]
1434 3463 1495 3511 Id
1520 3469 1628 3511 est:

571 3537 695 3585 Duo
712 3536 1097 3596 dolia,alterum
1124 3539 1392 3597 bonorum,
1411 3538 1633 3587 alterum

567 3614 838 3662 malorum.
906 3613 1141 3675 Respicit
1173 3610 1400 3661 fabulam
1426 3629 1544 3675 quae
1580 3614 1631 3662 in

562 3688 790 3738 Homeri
816 3688 964 3736 iliad.
985 3694 1042 3736 n.
1067 3688 1302 3737 oratioue
1325 3687 1544 3737 Achillis
1565 3691 1631 3738 ad

568 3765 853 3814 Priamum.
891 3764 1124 3812 Ber-nort.

633 3839 732 3889 Δύο
746 3839 858 3891 τοὺς
874 3840 1055 3903 πίθους]
1079 3841 1289 3889 Certum
1306 3847 1386 3890 est
1400 3840 1483 3890 hic
1501 3842 1634 3892 Boe·

571 3918 699 3967 tium
724 3919 983 3980 attingere
1007 3931 1094 3965 eos
1122 3916 1337 3966 Homeri
1362 3934 1540 3968 versus
1567 3920 1631 3969 ΙΙ.

569 4000 631 4045 Ω.
662 3993 793 4043 Δοιοὶ
812 3991 905 4056 γάρ
918 4011 976 4042 τε
996 3992 1115 4041 πίθοι
1130 3994 1439 4044 κατακείαται
1459 3999 1511 4044 ἐν
1523 3996 1636 4047 Διὸς

567 4073 695 4121 οὔδει
716 4071 912 4136 Δόρων,
930 4070 1005 4121 οἷα
1025 4073 1200 4132 δίδωσι,
1220 4077 1388 4136 κακῶν,
1411 4072 1568 4140 ἔτερος
1585 4075 1636 4125 δὲ

571 4147 708 4209 ἐάων,
727 4152 747 4179 ⁴
761 4150 916 4197 Dolia
934 4148 1128 4213 quippe
1146 4149 1292 4200 Jovis
1316 4151 1418 4201 duo
1441 4161 1563 4202 sunt
1584 4154 1636 4202 in

568 4226 750 4274 limine
804 4226 989 4288 primo,
1046 4225 1207 4274 Donis
1263 4228 1435 4290 plena,
1450 4226 1465 4237 ⁴
1490 4228 1638 4277 malis

573 4317 750 4365 unum,
772 4303 1070 4354 melioribus
1096 4302 1258 4352 illud!
1314 4304 1536 4354 Versum
1560 4308 1639 4357 'se-

1156 437 1161 440 ⁴
1238 409 1450 457 ⁸0⁷1·AE
1501 401 1901 459 vAiuoRuM
1955 410 2030 456 ΙΝ

1675 553 1901 602 cundum
1924 554 1998 601 sic
2020 553 2142 614 legit
2168 552 2480 602 Plutarchus
2506 551 2595 601 lib.
2631 555 2726 601 Πῶς

1678 632 1750 679 δεῖ
1779 629 1864 679 τὸν
1896 627 1999 679 νέον
2029 626 2292 689 ποιημάτων
2330 626 2530 677 ἀκούειν.
2580 630 2734 691 Κηρῶν

1665 705 1907 768 ’ἔμω-λειω,
1940 708 1968 754 ὁ
1986 705 2073 765 μὲν
2094 707 2285 767 ἐσθλῶν,
2316 705 2464 768 αὐτὰρ
2501 706 2529 752 ὁ
2567 708 2735 756 δειλῶν.

1682 784 1752 833 Et
1772 783 1881 833 ba’c
1904 783 2286 832 Platonicorum
2325 796 2470 830 mens
2507 790 2612 840 est,
2642 782 2743 830 ani-

1682 873 1802 918 mae,
1831 866 2095 923 postquam
2121 859 2172 906 in
2195 858 2304 906 ha’c
2327 858 2578 907 inferiora
2604 860 2744 922 lapsa

1683 944 1783 998 est,
1806 937 1954 986 datos
1976 939 2041 984 oh
2061 937 2289 997 corporis
2312 935 2621 983 societatem
2646 949 2746 983 mo-

1686 1022 1769 1064 tus
1813 1016 1910 1063 sibi
1955 1015 2239 1063 contrarios
2292 1022 2451 1078 atque
2506 1013 2650 1061 inter
2692 1026 2746 1061 se

1684 1093 1904 1139 maximo
1923 1091 2259 1139 dissidentes:
2286 1104 2415 1153 quos
2435 1089 2523 1151 qui
2548 1086 2746 1136 ratione

1683 1167 1879 1215 rexerit
1889 1167 1939 1212 ἐν
1955 1165 2057 1230 δίκῃ
2072 1163 2302 1222 Badiam-rm
2319 1166 2335 1193 ‘
2347 1166 2493 1228 juste
2519 1164 2709 1212 vixerit
2723 1161 2750 1225 ·,'

1685 1244 1770 1306 qui
1811 1251 1982 1292 autem
2023 1244 2098 1291 his
2136 1257 2190 1290 se
2213 1242 2414 1290 dederit
2442 1239 2619 1304 ἀδικίᾳ,
2642 1241 2746 1288 ‘in-

1678 1317 1861 1379 juste.'
1931 1318 2066 1365 Hinc
2107 1317 2339 1366 Maximo
2372 1318 2496 1379 Tyr.
2536 1316 2747 1364 dissert.

1686 1406 1860 1442 xxxv.
1885 1392 2054 1443 fontes
2070 1401 2192 1442 sunt
2208 1392 2457 1456 ejusmodi
2475 1392 2751 1454 doliorum,

1684 1469 1824 1534 ἀρετὴ
1849 1471 2002 1533 ψυχῆς
2035 1468 2112 1518 καὶ
2134 1467 2381 1531 μοχθηρία,
2415 1470 2431 1495 ‘
2452 1467 2623 1514 virtus
2646 1466 2750 1515 ani-

1685 1547 1753 1594 rni
1779 1553 1933 1609 atque
1955 1544 2294 1607 improbitas.’
2331 1545 2462 1593 Eum
2481 1543 2623 1592 vide.
2658 1542 2752 1592 Cui

1686 1623 1931 1671 convenit
1945 1630 1999 1671 et
2014 1622 2139 1670 illud
2157 1620 2436 1683 Prophetae
2451 1619 2597 1680 regis
2613 1619 2752 1668 Psal.

1688 1699 1705 1725 ‘
1721 1699 1867 1748 Calix
1891 1699 1940 1747 in
1960 1712 2112 1747 manu
2135 1696 2343 1746 Domini
2361 1696 2465 1743 viui
2488 1695 2622 1743 meri
2649 1695 2752 1758 ple·

1687 1792 1782 1826 nus
1805 1775 2001 1826 mixto?
2066 1776 2178 1824 Imo
2211 1780 2266 1823 et
2302 1775 2456 1836 longe
2496 1772 2629 1821 illud
2661 1772 2751 1820 Di·

1689 1853 1816 1917 phili
1836 1853 1969 1915 apud
1990 1853 2256 1900 Stobaeum
2276 1850 2445 1898 verius
2462 1847 2754 1910 estfnnep

1689 1928 1955 1992 κυαθίζουσ’
1980 1929 2113 1978 ἐνίοθ’
2132 1927 2242 1988 ἡμῖν
2260 1926 2292 1986 ἦ
2311 1924 2560 1988 τύχη,“Εν
2579 1925 2753 1987 ἀγαθὸν

1691 2005 1925 2070 ἐπιχέασα
1941 2006 2034 2070 τρί’
2059 2006 2287 2054 ἐπαντλεῖ
2316 2001 2455 2053 κακά.
2490 2005 2508 2031 ‘
2532 2004 2756 2051 Fortuna

1690 2084 1859 2145 nobis,
1902 2095 2147 2148 tanquam
2187 2081 2400 2145 cyathos
2445 2078 2755 2127 exsiccanti-

1679 2159 1808 2219 bus,
1843 2160 1894 2208 Si
1934 2174 2090 2208 uuum
2133 2158 2320 2207 bonum
2361 2154 2627 2218 infundat,
2661 2151 2758 2204 tria

1694 2236 1828 2285 mala
1850 2234 2107 2285 affundit!
2150 2233 2326 2284 Vallia.

1760 2313 1944 2362 Mna.
1969 2316 2018 2361 2.
2086 2309 2346 2369 Stelliferis
2380 2307 2512 2357 edita
2545 2306 2757 2356 noctibus

1699 2421 1744 2438 ..
1767 2423 1780 2438 .
1803 2387 1985 2451 sidera]
2022 2388 2252 2435 Venuste
2288 2385 2512 2434 siderum
2544 2391 2755 2432 matrem

1685 2467 1922 2517 Noctem
1962 2464 2229 2527 indigitat,
2262 2463 2400 2528 quod
2432 2462 2595 2512 etiam
2631 2460 2757 2511 fecit

1683 2543 2021 2591 suavissimus
2055 2543 2290 2591 Tibullus
2323 2540 2413 2589 lib.
2438 2553 2505 2589 ιι.
2543 2541 2692 2603 Eleg.
2717 2543 2758 2588 l.

1653 2680 1660 2681 ἶ
1697 2619 1713 2647 ⁸
1736 2618 1955 2668 Ludite:
1983 2619 2092 2682 jam
2122 2632 2225 2666 nox
2242 2617 2418 2679 jungit
2441 2630 2628 2680 equos,
2651 2629 2758 2664 cur-

1700 2708 1916 2758 rumque
1934 2701 2214 2758 sequnntur
2246 2693 2434 2742 Matris
2465 2693 2666 2741 lascivo
2699 2693 2761 2740 si·

1700 2770 1830 2819 dera
1864 2769 2004 2819 fulva
2039 2772 2198 2820 choro
2216 2769 2249 2819 :'
2300 2769 2364 2818 ad
2402 2784 2558 2833 quem
2596 2769 2757 2818 locum

1701 2847 1822 2897 vide
1861 2864 1976 2913 quae
2017 2846 2133 2912 post
2168 2848 2242 2897 M.
2266 2847 2459 2896 Auton.
2494 2847 2758 2895 Muretum

1703 2924 1825 2973 Var.
1863 2925 2010 2973 Lect.
2047 2924 2135 2973 lib.
2160 2938 2217 2973 v.
2252 2938 2367 2987 cap.
2399 2927 2450 2972 2.
2487 2923 2671 2971 attulit
2705 2922 2756 2973 J.

1706 3001 1854 3049 Dusa
1875 2999 2030 3051 filius.
2065 3000 2237 3050 Sitzm.

1769 3078 1922 3128 Pleno
1938 3078 2070 3142 copia
2086 3076 2253 3140 cornu]
2273 3077 2459 3126 Senec.
2477 3076 2532 3124 in
2551 3075 2758 3137 Medea,

1706 3151 1772 3201 de
1793 3153 2027 3202 Veneret
2062 3155 2079 3181 ⁶
2097 3154 2227 3205 Quae
2263 3152 2354 3201 dat
2382 3150 2654 3216 belligeris
2675 3150 2759 3200 foe-

1706 3225 1831 3276 dera
1853 3228 2112 3290 gentibus,
2132 3229 2202 3278 Et
2218 3242 2375 3277 cornu
2390 3218 2592 3278 retinet
2606 3228 2762 3278 divite

1706 3304 1946 3366 copiam.'
2000 3304 2196 3354 Statius
2218 3306 2270 3352 in
2296 3305 2492 3368 sylvis:
2518 3306 2536 3333 ⁴
2556 3307 2628 3355 Et
2652 3320 2760 3369 quie

1708 3378 1805 3427 tibi
1826 3393 2028 3443 cunque
2060 3379 2215 3429 beato
2248 3380 2420 3444 Larga
2456 3379 2607 3431 dedit
2647 3381 2764 3430 For·

1709 3463 1835 3506 tuna
1857 3457 2007 3509 sinu!
2053 3458 2305 3509 Prudeut.
2330 3466 2518 3510 contra
2541 3462 2763 3526 Symma-

1707 3535 1881 3583 chum:
1916 3537 1930 3561 ‘
1950 3535 2088 3585 Saxa
2109 3536 2244 3586 illita
2266 3537 2396 3586 ceris
2419 3538 2659 3599 Viderat,
2679 3553 2765 3587 uu·

1708 3616 2001 3673 guentoque
2044 3613 2178 3661 lares
2226 3613 2532 3663 humescere
2574 3615 2763 3679 nigros,

1709 3686 2002 3735 Formatum
2025 3688 2268 3737 Fortunas
2295 3689 2531 3738 habitum
2553 3705 2671 3740 cum
2695 3692 2764 3740 di-

1709 3762 1814 3812 vite
1837 3762 2035 3813 cornn.'
2072 3764 2220 3814 Idem.

1774 3841 1916 3890 Flere
1935 3842 2164 3906 querelas]
2211 3843 2362 3892 Nova
2382 3843 2604 3908 phrasis,
2623 3862 2766 3911 qnam

1708 3933 1809 3967 non
1831 3917 1986 3968 facile
2011 3919 2147 3981 apud
2172 3919 2298 3968 alios
2334 3919 2571 3970 invenies
2597 3925 2767 3971 antho-

1710 4011 1813 4047 res.
1865 3997 2122 4047 Neutrum
2147 3996 2317 4044 active
2339 3997 2569 4060 ponitur,
2594 4000 2766 4049 addito

1710 4077 1914 4126 nomine
1932 4082 2166 4139 cognatae
2183 4074 2593 4137 significationis.
2627 4079 2766 4127 Idem.

1778 4152 2008 4209 Quamvis
2040 4157 2150 4201 vota
2185 4151 2335 4200 libens
2372 4154 2583 4216 excipiat
2620 4154 2767 4216 Deus]

1703 4231 1891 4281 Senec-
1929 4231 1980 4278 iu
2003 4228 2189 4279 Troad.
2228 4242 2301 4278 vs.
2342 4232 2392 4277 6.
2422 4233 2500 4279 16.
2534 4231 2551 4258 ‘
2572 4230 2643 4279 Et
2675 4231 2766 4278 huc

1712 4316 1770 4357 et
1790 4307 1910 4357 illuc
1935 4306 2113 4356 anxios
2138 4318 2340 4371 gressus
2363 4304 2540 4371 refert,
2561 4306 2765 4356 Missas-
