3049 4928
1000 435 1519 485 PfflLosol’HlAE
1571 437 1713 485 [ΑΒ.
1763 437 1875 485 111.

2417 424 2547 489 277

426 580 530 644 Tu
563 579 793 645 causis
826 579 1083 644 animas
1109 579 1416 663 paribuS,
1447 580 1755 664 vitasque
1786 583 2067 647 minores
2093 581 2118 620 ¹³

427 682 784 762 ProvehiS,
816 689 883 748 et
907 683 1170 748 levibus
1200 684 1523 749 sublimes
1555 686 1858 750 curribus
1889 695 2129 769 aptans

422 785 504 849 In
537 787 786 851 coelum
820 792 1188 871 terramque
1217 788 1423 851 seris:

1471 809 1641 872 quas
1671 788 1818 872 lege
1848 789 2136 873 benigna
2456 792 2543 857 20

426 887 537 953 Ad
569 895 635 955 te
667 911 1024 957 conversas
1054 891 1283 956 reduci
1312 891 1488 957 facis
1518 894 1670 975 igne
1702 893 1964 958 reverti.

325 1094 493 1143 coelum
499 1092 669 1153 forma
682 1095 964 1145 uniusmodi.

1036 1097 1107 1145 Tu
1139 1098 1356 1158 producis
1376 1098 1561 1147 animos
1581 1103 1629 1147 et
1655 1100 1783 1147 vitas
1806 1099 2005 1147 minores
2024 1100 2172 1148 simili
2194 1102 2345 1161 modo,
2362 1117 2541 1152 accom-

323 1160 608 1223 modansque
627 1161 753 1209 altas
771 1160 1039 1223 corporibus
1067 1162 1263 1223 levibus,
1295 1166 1479 1213 easdem
1514 1164 1791 1213 disseminas
1820 1179 1907 1225 per
1933 1166 2095 1212 coelum
2114 1170 2160 1214 et
2184 1171 2359 1216 terram
2377 1183 2396 1225 ,-
2429 1183 2545 1231 quas

323 1225 512 1273 animas
531 1226 702 1275 blanda
721 1226 823 1288 lege
831 1226 962 1285 sacis
981 1229 1044 1276 ud
1065 1232 1112 1276 te
1133 1243 1376 1278 conversas
1392 1228 1568 1292 redire,
1592 1229 1746 1277 instar
1767 1229 1912 1290 igniS,
1935 1232 1998 1278 ud
2015 1230 2162 1279 locum
2192 1233 2313 1280 unde
2330 1238 2539 1297 verterat,

1336 1366 1552 1419 NOTAE

321 1477 553 1544 duplicis
571 1486 656 1530 est
677 1480 909 1545 generis:
945 1484 1109 1547 major
1132 1498 1254 1545 una,
1280 1498 1393 1547 quae

320 1571 418 1620 per
451 1556 705 1621 majorem
727 1559 904 1608 mundi
922 1560 1194 1621 vorticem,
1231 1560 1394 1608 altera

318 1634 513 1695 minor,
560 1649 675 1699 quae
720 1649 815 1698 per
860 1636 1107 1684 minorem
1159 1635 1391 1699 ejusdem

318 1710 504 1759 mundi
545 1711 797 1760 vorticem
833 1709 1020 1761 diffusa
1059 1712 1272 1761 circuit:
1311 1719 1388 1761 at-

318 1801 422 1851 que
447 1788 591 1837 inter
605 1787 828 1838 minores
842 1804 945 1838 una
959 1796 1056 1846 est,
1080 1789 1220 1838 circa
1236 1804 1389 1854 quam

319 1865 531 1926 coelnm,
556 1866 720 1913 veluti
756 1873 872 1914 rota
904 1866 1048 1915 circa
1076 1881 1244 1927 axem,
1265 1881 1389 1915 con-

317 1940 567 2002 vertitur,
604 1955 860 2005 quamque
892 1956 1029 1990 nunc
1061 1941 1391 2005 Philosophia

316 2017 332 2044 ‘
356 2024 596 2067 mentem
622 2014 958 2080 profundam'
996 2024 1180 2078 vocat3
1214 2018 1230 2045 ‘
1249 2033 1388 2067 men-

318 2093 452 2143 tem'
510 2093 740 2159 quidem,
784 2094 919 2144 sicut
977 2094 1089 2157 ipse
1138 2094 1386 2156 Virgilius

314 2171 330 2197 ‘
354 2167 612 2220 mentem'
649 2171 954 2233 nominavit,
985 2170 1224 2234 quoniam
1250 2172 1384 2234 haec,

316 2245 485 2297 instar
540 2242 753 2308 mentis,
805 2246 1048 2296 insensile
1092 2254 1172 2297 est
1214 2255 1383 2298 motus

313 2325 659 2390 principium:
692 2326 708 2353 ‘
730 2323 1241 2389 profundam’·vero,
1265 2326 1386 2389 quia

313 2403 490 2452 centri
518 2404 692 2452 locum
726 2402 915 2452 habet:
953 2403 1004 2451 in
1037 2402 1190 2466 globo
1214 2410 1382 2452 autem

312 2481 457 2529 nulla
513 2495 635 2544 pars
692 2486 775 2529 est
829 2486 1010 2529 centro
1061 2479 1384 2543 profundior.

312 2556 479 2606 Forte
520 2557 635 2605 haec
676 2556 928 2619 machina,
971 2572 1087 2621 quae
1127 2557 1386 2620 profunda

309 2631 397 2682 illa
446 2639 623 2682 mente
666 2647 801 2682 nunc
854 2633 1174 2697 significatur
1219 2633 1383 2682 infor-

310 2710 462 2772 mari,
487 2718 629 2759 terra
652 2716 762 2760 est:
800 2711 1034 2774 quamvis
1067 2710 1203 2759 enim
1239 2711 1380 2759 nulla

309 2785 762 2836 demonstratione
797 2787 1006 2851 probari
1040 2787 1202 2851 possit
1238 2794 1381 2837 terra

309 2874 424 2912 esse
451 2862 629 2911 mundi
649 2870 902 2926 centrum,
919 2870 1059 2913 terra
1082 2871 1251 2914 tamen
1271 2865 1375 2915 dici

308 2947 494 3004 potest
515 2946 750 2991 centrum
785 2941 922 2991 illius
956 2943 1188 3006 vorticis,
1224 2960 1375 3008 quem

308 3018 613 3069 incolimus:
649 3018 724 3067 ita
753 3024 811 3067 ut
843 3018 1008 3083 major
1039 3020 1211 3069 anima
1234 3021 1376 3071 circa

309 3103 505 3147 terram
527 3097 543 3126 ‘
562 3099 716 3147 simili
736 3099 959 3161 imagine
976 3105 1252 3149 convertat
1273 3115 1373 3149 coe-

309 3172 474 3225 lum?
520 3189 642 3224 nam
684 3175 776 3224 aEr
818 3175 1022 3239 saltem,
1063 3176 1150 3239 qui
1185 3176 1374 3239 saepius

309 3257 413 3302 tam
438 3253 580 3316 apud
614 3267 810 3316 sacroS,
843 3260 994 3317 quam
1027 3252 1163 3315 apud
1196 3250 1371 3316 profa-

304 3343 396 3380 nos
419 3338 663 3380 auctores
700 3337 914 3381 vocatur
939 3332 1145 3393 coelum,
1181 3338 1372 3382 terram

307 3406 512 3469 circuit,
546 3423 643 3457 nec
667 3407 732 3457 ab
754 3408 854 3457 alio
876 3422 1093 3470 corpore
1126 3423 1279 3472 quam
1305 3411 1370 3460 ab

307 3482 408 3533 isto
453 3482 645 3546 spiritu
701 3483 873 3532 aerem
919 3484 1202 3547 circumagi
1245 3487 1368 3535 satis

307 3558 578 3620 probabile
623 3560 737 3609 es'tx
788 3560 925 3608 sicut
966 3560 1137 3608 simili-
1163 3575 1371 3625 semper

306 3634 531 3698 imagine
555 3636 788 3685 converti
813 3635 1048 3685 videtur:
1083 3637 1209 3686 licet
1233 3637 1368 3687 enim

305 3710 357 3760 in
378 3713 481 3761 isto
501 3712 622 3761 acre
644 3713 754 3762 sive
789 3713 920 3762 coelo
953 3713 1135 3777 nubes,
1157 3715 1367 3778 imbres,

308 3788 557 3852 ventique
596 3794 869 3851 cogantur,
910 3796 1154 3839 constans
1193 3797 1366 3840 tamen

308 3872 385 3915 est
406 3873 462 3914 et
479 3865 770 3914 uniusmodi
789 3865 938 3931 hujus
956 3867 1074 3915 coeli
1096 3867 1239 3916 circa
1263 3877 1367 3917 ter-

230 4000 233 4005 ·
306 3954 411 3991 ram
446 3942 714 4005 circuitus,
747 3949 1095 4006 constansque
1134 3944 1367 4006 ejusdem

307 4019 558 4069 coeruleus
590 4020 748 4081 color,
782 4020 868 4084 qui
908 4019 1035 4068 nihil
1079 4028 1161 4070 est
1205 4022 1366 4086 aliud,

307 4089 459 4160 quam
477 4097 650 4145 lumen
671 4095 835 4144 obviis
856 4095 1135 4159 vaporibus
1159 4098 1366 4148 exhala-

230 4234 235 4239 .
308 4173 633 4238 tionibusque
690 4171 1062 4222 modificatum.
1149 4172 1226 4223 At
1270 4175 1368 4224 nisi

306 4248 562 4310 profunda
584 4249 675 4297 illa
695 4248 864 4297 anima
882 4246 1045 4299 fuerit
1074 4256 1233 4310 terra,
1266 4251 1369 4302 alia

309 4326 410 4376 erit
428 4341 493 4375 ex
525 4325 808 4377 minoribus
844 4325 1132 4390 animabus,
1164 4326 1233 4377 de
1255 4327 1365 4393 qui-

1479 1481 1574 1532 bus
1602 1482 1712 1544 jam
1746 1484 1991 1533 locutura
2028 1490 2109 1533 est
2142 1484 2258 1549 ipsa
2300 1485 2536 1537 Philoso-

1475 1559 1617 1622 phia.

1537 1634 1561 1668 δ
1586 1634 1758 1684 Causis
1779 1635 1962 1685 animas
1979 1636 2193 1700 paribus,
2209 1639 2423 1701 vitasque
2444 1641 2533 1689 mi-

1470 1713 1627 1776 nores]
1677 1728 1766 1763 111.
1805 1713 2138 1777 Philosophia
2167 1715 2275 1777 agit
2308 1729 2535 1766 seorsum

1471 1790 1539 1840 de
1563 1790 1826 1841 animabus
1863 1791 2150 1854 corporeis,
2187 1807 2313 1856 quas
2337 1793 2466 1844 dicit
2490 1798 2539 1842 1.

1469 1868 1485 1896 ‘
1506 1870 1722 1929 animas,
1744 1869 1979 1932 vitasque
1996 1869 2217 1917 minores
2237 1868 2275 1929 3'
2310 1874 2358 1918 2.
2382 1871 2397 1897 ‘
2416 1884 2537 1920 cau-

1470 1945 1541 1993 sis
1567 1945 1775 2007 paribus
1798 1959 1827 1993 a
1850 1946 1964 1996 Deo
1988 1951 2261 2009 provectas
2279 1945 2314 2005 ;'
2350 1950 2398 1994 3.
2420 1947 2436 1974 ‘
2461 1947 2533 1996 le-

1469 2020 1618 2069 vibus
1640 2020 1874 2070 curribus
1897 2027 2101 2085 aptatas
2118 2020 2152 2082 ;’
2200 2024 2251 2069 4.
2276 2022 2291 2048 ⁸
2315 2035 2410 2084 per
2432 2035 2536 2071 coe·

1467 2098 1574 2147 lum
1617 2105 1910 2163 terramque
1970 2099 2230 2162 dispersas
2250 2096 2285 2158 ;'
2338 2102 2389 2146 5.
2431 2099 2446 2125 ‘
2466 2097 2531 2147 ad

1468 2177 1653 2224 coelum
1678 2190 1961 2225 conversas
1987 2174 2215 2225 reverti.'
2297 2175 2531 2224 Primum

1464 2252 1637 2315 agitur
1658 2252 1741 2302 hic
1766 2253 2014 2302 duntaxat
2038 2252 2105 2302 de
2125 2252 2391 2302 animabus
2417 2267 2532 2302 cor-

1466 2328 1659 2390 poreis,
1694 2334 1880 2392 utpote
1913 2344 2027 2394 quae
2065 2329 2257 2378 similes
2282 2336 2402 2378 sunt
2426 2330 2531 2393 spi-

1463 2404 1605 2462 ritui,
1646 2404 1711 2453 de
1760 2419 1859 2469 quo
1901 2406 2075 2454 statim
2118 2406 2391 2470 agebatur,
2438 2413 2531 2454 aut

1464 2481 1700 2545 quaedam
1724 2481 1862 2531 illius
1895 2483 2097 2546 portio:
2134 2489 2195 2532 ut
2218 2484 2353 2532 enim
2379 2483 2529 2547 spiri-

1467 2564 1551 2605 tus
1575 2559 1835 2620 Universi,
1858 2560 1933 2607 sic
1955 2560 2139 2607 animm
2161 2559 2239 2608 hae
2265 2560 2532 2609 adducun-

1464 2640 1549 2681 tur
1570 2635 1622 2682 in
1647 2634 1955 2698 exemplum,
1973 2640 2030 2682 ut
2051 2635 2127 2683 his
2143 2636 2363 2697 cognitis
2384 2649 2528 2683 mens

1461 2710 1681 2759 humana
1701 2711 1805 2758 suis
1828 2710 2230 2775 cogitationibus
2248 2711 2311 2759 ad
2334 2713 2528 2772 Deum,

1461 2786 1600 2835 unde
1623 2801 1830 2850 egressa
1843 2792 1943 2848 est,
1966 2792 2277 2835 revertatur.
2318 2785 2526 2835 Deinde

1461 2862 1541 2912 hae
1559 2870 1812 2912 vocantur
1843 2865 1859 2891 ⁴
1885 2864 2087 2926 animae,
2111 2863 2334 2927 vitaeque
2358 2864 2523 2912 mino-

1458 2954 1539 2989 res
1552 2938 1587 3002 3’
1613 2938 1767 3004 quod,
1789 2939 2072 2988 minoribus
2090 2939 2343 2988 machinis
2361 2939 2524 2989 inclu-

1457 3031 1551 3077 sae,
1574 3016 1796 3064 minores
1820 3016 2068 3064 circuitus
2090 3015 2379 3077 absolvant,
2394 3017 2523 3066 utin

1457 3092 1668 3158 plantis,
1685 3093 1735 3142 in
1751 3091 1951 3154 bestiis,
1980 3093 2104 3141 etin
2142 3093 2255 3154 ipso
2279 3093 2484 3142 homine
2506 3110 2520 3143 ε

1456 3186 1575 3221 cnm
1608 3171 1706 3220 hoc
1741 3177 1916 3220 tamen
1940 3169 2258 3232 discrimine,
2282 3170 2421 3236 quod
2466 3171 2520 3219 in

1457 3246 2520 3311 hominepraeterhuncspiritumcorpore·
2567 3261 2574 3265 ’

1456 3339 1564 3387 um,
1584 3324 1654 3373 sit
1666 3338 1808 3372 mens
1826 3323 1937 3372 sive
1953 3337 2031 3372 res
2043 3324 2296 3387 cogitans,
2314 3325 2397 3372 cui
2415 3324 2520 3387 spi-

1454 3401 1586 3449 ritus
1603 3400 1690 3449 ille
1710 3398 1988 3448 famulatur
2008 3417 2021 3450 :
2039 3416 2140 3464 quo
2155 3399 2217 3449 fit
2232 3405 2289 3450 ut
2304 3401 2518 3463 spiritus

1451 3479 1541 3529 ille
1564 3493 1862 3543 corporeus,
1887 3485 2070 3542 utpote
2101 3478 2282 3528 formae
2324 3479 2519 3543 princi-

1451 3555 1557 3619 pali
1581 3554 1875 3619 famulatus,
1897 3558 1949 3604 in
1967 3556 2170 3604 bomine
2194 3570 2381 3605 nomen
2403 3557 2518 3618 dig·

1447 3632 1768 3697 nitatemque
1802 3633 1986 3682 animae
2029 3633 2254 3696 amittat,
2289 3632 2519 3682 dicatur-

1450 3723 1554 3774 que
1596 3716 1873 3774 propterea
1916 3709 1966 3757 in
2006 3709 2212 3758 homine
2247 3724 2352 3758 una
2384 3709 2515 3758 dun·

1451 3791 1598 3834 taxat
1618 3799 1731 3834 esse
1752 3785 1939 3846 anima,
1963 3799 2128 3848 eaque
2161 3784 2360 3833 ratione
2381 3800 2515 3848 prae·

1449 3861 1580 3927 dita.
1648 3861 1835 3926 Virgil.
1881 3876 1961 3911 lv.
2009 3861 2254 3924 Georgic.
2281 3877 2353 3912 vs.
2397 3866 2513 3912 220.

1450 3940 1466 3967 ‘
1487 3941 1624 3989 Esse·
1640 3939 1821 4003 apibus
1856 3947 2059 4004 partem
2095 3940 2285 3990 divinae
2321 3943 2510 3991 mentis

1449 4026 1503 4070 ct
1520 4019 1734 4070 haustus
1763 4021 2024 4070 AEtherios
2062 4021 2282 4070 dixere:
2339 4021 2510 4071 Deum

1446 4112 1670 4162 namque
1717 4097 1793 4146 ire
1838 4112 1932 4160 per
1974 4112 2151 4147 omnes
2195 4099 2510 4165 Terrasque,

1448 4182 1754 4240 tractusque
1775 4175 1949 4239 maris,
1967 4175 2259 4238 coelumque
2296 4172 2508 4237 profun-

1447 4253 1587 4303 dum.
1654 4253 1793 4302 Hinc
1812 4252 2058 4317 pecudes,
2077 4259 2329 4312 armenta,
2352 4252 2508 4314 viros,

1447 4345 1609 4394 genus
1652 4345 1802 4380 omne
1836 4329 2085 4393 ferarum,
2120 4330 2389 4393 Quemque
2410 4326 2510 4377 sibi
