3049 4928
527 380 656 448 168

522 544 712 619 riam,
741 539 1214 625 facundiaeque
1245 543 1574 608 meruisti:
1620 563 1770 609 cum
1804 545 1868 608 in
1901 544 2127 608 Circoc
2160 544 2439 610 duorum
2460 544 2721 611 'medius

523 640 985 711 Consulum³¹²
1026 644 1457 710 circumfusae
1508 645 1961 710 multitudinis
1997 648 2564 731 expectationem,
2614 649 2723 712 tri·

520 748 820 830 umphali
880 747 1227 829 largitione
1286 748 1596 811 satiasti?
1707 749 1996 827 Dedisti,
2073 756 2148 814 ut
2203 751 2465 835 opinor,
2503 752 2727 831 ,verba

518 852 856 930 fortunae,³'
907 851 1068 914 dum
1099 856 1164 916 te
1210 851 1325 915 illa
1355 850 1708 930 demulcet,
1762 851 1914 916 dum
1948 856 2032 930 te,
2084 860 2160 918 ut
2203 873 2364 917 suas
2418 852 2724 931 deliciaS,

519 955 724 1021 fovet.
798 955 1053 1020 Munus
1083 953 1262 1037 quod
1307 954 1469 1018 nulli
1499 974 1789 1038 unquam
1822 951 2118 1037 privatoi
2162 954 2723 1033 commodaverat,

521 1058 917 1123 abstulistis*
982 1056 1198 1122 Visne
1221 1058 1457 1141 igitur⁵
1521 1077 1670 1122 cum
1695 1057 1968 1123 fortuna
1985 1059 2316 1123 calculum
2338 1052 2721 1141 poneret*

1220 396 1529 446 ΒὉΕΤΗΙῙ
1582 399 1679 447 DE
1727 399 2036 450 coNSoL.

581 1267 607 1302 v
642 1260 902 1310 Fortunam
937 1265 1039 1309 tum
1076 1259 1164 1309 tibi
1191 1259 1434 1321 furentem
1456 1259 1732 1310 laudavisti.
1908 1267 1931 1294 ²
1968 1259 2197 1321 Repetere
2216 1256 2424 1307 rationes
2444 1257 2722 1317 asor-tuna.-

518 1330 726 1389 compter-
746 1340 857 1375 uvec
877 1326 923 1374 lu
933 1325 1150 1387 fortune.

1437 1421 1493 1440 00
1499 1418 1795 1440 0000000000

510 1518 691 1567 medius
716 1518 1010 1582 Consularis]
1032 1519 1164 1568 Mss.
1186 1524 1242 1568 et
1265 1518 1385 1568 edd.
1417 1517 1656 1568 Norimb.
1681 1517 1912 1568 Florent.
1935 1515 2096 1566 Basil.
2132 1517 2349 1565 Duorum
2381 1515 2563 1564 medius
2598 1516 2719 1564 Con·

510 1585 683 1643 sulum,
704 1584 842 1648 quud
868 1585 1064 1635 rectius
1084 1586 1268 1649 procul
1292 1583 1487 1634 dubio.’
1522 1584 1695 1633 Sitzm.
1721 1583 1850 1645 Reg.
1872 1583 2052 1631 medius
2070 1582 2309 1629 considens
2324 1596 2341 1630 .-
2373 1581 2527 1642 male,
2536 1580 2721 1643 jndice

509 1649 801 1698 Vallia—4
833 1649 848 1677 ‘
870 1650 975 1698 Ms.
1003 1649 1247 1699 Rittersh.
1284 1650 1482 1709 Munus,
1514 1652 1637 1712 quod
1667 1662 1904 1710 uunquam
1937 1648 2025 1695 ulli
2055 1648 2242 1707 privato
2273 1645 2524 1706 obtulerat,
2557 1645 2717 1694 abstu-

508 1713 640 1763 listi.-
672 1729 787 1779 quae
821 1714 978 1764 lectio
1008 1714 1296 1778 elegantior
1321 1713 1569 1764 videtur.’
1604 1713 1871 1762 Sinum—5
1909 1711 1970 1761 In
2005 1712 2107 1761 Ms.
2143 1710 2326 1760 eodem
2365 1710 2513 1760 deest
2541 1710 2717 1771 igitur.

1509 1852 1723 1906 NOTAE

507 1974 693 2019 cantur
727 1984 832 2019 non
869 1971 1031 2020 solum
1074 1970 1322 2033 homines,
1360 1970 1446 2035 qui
1480 1970 1569 2034 jus

503 2045 767 2095 habebant
821 2047 1078 2110 ponendae
1146 2047 1416 2109 imaginis;
1477 2046 1569 2094 sed

1651 1993 1760 2040 cus,
1775 1976 1944 2043 inquit
1962 1978 2181 2042 Lipsius,
2199 1985 2280 2028 est
2301 1978 2524 2039 medius;
2560 1963 2717 2042 prou-

1649 2056 1799 2113 imus,
1819 2057 2025 2106 dexter.
2090 2056 2238 2107 Inter
2258 2057 2566 2107 Consulares
2592 2072 2718 2106 vero

503 2120 662 2172 etiam
688 2122 852 2185 sellae,
888 2138 1046 2185 supra
1080 2138 1205 2187 quas
1243 2123 1319 2172 illi
1341 2123 1393 2171 in
1414 2136 1568 2171 curru

498 2197 809 2263 insiderent,
852 2214 965 2263 quae
999 2201 1138 2250 sellae
1179 2208 1459 2264 propterea
1494 2201 1568 2249 vi·

500 2275 694 2324 dentur
717 2291 748 2325 a
770 2290 923 2325 curru
946 2276 1104 2328 dictae
1141 2278 1158 2306 ⁴
1181 2280 1386 2327 curules
1405 2281 1436 2339 ;’
1468 2278 1567 2327 sic-

498 2359 560 2401 ut
606 2352 675 2401 ab
732 2353 894 2403 ebore
949 2356 1138 2405 coelato
1181 2361 1434 2405 vocantur
1478 2356 1568 2405 ali-

500 2427 709 2493 quando
748 2429 766 2457 ‘
804 2428 987 2482 ebur:'
1035 2432 1172 2482 unde
1226 2432 1413 2484 Horat.
1451 2434 1486 2483 l.
1528 2447 1564 2484 1.

502 2507 674 2570 Epist.
716 2509 813 2571 Ep.
853 2514 902 2559 6.
958 2509 974 2538 ‘
1000 2510 1229 2561 Cuilibet
1272 2511 1355 2560 hic
1395 2510 1564 2561 fasces

502 2582 671 2646 dabit,
720 2585 1011 2650 eripietque
1066 2589 1246 2637 curule
1286 2588 1383 2637 Cui
1424 2589 1565 2637 volet

498 2661 821 2723 importunus
862 2663 1026 2712 ebur!
1093 2666 1164 2715 Et
1194 2665 1352 2716 ovid.
1387 2662 1471 2716 ἰν.
1497 2666 1564 2716 de

496 2737 657 2788 Pont.
682 2741 761 2789 El.
786 2745 835 2790 9.
887 2741 903 2768 ‘
926 2740 1087 2804 Signa
1125 2756 1329 2807 quoque
1351 2742 1405 2792 in
1439 2744 1567 2793 sella

492 2828 698 2867 nossem
753 2817 977 2870 formata
1030 2821 1214 2880 curuli,
1269 2822 1341 2870 Et
1395 2825 1563 2872 totum

496 2893 738 2945 Numidas
761 2898 1005 2962 sculptile
1026 2897 1198 2948 dentis
1219 2896 1382 2961 opus.'

559 2979 583 3006 θ
624 2975 685 3024 Iu
706 2975 872 3039 Circo]
904 2977 1106 3040 Circus,
1142 2976 1332 3026 Graece
1372 2973 1563 3038 κύκλος,

494 3052 784 3113 generatim
817 3059 898 3102 est
935 3053 1097 3102 omnis
1120 3052 1360 3114 ambitus,
1382 3066 1560 3116 gyrus,

496 3127 650 3190 orbis,
671 3127 921 3178 circulus:
964 3129 1103 3180 unde
1125 3128 1313 3178 Cicero
1334 3128 1390 3177 in
1412 3127 1561 3178 Arat.

486 3201 505 3231 ‘
528 3196 724 3254 Vidisti
747 3216 985 3267 magnum
1019 3205 1328 3255 candentem
1350 3217 1562 3269 serpere

493 3279 709 3343 circum,
755 3282 980 3330 Lacteus
1018 3281 1102 3331 hic
1145 3281 1302 3330 nimio
1344 3295 1559 3345 serpens

493 3350 720 3406 candore
741 3360 991 3406 notatur!
1057 3357 1161 3406 Hic
1182 3363 1354 3407 autem
1378 3357 1558 3408 Circus

490 3438 575 3483 est
618 3435 764 3482 locus
828 3438 1034 3494 ovatus,
1078 3433 1134 3482 in
1176 3449 1298 3498 quo,
1341 3442 1557 3485 auctore

490 3509 769 3574 Tarquinio
793 3508 997 3572 Prisco,
1020 3510 1243 3559 Romani
1264 3511 1411 3561 ludos
1428 3512 1555 3562 faci-

490 3585 682 3635 ebant:
740 3586 1070 3649 quamobrem
1114 3586 1224 3635 ludi
1263 3587 1338 3636 illi
1377 3603 1408 3636 a
1441 3589 1554 3638 loco

490 3661 619 3711 dicti
657 3669 776 3712 sunt
806 3662 1099 3712 Circenses·
1167 3663 1279 3712 Usu
1318 3678 1439 3714 vero
1474 3680 1554 3715 re·

491 3742 702 3799 ceptum
740 3745 872 3793 erat,
919 3744 978 3788 ut
1015 3737 1326 3803 quicumque
1364 3740 1555 3791 Consul

487 3819 696 3863 creatus
739 3812 942 3875 fuisset,
977 3813 1062 3864 hic
1101 3812 1327 3878 profusis
1368 3818 1553 3882 opibus

486 3888 742 3953 ejusmodi
781 3889 930 3938 ludos
972 3890 1298 3942 instituerit:
1359 3895 1553 3961 alioqui

484 3979 584 4015 nec
612 3965 804 4029 populo
819 3972 996 4030 gratus
1011 3981 1109 4017 nec
1124 3969 1422 4032 amplissimi
1444 3987 1552 4021 ma-

485 4042 736 4108 gistratus
759 4057 1051 4107 personam,
1075 4051 1134 4095 ut
1156 4060 1253 4109 par
1276 4053 1378 4111 est,
1400 4049 1553 4098 susti-

486 4128 617 4168 nere
637 4118 932 4170 videbatur.

550 4193 574 4228 ¹¹
596 4196 817 4247 Duorum
836 4198 1018 4249 medius
1042 4198 1322 4262 Comulum]
1344 4200 1550 4265 Nempe

480 4270 720 4324 filiorum.
785 4272 993 4324 Primus
1014 4272 1155 4338 apud
1177 4274 1436 4326 Romanos
1475 4277 1551 4326 lo-

1650 2147 1751 2182 non
1775 2129 1860 2197 qui
1897 2132 2108 2197 saepius,
2140 2133 2234 2183 sed
2257 2134 2344 2198 qui
2366 2131 2508 2196 prius
2539 2131 2718 2182 fuerat

1652 2210 1862 2283 Consul,
1899 2210 2051 2260 alteri
2094 2209 2500 2273 praeferebatur:
2551 2224 2717 2274 quare

1652 2284 1905 2335 Boethius
1944 2300 2047 2334 non
2093 2286 2260 2335 solum
2304 2291 2363 2334 nt
2406 2290 2576 2349 pater,
2619 2285 2717 2335 sed

1648 2361 1804 2411 etiam
1844 2367 1903 2410 ut
1943 2361 2135 2411 Consul
2171 2360 2370 2410 medius
2402 2360 2589 2410 sedere
2619 2359 2715 2411 de·

1649 2437 1780 2489 buit.

1710 2515 1724 2549 ἰ
1753 2517 1950 2579 Asuvius,
1970 2517 2092 2580 quod
2111 2514 2234 2565 nulli
2261 2529 2466 2578 unquam
2494 2515 2714 2581 privato]

1647 2592 1834 2642 Nullus
1857 2592 2012 2654 enim,
2034 2591 2190 2640 etiam
2227 2592 2487 2655 princeps,
2510 2606 2571 2640 eo
2593 2591 2715 2641 feli-

1647 2668 1825 2718 citatis
1859 2668 2116 2732 pervenit,
2139 2674 2196 2717 ut
2219 2667 2401 2717 eodem
2426 2683 2562 2718 anno
2582 2669 2714 2719 duos

1644 2745 1797 2808 filios,
1819 2751 1977 2795 aetate
1991 2747 2145 2795 solita
2157 2746 2381 2795 nondum
2405 2752 2719 2810 provectos,

1647 2822 1924 2872 Consulum
1950 2821 2289 2886 dignitatibus
2322 2829 2530 2871 ornatos
2562 2822 2712 2873 vide·

1642 2906 1752 2948 ret:
1797 2898 2226 2964 quemadmodum
2266 2898 2400 2948 vidit
2435 2897 2711 2950 Boethius.

1640 2976 1791 3025 Vidit
1818 2976 2024 3042 quidem
2052 2977 2214 3024 Roma
2247 2975 2428 3024 eodem
2461 2989 2599 3025 anno
2633 2977 2708 3026 vi·

1642 3052 1835 3104 delicet
1856 3059 1971 3105 395.
2024 3053 2302 3118 Olybrium
2324 3060 2381 3103 et
2399 3052 2710 3118 Probinum,

1644 3127 1774 3178 duos
1798 3129 1959 3178 Probi
1980 3128 2131 3191 filios,
2152 3129 2202 3178 in
2235 3130 2507 3180 consulatu
2545 3131 2708 3180 colle-

1643 3220 1765 3269 gas:
1800 3205 1892 3255 sed
1915 3206 1968 3255 hi
2005 3219 2220 3270 puerum
2243 3212 2526 3255 exuerant:
2563 3199 2707 3257 unde

1642 3296 1907 3346 possumus
1941 3284 2228 3332 exclamare
2261 3297 2378 3332 cum
2418 3282 2707 3335 Claudiano

1640 3359 1815 3409 Carm.
1836 3374 1874 3409 1.
1898 3375 1974 3410 vs.
2003 3363 2086 3410 72.
2151 3360 2166 3388 ‘
2192 3359 2322 3410 Quis
2345 3359 2491 3409 Deus
2527 3361 2705 3412 ambo-

1636 3434 1735 3486 bus
1758 3436 1892 3486 tanti
1913 3437 1983 3487 sit
2006 3436 2233 3485 muneris
2258 3435 2484 3486 auctor?

1703 3510 1727 3545 ¹⁸
1752 3515 1994 3562 Calculum
2011 3511 2208 3576 ponere]
2261 3510 2504 3561 Calculus
2545 3527 2701 3576 gene-

1638 3591 1792 3640 ratim
1837 3591 2045 3653 lapillus
2086 3596 2199 3639 est:
2259 3588 2528 3651 speciatim
2573 3605 2700 3641 vero

1635 3668 1832 3731 signum
1859 3667 2199 3727 notissimum,
2214 3680 2316 3729 quo
2335 3671 2700 3730 computantes

1635 3744 1866 3794 utimur:
1917 3742 2038 3792 hinc
2075 3742 2276 3791 Plinius
2309 3741 2426 3803 jun.
2450 3740 2484 3789 l.
2509 3736 2574 3792 n.
2595 3745 2700 3807 Ep.

1633 3821 1802 3884 Epist.
1827 3823 1906 3871 14.
1962 3820 2048 3869 ‘in
2071 3817 2487 3881 conditionibus,’
2511 3819 2701 3884 inqui-t,

1636 3898 1928 3964 deligendis
1974 3896 2244 3964 ponendus
2288 3903 2372 3948 est
2409 3897 2643 3948 calculus
2665 3902 2700 3947 ε’

1631 3975 1900 4028 Juvenalis
1955 3975 2065 4026 Sat.
2114 3987 2196 4024 rx.
2264 3972 2539 4023 ‘Ponatur
2589 3975 2723 4027 cal·,

1632 4052 1796 4116 culus,
1850 4050 2024 4101 adsint
2083 4051 2214 4100 Cum
2271 4049 2454 4100 tabula
2511 4051 2697 4116 pueri.'

1631 4131 1763 4181 Cum
1815 4127 2028 4178 fortuna
2082 4126 2246 4190 igitur
2301 4127 2558 4177 calculum
2615 4129 2695 4177 di·

1630 4205 1767 4256 citur
1833 4218 2045 4268 ponere,
2101 4201 2191 4266 qui
2235 4200 2378 4252 facta
2437 4201 2689 4252 bonorum

1629 4281 1996 4345 malorumque>
2033 4293 2065 4329 a
2106 4275 2318 4330 fortuna
2349 4291 2413 4330 ac
2446 4284 2697 4351 eptorum·
