3049 4928
520 384 651 455 252

1230 405 1536 454 Bon-Tun
1586 405 1683 455 DE
1728 405 2035 456 CONSOL.

523 568 648 631 ego
698 550 782 615 de
846 548 1110 633 Regum
1158 550 1608 617 familiaribus
1664 551 2049 629 disseram,¹'
2089 569 2246 616 cum
2303 569 2509 633 regna
2565 550 2720 634 ipsa

520 656 722 717 tantae
754 652 1238 718 imbecillitatis
1268 655 1474 738 plena
1504 655 1969 732 demonstrem,
2022 673 2193 737 quos
2238 653 2507 737 quidem
2541 652 2722 733 regia

521 758 825 834 potestas
867 774 1057 839 saepe
1099 757 1481 834 incolumis,
1542 776 1732 840 saepe
1789 763 2018 821 autem
2063 757 2261 839 lapsa
2306 753 2719 838 prosternit?

522 859 710 924 Nero
740 857 1089 936 Senecam,
1117 859 1515 924 familiarem
1530 869 1559 908 ‘¹
1585 866 2205 945 praeceptoremque
2236 877 2452 934 suum,
2485 855 2578 919 ad
2601 853 2722 918 eli-

514 962 755 1045 -gendae
786 963 1023 1028 mortis
1051 962 1278 1048 coegit
1305 965 1666 1030 arbitrium.
1729 965 2191 1049 Papinianum,
2210 961 2327 1025 diu
2352 960 2525 1023 inter
2553 958 2720 1040 aulif

517 1083 639 1129 cos
669 1071 1039 1148 potentem,
1067 1065 1355 1131 militum
1382 1067 1627 1149 gladiis
1658 1064 2033 1133 Antoninus
2054 1072 2105 1105 ¹²
2124 1072 2146 1103 ‘
2174 1061 2444 1147 objecit.
2506 1059 2721 1144 Atqui

519 1173 801 1250 uterque
830 1169 1155 1251 potentiae
1202 1189 1344 1235 suae
1389 1171 1774 1235 renuntiare
1804 1170 2194 1236 voluerunt:
2238 1163 2557 1250 quorum‘
2599 1162 2718 1227 Se-

518 1287 691 1333 neca
717 1288 883 1351 opes
913 1272 1112 1334 etiam
1143 1290 1306 1337 suas
1338 1272 1603 1337 tradere
1650 1273 1928 1352 Neroni,
1978 1290 2185 1356 seque
2214 1271 2283 1335 in
2314 1270 2528 1333 otium
2562 1285 2716 1331 con·

518 1369 686 1434 ferre
715 1377 994 1436 conatus
1027 1381 1154 1438 est.
1243 1373 1376 1439 Sed
1425 1375 1585 1439 dum
1630 1376 1923 1441 ruituros
1953 1376 2201 1440 moles·
2242 1375 2452 1457 ipsam
2496 1369 2716 1447 trahit,

515 1476 765 1549 neuter,
794 1473 979 1556 quod
1007 1476 1243 1555 voluit,
1274 1476 1514 1542 effecit.
1605 1475 1782 1556 Quae
1830 1485 1934 1544 est
1980 1478 2180 1563 igitur
2225 1478 2359 1542 ista
2389 1472 2714 1560 potentia,

580 1682 597 1715 ¹
628 1685 763 1736 Inter
781 1702 894 1751 quos
913 1690 1104 1740 aulicos.

1263 1698 1303 1722 ’¹⁸
1334 1691 1636 1742 Diuitiarum
1652 1697 1699 1743 et
1716 1694 1982 1757 potestatis.

1516 1856 1730 1908 NOTAE

580 1989 607 2022 P
633 1983 763 2039 Quid
797 2000 884 2047 ego
922 1988 980 2036 de
1026 1987 1216 2050 Regum
1245 1988 1578 2049 familiaribus

512 2057 755 2122 disseram,
783 2063 888 2125 ξω]
935 2063 1135 2126 Regum
1171 2064 1445 2115 familiares
1466 2082 1574 2116 ma-

509 2136 679 2201 jorem
717 2139 908 2189 habere
952 2154 1054 2189 non
1092 2149 1308 2205 possunt
1345 2148 1575 2207 potesta-

519 2221 642 2276 tem,
690 2215 922 2280 adeoque
960 2215 1283 2280 felicitatem,
1321 2234 1472 2284 quam
1516 2221 1575 2279 ii,

514 2304 733 2353 quorum
754 2289 1034 2344 familiares
1071 2300 1208 2357 sunt,
1232 2296 1423 2360 Reges,
1446 2312 1573 2363 quo-

513 2382 624 2417 rnm
647 2374 839 2434 tamen,
872 2379 932 2422 ut
964 2373 1312 2439 probavimus,
1340 2382 1575 2440 potestas

512 2442 720 2495 infirma
735 2452 846 2498 est:
874 2447 1027 2501 immo
1044 2451 1463 2504 multominorem
1483 2453 1573 2505 ha·

512 2519 667 2571 bent:
715 2524 798 2572 vel
835 2525 970 2574 enim
995 2530 1137 2592 regia
1158 2537 1392 2592 potestas
1430 2530 1573 2591 inco-

510 2597 663 2648 lumis
685 2609 1007 2666 perseverat,
1028 2606 1110 2654 vel
1128 2606 1334 2657 labitur.
1357 2607 1412 2656 Si
1429 2608 1574 2657 laba-

511 2680 615 2737 tur,
635 2677 748 2727 haec
771 2679 970 2744 Regum
991 2679 1267 2734 familiares
1284 2699 1378 2734 sua
1398 2700 1575 2736 secum

508 2754 658 2804 ruina
679 2756 913 2809 involvit.
974 2759 1030 2809 Si
1068 2775 1192 2812 vero
1228 2770 1354 2826 stet,
1393 2765 1575 2815 eadem

508 2832 794 2895 praedictos
808 2833 1091 2887 familiares
1107 2853 1248 2903 soepe
1269 2842 1574 2904 prosternit.

506 2908 685 2959 Testis
726 2911 947 2976 Seneca,
1006 2918 1160 2965 testis
1215 2916 1573 2981 Papinianus:

508 2998 629 3036 nam

504 3072 511 3077 ’
572 3070 599 3106 ¹1
621 3063 755 3114 Nero
774 3064 1001 3117 Senecam
1007 3069 1327 3133 familiarem]
1353 3070 1370 3098 ‘
1390 3067 1571 3133 Nero,’

506 3139 678 3206 inquit
695 3143 990 3209 Suetonius,
1025 3147 1041 3175 ‘
1063 3147 1317 3197 Senecam
1338 3161 1571 3212 praecep-

508 3224 675 3268 torem
709 3220 979 3273 ad-necem
999 3223 1288 3288 compulit:
1339 3222 1572 3288 quamvis

511 3310 653 3360 soepe
695 3305 1034 3350 commeatum
1078 3300 1282 3366 petenti
1322 3301 1572 3366 bonisque

506 3372 715 3422 cedenti
757 3383 1032 3438 persancte
1061 3377 1312 3441 jurasset,
1357 3390 1571 3441 suspec-

504 3453 619 3497 tum
654 3464 711 3500 se
732 3448 946 3513 frustra,
973 3452 1358 3517 periturumque
1379 3456 1573 3518 potins,

508 3538 663 3589 quam
728 3525 1016 3576 nociturum
1078 3528 1162 3579 ei.'
1244 3531 1260 3557 ‘
1285 3530 1568 3595 Postquam

506 3601 644 3651 enim
709 3617 840 3651 unus
885 3616 952 3651 ex
1008 3604 1453 3670 Centurionibus‚'
1496 3609 1571 3658 ait

501 3676 744 3740 Tacitus,
775 3678 791 3706 ‘
816 3678 1177 3729 necessitatem
1210 3682 1437 3731 ultimam
1475 3683 1567 3734 Se-

504 3768 653 3805 necae
678 3755 1068 3807 denunciasset:
1118 3771 1285 3822 neque
1320 3760 1460 3810 aliud
1489 3762 1567 3811 in-

505 3830 623 3895 quit
643 3845 914 3894 superesse
936 3839 1058 3896 post
1079 3842 1297 3885 matrem
1324 3835 1566 3888 fratrem-

505 3920 608 3968 que
642 3904 966 3972 interfectos,
1004 3923 1157 3974 quam
1192 3918 1253 3961 ut-
1270 3912 1567 3965 educatoris

502 3983 945 4049 proeceptorisque
958 4001 1139 4037 necem
1156 3989 1428 4054 adjiceret:
1448 3997 1570 4056 post

501 4074 621 4125 quae
641 4062 845 4112 Seneca
875 4070 932 4115 et
953 4080 1081 4116 uxor
1101 4068 1216 4132 ejus
1251 4069 1433 4119 eodem
1456 4071 1568 4119 ictu

502 4137 717 4189 brachia
776 4137 917 4190 ferro
971 4143 1264 4194 exsolvunt.
1347 4145 1570 4207 Seneca,

504 4214 748 4278 quoniam
767 4218 927 4268 senile
949 4233 1157 4282 corpus,
1170 4226 1225 4269 et
1246 4234 1406 4284 parvo
1424 4222 1571 4271 victu

503 4295 789 4359 tenuatum,
812 4294 951 4349 lenta
968 4292 1157 4360 effugia
1172 4297 1407 4361 sanguini
1430 4311 1567 4362 prae·

1658 1989 1837 2053 bebat,
1875 2003 2085 2041 crurum
2129 2003 2336 2054 quoque
2369 1994 2427 2038 et
2460 1987 2711 2052 poplitum

1653 2081 1815 2117 venas
1838 2065 2134 2130 abrumpit.’

1720 2150 1742 2177 ἲ
1765 2144 2105 2210 Papinianum.
2122 2179 2136 2195 .
2150 2142 2463 2207 ..Antoniana
2499 2144 2709 2208 Papini-

1657 2236 1784 2271 anus
1797 2223 1971 2285 legum
1992 2221 2064 2270 ita
2087 2221 2304 2284 perituS,
2326 2227 2387 2270 ut
2401 2235 2581 2270 omnes
2596 2225 2713 2269 ante

1653 2299 1850 2362 pariter
1872 2305 1927 2348 et
1947 2303 2067 2362 post
2087 2313 2144 2347 se
2170 2299 2426 2348 Romanos
2447 2296 2482 2348 J
2488 2298 2712 2347 iuriscon-

1654 2375 1817 2426 snltos
1837 2388 2111 2438 superasse
2142 2374 2368 2425 dicatur.
2409 2374 2543 2424 -Hic
2582 2386 2712 2437 pra:-

1656 2460 1889 2520 terquam
1913 2453 2051 2519 quod
2090 2452 2358 2515 Scaevolae,
2394 2451 2541 2515 cujus
2563 2450 2713 2501 disci·

1656 2531 1805 2595 pulus
1825 2528 2014 2591 fuerat,
2037 2529 2088 2577 in
2102 2527 2447 2578 advocatione
2468 2527 2580 2578 fisci
2597 2540 2710 2579 suo-

1658 2607 1838 2669 cessit,
1857 2607 2051 2656 Severo
2083 2605 2382 2667 imperatori
2414 2618 2511 2668 per
2530 2617 2708 2653 secun-

1655 2685 1775 2734 dam
1805 2699 2021 2735 uxorem
2057 2682 2243 2745 affinis,
2283 2689 2339 2731 et
2374 2681 2547 2731 eidem
2582 2681 2709 2731 adeo

1655 2761 1923 2810 familiaris
1979 2767 2034 2810 et
2087 2760 2304 2823 amicus,
2364 2764 2421 2808 nt
2484 2758 2710 2809 Severus

1653 2837 1878 2887 moriens
1894 2836 2011 2885 huic
2033 2851 2149 2888 suos
2171 2836 2304 2885 filios
2323 2835 2712 2886 commendave-

1651 2914 1739 2963 rit.
1804 2913 1879 2963 At
1910 2912 2202 2963 Antoninus
2225 2915 2533 2977 cognomine
2557 2913 2710 2962 Cara-

1650 2989 1803 3052 calla,
1822 2990 1912 3054 qui
1934 2996 2054 3053 post
2082 2990 2332 3040 Severum
2363 2990 2531 3041 tenuit
2549 2991 2710 3054 impe-

1651 3067 1785 3116 rium
1819 3068 2124 3131 Romanum,
2163 3068 2333 3118 occiso
2356 3067 2499 3116 Geta
2521 3065 2710 3129 fratre,

1653 3142 1908 3208 praedicto
1941 3145 2230 3209 Papiniano
2262 3143 2586 3194 mandavisse
2608 3138 2711 3195 fer-

1652 3228 1755 3285 tur,
1788 3229 1847 3273 ut
1877 3224 1929 3272 in
1960 3223 2155 3273 Senatu
2187 3228 2244 3272 et
2283 3222 2419 3287 apud
2465 3223 2712 3286 populum

1652 3296 1851 3349 facinus
1885 3298 2133 3349 dilueret:
2171 3299 2490 3362 Papinianus
2523 3299 2713 3362 renuit,

1652 3383 1893 3427 causatus
1951 3375 2286 3440 parricidium
2328 3374 2539 3424 facilins
2578 3375 2714 3438 fieri,

1653 3469 1806 3519 quam
1828 3454 2021 3514 velari:
2055 3451 2296 3518 aliudque
2312 3467 2427 3502 esse
2448 3452 2715 3516 parricidii

1652 3544 1832 3594 genus,
1852 3544 2096 3581 accusare
2110 3531 2441 3580 innocentem
2457 3529 2712 3580 occisum:

1649 3608 1789 3674 quod
1813 3607 2133 3657 Antoninum
2150 3607 2436 3671 Papiniano
2456 3606 2711 3658 infestum

1649 3687 1784 3736 adeo
1803 3686 2040 3749 irritavit,
2063 3686 2197 3736 hunc
2221 3691 2283 3734 ut
2301 3685 2389 3734 ille
2411 3701 2442 3734 a
2460 3684 2712 3739 militibus

1647 3763 1817 3813 occidi
1849 3762 2215 3827 imperaverit:
2264 3762 2505 3826 gladione
2540 3775 2607 3810 an
2630 3775 2710 3811 se-

1646 3838 1779 3899 curi,
1799 3839 1942 3902 cujus
1973 3852 2128 3902 poena
2160 3837 2369 3902 gravior
2405 3837 2708 3901 ignominio-

1648 3918 1855 3983 siorque
1886 3923 2150 3978 censetur,
2190 3921 2455 3979 peractum
2489 3914 2710 3977 facinus,

1648 3994 1924 4044 incertum.
1994 3994 2112 4044 Non
2133 3994 2329 4044 dicitur
2349 3993 2432 4043 hic
2463 3991 2705 4043 interfec-

1648 4078 1754 4132 tus,
1775 4072 1869 4120 sed
1891 4076 2094 4120 tantum
2117 4070 2184 4119 ab
2205 4071 2221 4099 ‘
2249 4068 2518 4120 Antonino
2537 4070 2704 4135 objec-

1648 4154 1735 4197 tus
1756 4148 1977 4197 militum
1998 4145 2226 4210 gladiis!

1641 4238 1648 4247 ·
1713 4230 1734 4255 ⁸
1765 4220 1944 4284 Moles]
1968 4222 2087 4272 Hoc
2112 4227 2213 4284 est,
2231 4221 2413 4286 ingens
2435 4234 2556 4271 cum
2576 4210 2702 4271 divi.

1647 4299 1836 4353 tiarum
1871 4306 1981 4350 tum
2029 4299 2305 4363 potestatis
2344 4298 2571 4364 sarcina,
2589 4312 2701 4365 qua
