3049 4928
981 405 1500 461 PHILOSOPHIAE
1553 412 1695 463 [ΑΒ.
1743 411 1820 462 11.
2357 401 2485 470 211

293 560 480 621 ceret.
570 552 663 621 Et
707 553 913 622 maz*
953 554 1201 642 Atqui¹
1241 558 1374 623 hoc
1421 578 1630 624 unum
1673 558 1817 626 esth
1863 562 2041 646 quod
2088 571 2479 648 praestantes

292 658 552 742 quidem
580 666 825 725 natura
852 667 1134 739 mentes„
1187 660 1309 726 sed
1350 662 1648 727 nondum
1682 664 1769 728 ad
1800 669 2168 730 extremam
2214 685 2488 733 manum

293 763 608 829 virtutum
632 762 1040 848 perfectione
1071 763 1429 848 perductas
1450 776 1490 801 ”⁵
1534 765 1804 830 allicere
1831 767 2073 852 possit,
2095 768 2325 851 gloriae
2358 771 2489 835 sci·-

290 864 443 929 licet
468 865 746 951 cupido,
776 872 841 932 et
870 866 1274 952 optimorum
1301 868 1370 932 in
1403 867 1930 954 Rempublicam
1976 870 2163 936 fama
2208 875 2485 938 merito-

295 985 469 1033 rum:
515 987 675 1053 qnae
705 988 904 1054 quam
933 970 1026 1035 sit
1053 971 1256 1035 exilis
1304 976 1374 1036 et
1422 974 1630 1038 totius
1683 972 2000 1056 ponderis
2039 983 2342 1054 vacua,¹⁷
2388 978 2488 1041 sic

295 1070 665 1139 considera.
753 1063 1034 1138 Omnem
1079 1079 1277 1139 terrae
1327 1070 1747 1151 ambitum‚²⁸i
1793 1075 1996 1140 sicuti
2066 1077 2489 1161 astrologicis

295 1174 966 1242 demonstrationibus
988 1172 1362 1261 accepisti}
1391 1177 1481 1242 ad·
1501 1179 1664 1243 coeli
1694 1179 2042 1262 spatium,⁰
2071 1183 2309 1264 puncti
2336 1197 2491 1246 con-

293 1280 424 1341 stat
461 1278 761 1344 obtinere
804 1281 1167 1347 rationem:
1213 1280 1286 1344 id
1340 1287 1466 1359 est,
1518 1286 1594 1347 ut
1645 1283 1748 1347 si?
1792 1282 1879 1346 ad
1938 1283 2252 1347 coelestis
2314 1284 2495 1365 globi

290 1380 807 1462 magnitudinem
837 1384 1234 1462 conferatur,
1264 1382 1431 1447 nihil
1462 1384 1671 1468 spatii
1699 1371 1979 1467 p'rorsus
2025 1385 2270 1449 habere
2308 1384 2491 1467 judi-

354 1560 376 1594 *
410 1563 739 1628 Philosophia.

896 1565 913 1599 1
947 1566 1130 1630 Inquit.

294 1629 607 1691 scriptionem.

782 1639 804 1664 ⁰
836 1631 1236 1695 Magnitudinem.

1295 1573 1332 1599 η·
1370 1565 1593 1627 Perfecta
1624 1566 1801 1616 virtute
1820 1565 2069 1630 praeditas.
2214 1576 2240 1599 ⁷·
2278 1566 2496 1615 Circum-

1393 1640 1424 1673 Ρ
1463 1630 1626 1681 Terra.

1218 1758 1578 1786 eeeeeeueeee

355 1843 413 1890 17
455 1841 624 1891 Vacua
638 1842 860 1905 ponderis
880 1842 1003 1893 edd.
1025 1842 1223 1908 Delph.
1246 1842 1557 1893 Hack.—18
1590 1843 1825 1911 Uterque
1846 1843 2041 1894 Thuan.
2079 1850 2134 1895 et
2165 1844 2297 1909 Reg.
2332 1860 2437 1908 quoe
2470 1860 2501 1894 a

1296 1970 1506 2022 NOTAE

294 2065 444 2130 bona,
466 2073 526 2119 et
548 2067 846 2133 glorificent
875 2071 1089 2121 Patrem
1113 2075 1360 2133 vestrum,

294 2144 376 2208 qui
412 2145 468 2194 iu
502 2146 654 2197 cmlis
691 2147 823 2209 est3’
855 2155 1136 2213 propterea
1156 2149 1364 2212 putavit

1437 2084 1540 2119 nou
1578 2074 1774 2134 potest,
1810 2084 1960 2133 quam
1983 2067 2243 2117 homiuum
2260 2067 2334 2118 sic
2359 2068 2499 2132 cogi-

1437 2146 1676 2209 tantium,
1731 2144 2074 2210 loquentium,
2127 2151 2184 2194 et
2232 2145 2498 2208 agentium

295 2219 544 2271 Boethius
595 2223 693 2273 sibi
740 2223 1057 2288 ‘optandam
1097 2224 1363 2274 materiam

297 2299 531 2358 gerendis
557 2300 737 2364 rebus,
760 2315 827 2352 ne
852 2301 1015 2352 virtus
1048 2302 1210 2353 tacita
1238 2315 1362 2352 con-

293 2374 622 2424 senesceret?

351 2444 375 2479 ¹¹
410 2449 522 2500 Hoc
543 2456 793 2516 unumst,
808 2453 916 2518 tm]
944 2467 1007 2504 ιι.
1030 2451 1364 2520 PhilosophIa

296 2525 586 2586 respondet
597 2526 695 2576 hac
710 2526 849 2577 fama
866 2527 986 2578 duci
1007 2535 1228 2591 mentes,
1244 2544 1361 2594 quae

295 2608 477 2651 natura
503 2600 757 2652 videntur
790 2612 1067 2668 praestare,
1109 2603 1203 2653 sed
1245 2618 1361 2667 qnae

296 2676 535 2737 perfecta
590 2678 786 2729 virtute
839 2680 1068 2730 nondum
1123 2679 1362 2744 praeditoe

296 2760 429 2801 sunt.
496 2755 776 2805 Ptaestant
808 2757 1020 2822 quidem
1045 2763 1235 2807 natura
1256 2755 1360 2804 illm

293 2837 494 2880 mentes
515 2847 533 2880 t
573 2831 815 2897 qnoniam
843 2846 1137 2897 corporum,
1177 2830 1362 2896 quibus

297 2907 711 2973 conjungunt-nr,
766 2909 1015 2972 motibu8‚
1053 2909 1221 2958 instar
1273 2922 1363 2957 vo-

291 2982 656 3048 luptariam-nm,
699 2999 802 3036 non
845 2986 1221 3051 obsequuntur.
1287 2984 1364 3034 At

295 3059 726 3111 eaedem'mentes
747 3063 976 3112 nondum
999 3061 1240 3126 perfecta
1262 3061 1363 3110 vir-

292 3138 405 3185 tute
447 3141 579 3185 sunt
619 3137 893 3200 praedi‘tae:
936 3152 1057 3188 nam
1110 3138 1272 3187 Matt.
1312 3141 1362 3188 6.

292 3210 629 3276 ‘A'ttenditffi
650 3227 717 3263 ne
740 3213 1005 3278 justitiam
1029 3220 1257 3264 vestram
1283 3212 1360 3262 fa·

295 3286 440 3338 ciatis
463 3302 646 3338 coram
660 3290 973 3351 hominibus,
1001 3296 1063 3340 ut
1082 3289 1362 3340 videamini

297 3360 360 3412 ab
376 3363 477 3413 eis:
521 3364 756 3429 alioquin
778 3365 1074 3416 mercedem
1092 3381 1194 3416 nou
1209 3366 1363 3415 habe-

296 3437 419 3488 bitis
466 3441 613 3504 apn‘d
647 3442 865 3491 Patrem
902 3453 1152 3507 vestrum,
1191 3442 1364 3508 quiin

299 3517 440 3565 coelis
465 3517 608 3567 est:'
637 3518 777 3568 uude
811 3517 1095 3584 Apostolus
1136 3519 1203 3568 ad
1242 3518 1362 3568 Gal.

290 3602 337 3640 ἰ.
398 3594 497 3642 ‘Si
530 3593 702 3645 adhuc
740 3595 1032 3644 hominibus
1079 3597 1362 3660 placerem,

296 3667 496 3720 Christi
519 3684 701 3720 servus
723 3685 828 3721 non
849 3672 1059 3723 essem?

359 3743 374 3777 ¹
407 3747 614 3797 Omnem
650 3753 801 3798 terre
840 3749 1087 3811 ambitum,
1127 3750 1234 3814 ξω]
1270 3762 1361 3798 ur.

300 3818 639 3885 Philosophia
664 3823 834 3888 acl-dit,
847 3824 1037 3874 famam
1060 3826 1192 3875 hane
1212 3824 1365 3874 flocci

296 3891 602 3945 faciendam
659 3912 773 3947 esse
825 3907 1045 3962 propter
1096 3899 1365 3950 breviores

299 3969 421 4034 loci,
442 3986 546 4038 quo
568 3975 830 4024 contineri
866 3975 1052 4038 possit,
1085 3975 1367 4038 august-ias.

303 4046 558 4099 Nimirum
574 4065 692 4100 enrn
705 4049 846 4100 fama
858 4051 972 4100 haee
982 4051 1115 4100 nibil
1126 4052 1196 4100 sit
1211 4050 1370 4114 aliud,

304 4137 457 4187 quam
496 4128 698 4191 optima
720 4127 933 4177 alterius
953 4127 1168 4177 hominis
1189 4128 1245 4176 in
1278 4134 1371 4177 tua

302 4203 490 4253 merita
532 4205 805 4269 cogitatio,
842 4203 1023 4267 dictio,
1066 4210 1157 4253 aut
1204 4204 1373 4264 actio;

307 4285 590 4339 propterea
634 4278 781 4331 fama
812 4280 925 4332 lraec
958 4281 1131 4335 latius
1154 4279 1372 4332 diffundi

1437 2236 1621 2286 genus.
1686 2221 1853 2287 Atqui
1892 2221 2020 2270 illud
2052 2220 2309 2270 homiuum
2332 2235 2496 2284 genus

1437 2297 1816 2363 angustissimis
1855 2303 2157 2347 coarctatur
2191 2296 2291 2346 loci
2323 2297 2501 2347 limiti-

1438 2375 1561 2426 bus:
1596 2390 1701 2425 non
1724 2374 1861 2424 enim
1883 2372 2195 2424 diffunditur
2215 2375 2356 2425 ultra
2396 2380 2502 2423 ter-

1440 2463 1569 2517 ram,
1606 2469 1724 2518 quae
1764 2451 1958 2503 collata
1996 2468 2112 2502 cum
2164 2453 2295 2502 coelo
2340 2452 2502 2502 instar

1439 2531 1623 2595 puncti
1648 2537 1760 2580 est:
1794 2544 1897 2579 non
1921 2530 2058 2578 ultra
2077 2535 2272 2578 terram
2301 2529 2503 2579 habita-

1439 2605 1617 2668 bilem,
1647 2620 1761 2670 quae
1786 2611 1869 2654 est
1891 2610 2077 2669 quarta
2097 2604 2356 2653 duntaxat
2381 2619 2502 2667 pars

1436 2681 1573 2730 illins
1616 2681 1824 2744 puncti:
1861 2694 1965 2729 nou
1999 2681 2133 2729 ultra
2187 2694 2303 2729 eam
2349 2681 2514 2742 hujus

1437 2762 1640 2821 quartae
1683 2762 1907 2820 partem,
1940 2757 1993 2804 in
2019 2770 2122 2820 qua
2143 2770 2313 2805 mores
2335 2755 2504 2806 nostri

1436 2833 1643 2896 vigent:
1684 2847 1790 2882 non
1831 2831 2055 2896 denique
2095 2833 2230 2882 ultra
2260 2845 2372 2882 eam
2395 2848 2504 2883 mo·

1437 2923 1549 2960 rum
1572 2915 1865 2959 nostrorum
1901 2909 2213 2972 portionem,
2246 2908 2310 2958 ad
2347 2924 2503 2974 quam

1437 2994 1581 3038 tuum
1605 3000 1790 3036 nomeu
1827 2992 2020 3050 tuaque
2042 2985 2229 3035 merita
2254 3000 2505 3050 pervene-

1436 3065 1563 3129 rint,
1587 3078 1702 3128 quae
1719 3076 1872 3128 quam
1897 3063 1966 3113 sit
1983 3061 2177 3126 exigua
2194 3077 2261 3112 ex
2278 3077 2342 3112 eo
2361 3069 2506 3126 pote·

1439 3143 1511 3191 ris
1536 3140 1824 3206 conjicere,
1849 3138 1989 3204 qiiud
2015 3138 2183 3203 ipsum
2218 3140 2504 3188 Romanum

1438 3230 1646 3281 nomeu,
1678 3217 1818 3280 quod
1850 3224 2024 3266 tamen
2048 3217 2206 3280 louge
2239 3221 2329 3265 tuo
2366 3215 2505 3265 cele-

1438 3296 1584 3346 brius
1608 3302 1711 3356 est,
1734 3294 1969 3358 pluribus
1988 3293 2219 3357 ignotum
2236 3293 2323 3355 sit,
2352 3305 2505 3356 quam

1437 3379 1620 3422 uotum
1661 3368 1919 3435 ejusmoni
1955 3375 2111 3418 terrae
2147 3367 2507 3430 portionibus:

1439 3462 1558 3512 quae
1583 3445 1791 3511 quidem
1810 3445 1979 3495 omnia
1991 3458 2220 3495 seorsum
2237 3442 2507 3508 probanda

1440 3530 1586 3573 sunt.

1504 3597 1531 3631 Β
1562 3597 1882 3659 Astrologicis
1913 3593 2395 3646 monstrationibus
2428 3609 2508 3642 ac-

1439 3673 1629 3737 cepisti]
1681 3672 1915 3723 Primum
1959 3671 2170 3736 quidem
2215 3670 2399 3734 globus
2439 3682 2506 3716 ex

1440 3757 1586 3799 terra
1630 3756 1686 3800 et
1730 3764 1865 3815 aqua
1907 3755 2171 3809 constans,
2219 3759 2322 3795 non
2352 3743 2508 3794 modo

1440 3841 1559 3876 cum
1594 3832 1826 3875 extrema
1846 3835 1937 3873 ora
1971 3838 2032 3872 ac
2070 3821 2508 3871 determinatione

1441 3902 1582 3963 coeli,
1615 3900 1710 3950 sed
1733 3900 1892 3950 etiam
1912 3913 2030 3948 cnm
2060 3898 2151 3947 illo
2183 3897 2403 3955 coelesti,
2422 3897 2507 3947 cui

1440 3978 1610 4027 steuae
1648 3976 1768 4026 fixae
1801 3975 2051 4025 inhaerere
2087 3974 2243 4037 vulgo
2272 3975 2505 4036 cogitau-

1443 4060 1550 4116 tur,
1579 4053 1709 4103 orbe
1748 4053 1971 4102 collatus
2015 4051 2180 4100 instar
2220 4048 2400 4112 puncti
2439 4045 2505 4094 ad

1442 4143 1652 4179 sensum
1669 4143 1725 4178 se
1748 4128 1937 4178 habet:
1972 4127 2096 4191 quia
2108 4138 2226 4175 cum
2244 4129 2507 4187 punctum,

1446 4212 1662 4255 auctore
1689 4204 1929 4265 Euclide,
1962 4203 2168 4251 dicatur
2185 4197 2331 4257 iliud,
2356 4194 2505 4257 cujus

1444 4296 1565 4345 pars
1604 4281 1746 4331 nulla
1778 4286 1880 4345 est,
1911 4279 2028 4327 ideo
2062 4276 2147 4325 ille
2170 4274 2308 4324 orbis
2340 4272 2507 4322 instar
