3049 4928
535 375 666 442 114
1231 388 1541 442 sosrnu
1592 388 1691 437 on
1740 386 2050 436 conson.

537 538 725 616 moti:
758 542 959 621 atque
989 535 1360 602 indefensi'
1402 533 1490 599 ob
1526 532 1816 598 studium
1847 532 2261 617 propensius
2290 532 2363 596 in
2404 530 2740 609 Senatum,

535 641 757 720 morti,
783 640 1424 726 proscriptionique‘
1471 636 1882 702 damnamur.
1975 637 2035 701 Ο
2069 638 2366 713 meritoS,
2411 635 2516 699 ‘de
2540 635 2739 699 simili

542 747 818 811 crimine
856 746 1183 831 neminem
1223 763 1426 829 posse
1456 743 1770 807 convinci
1795 743 1849 805 l:
1880 739 2071 825 cujus
2102 740 2496 822 dignitatem
2526 744 2744 802 reatus

543 849 681 933 ipsi
732 851 932 914 etiam
985 849 1105 933 qui
1136 847 1424 912 detulere
1462 846 1806 912 viderunt:
1853 864 2056 929 quam
2087 844 2186 908 uti
2215 840 2504 926 alicujus
2538 840 2745 905 scele-
2786 905 2787 908 ,

547 954 640 1018 ris
672 952 1069 1018 admistione
1096 951 1455 1031 fuscarent,
1502 950 1591 1016 ob
1617 950 1939 1015 ambitum
1967 947 2317 1030 dignitatis
2364 941 2750 1027 sacrilegio‘

606 1166 630 1194 ἲ
660 1159 738 1208 Ab
759 1159 824 1209 iis
832 1158 1091 1221 judicibus,
1110 1175 1141 1208 α
1162 1158 1325 1222 quibus
1347 1160 1643 1208 damnamur.
1826 1165 1846 1190 ⁸
1883 1157 1928 1205 Ο
1950 1155 2102 1206 nostri
2114 1154 2332 1216 judices:
2365 1153 2524 1201 nulltcs
2545 1154 2751 1199 vestrum

538 1229 696 1288 potest
724 1226 936 1274 convinci
966 1224 1115 1274 simili
1146 1225 1372 1279 crimine:
1406 1226 1527 1288 quod
1561 1221 1789 1272 nimirum
1811 1222 1932 1285 ipsis
1965 1222 2110 1271 etium
2149 1218 2436 1269 delatoribus
2467 1217 2651 1268 nullum
2682 1215 2754 1263 ita

544 1291 753 1354 videtur,
787 1291 906 1340 illud
939 1295 991 1339 ut
1012 1290 1137 1356 ficto
1160 1289 1402 1352 sacrilegii
1420 1291 1593 1339 scelere
1615 1289 1848 1337 torcatum
1864 1300 2122 1353 proponere
2142 1284 2427 1335 studuerint.

1546 1435 1760 1487 No'rAE

549 1574 767 1637 gumias,
801 1574 1212 1641 audiendusque,
1260 1575 1397 1640 quod
1443 1581 1613 1623 tamen

547 1648 772 1701 Boethio
798 1658 1047 1714 negatur:
1085 1666 1251 1717 nsque
1274 1652 1405 1701 adeo
1427 1651 1617 1716 injusta

550 1736 633 1778 est
656 1744 737 1791 ea,
769 1744 869 1794 qua
891 1728 1134 1795 afficitur,
1154 1745 1322 1796 poena.

619 1812 644 1845 ¹1
675 1804 965 1866 Quingentis
984 1806 1097 1865 fere
1129 1823 1351 1871 menum
1386 1806 1616 1870 millibus]

554 1882 782 1930 Tantum
805 1881 873 1930 ab
895 1881 1024 1931 urbe
1046 1882 1099 1931 in
1124 1897 1227 1947 qua
1243 1883 1514 1933 damnatus
1537 1891 1620 1933 est

556 1957 807 2007 Boethius
831 1958 1062 2009 distabat
1076 1959 1331 2025 Ticinum,
1351 1955 1443 2010 ubi
1478 1960 1619 2010 idem

553 2035 806 2086 Boethius
845 2037 1074 2086 inclusus
1110 2037 1459 2087 detinebatur.
1524 2039 1622 2088 Est

559 2118 735 2162 autem
800 2113 1037 2163 Ticinum
1095 2114 1354 2164 Insubriae
1420 2113 1625 2178 civitas,

560 2204 711 2254 qnam
754 2190 1071 2241 recentiores
1107 2193 1315 2255 Papiam
1355 2197 1565 2254 vocant,
1596 2206 1628 2241 a

556 2266 739 2315 Ticino
782 2265 940 2318 fluvio
981 2268 1388 2333 praeterlabente
1438 2283 1627 2319 nomen

560 2339 775 2393 habens.
1572 2384 1579 2390 ·
1620 2359 1625 2364 ’

629 2426 649 2452 ¹
672 2422 849 2485 Morti,
866 2423 1316 2490 proscriptionique]
1354 2426 1626 2490 Proscrip-

564 2499 639 2548 tio
659 2499 884 2565 duplicis
907 2505 1113 2566 generis
1134 2505 1290 2555 etiam
1315 2506 1453 2570 apud
1477 2505 1628 2555 Cice·

570 2591 767 2627 ronem.
802 2578 923 2629 Alia
946 2586 1026 2630 est
1048 2583 1368 2648 proscriptio
1390 2580 1628 2644 ‘rerum‚’

568 2661 822 2718 quatenus
863 2657 965 2719 bat,
1016 2659 1278 2722 inscriptis
1325 2658 1632 2724 quibusdam

570 2730 782 2795 tabulis,
835 2733 1044 2783 venales
1088 2734 1461 2798 significantur.
1543 2739 1632 2788 Sic

572 2805 774 2857 Tullius
813 2824 907 2872 pro
950 2811 1140 2862 Flacco
1184 2812 1322 2863 dixit
1364 2814 1381 2842 ‘
1412 2815 1635 2879 proedio·

570 2897 683 2931 rum
704 2886 1148 2950 proscriptiones!
1183 2888 1305 2938 Alia
1326 2890 1637 2954 proscriptio

573 2958 588 2986 ‘
610 2961 981 3024 personarum,'
1002 2970 1254 3028 quatenus
1275 2966 1354 3015 bae
1377 2967 1640 3030 scriptura

572 3036 623 3086 in
649 3036 857 3086 exilium
878 3038 954 3088 ita
976 3042 1295 3106 relegantur,
1326 3049 1387 3093 ut
1407 3043 1490 3092 hic
1521 3049 1637 3093 tuta

572 3126 677 3161 non
701 3114 770 3163 sit
806 3128 980 3165 earum
1003 3118 1171 3167 salus:
1210 3120 1285 3169 sic
1324 3119 1463 3170 idem
1501 3121 1636 3172 Tull.

574 3204 670 3252 pro
713 3192 864 3242 Rosc.
912 3195 927 3221 ‘
969 3196 1190 3260 cavete‚'
1239 3198 1425 3262 inquit,
1482 3200 1499 3228 ‘
1541 3213 1638 3263 per

574 3267 718 3317 Deos
750 3269 1086 3338 immortales,
1117 3288 1183 3324 ue
1218 3290 1353 3325 nova
1388 3283 1443 3326 et
1475 3277 1640 3326 multo

575 3344 836 3396 crudelior
859 3363 955 3413 per
976 3365 1067 3400 vos
1104 3352 1416 3417 proscriptio
1444 3354 1641 3404 instau-

577 3429 695 3472 rata
717 3426 1132 3478 essetvideaturss
1203 3431 1333 3481 Cum
1364 3438 1534 3480 autem
1557 3431 1645 3480 hic

576 3499 828 3550 Boethius
863 3503 880 3532 ‘
902 3505 1084 3554 mortis
1118 3506 1644 3573 proscriptionisque’

578 3579 893 3641 meminerit,
939 3580 1139 3631 idcirco
1190 3583 1397 3634 locutus
1440 3586 1649 3635 videtur

580 3651 646 3702 de
668 3654 850 3706 ultimo
883 3656 982 3706 hoc
1016 3659 1412 3723 proscriptionis
1436 3676 1644 3725 genere.

580 3730 663 3777 Ex
698 3746 799 3794 quo
822 3738 973 3795 patet
996 3735 1285 3785 Ennodium
1317 3737 1370 3787 in
1404 3736 1647 3803 Panegy-

583 3804 696 3854 rico
716 3807 873 3870 Regis
888 3809 1217 3874 Theodorici‚
1233 3813 1459 3863 oratorie
1483 3815 1647 3877 magis

583 3881 716 3943 haic,
736 3899 889 3948 quam
912 3901 1035 3936 vere
1058 3887 1283 3938 dixisse:
1320 3892 1335 3921 ‘
1363 3891 1550 3941 Nullus
1570 3893 1644 3941 in-

583 3959 853 4009 commoda
875 3963 1264 4028 proscriptionis
1288 3966 1616 4031 ingemiscit?

656 4045 675 4069 ⁸
711 4040 757 4087 Ο
778 4040 994 4104 meritos,
1025 4045 1083 4092 de
1112 4043 1263 4092 simili
1284 4038 1480 4096 criniine
1500 4046 1648 4095 nemi-

584 4131 693 4166 nem
733 4131 868 4180 posse
889 4118 1126 4182 convinci]
1175 4121 1339 4172 Quasi
1386 4122 1563 4172 dicat‘:
1601 4122 1649 4174 Ο

584 4195 862 4245 Senatores
877 4197 1024 4260 hujus
1043 4197 1094 4245 in
1119 4211 1210 4246 nos
1235 4198 1357 4259 latae
1376 4200 1652 4255 sententiae

588 4272 843 4337 conscios,
878 4273 994 4340 (vos
1019 4274 1155 4324 euim
1185 4274 1298 4340 jam
1320 4284 1496 4328 nostra
1512 4276 1654 4327 scom-

1698 1574 1862 1637 pellat
1874 1572 2123 1636 oratio,)o
2145 1572 2358 1622 meritos
2379 1570 2637 1620 neminem
2653 1583 2762 1619 ves·

1698 1661 1834 1703 trum
1876 1667 2024 1715 posse
2064 1651 2300 1701 convinci
2330 1649 2481 1698 simili
2514 1648 2760 1707 crimine3

1699 1728 1836 1795 quod
1858 1728 2095 1777 nimirum
2130 1728 2146 1756 ‘
2171 1715 2497 1792 propensius'
2519 1723 2764 1773 habuerit

1702 1808 1717 1835 ‘
1737 1805 1960 1856 studium
1986 1806 2039 1856 in
2061 1804 2358 1856 senatumz’
2389 1818 2490 1869 quo
2512 1802 2642 1851 nihil
2660 1802 2762 1849 ele-

1699 1884 1905 1949 gantius
1928 1897 2044 1932 esse
2068 1882 2233 1946 possit
2258 1881 2322 1930 ad
2347 1877 2765 1943 exaggerandam

1700 1959 1839 2009 hinc
1859 1958 2336 2023 magnanimitatem
2381 1954 2613 2017 Bo'e‘thii,
2641 1952 2764 2003 inde

1702 2037 1929 2088 omnium
1950 2038 2258 2087 Senatorum
2281 2034 2557 2099 ignaviam.

1771 2114 1789 2146 t
1822 2113 1898 2181 Ob
1934 2112 2163 2162 ambitum
2199 2110 2460 2172 dignitatis
2493 2105 2769 2170 sacrilegio]

1708 2193 1964 2245 Quartum
1987 2189 2195 2240 Boethii
2228 2188 2424 2238 crimen
2459 2192 2539 2235 est
2574 2187 2589 2213 ‘
2614 2184 2772 2233 sacri-

1709 2268 1896 2331 legium
1910 2266 1943 2317 :’
1965 2266 2055 2316 sed
2080 2267 2137 2315 in
2155 2279 2257 2331 quo
2281 2268 2518 2314 versetur
2536 2261 2636 2311 hoc
2658 2260 2674 2288 ‘
2696 2275 2775 2310 sa-

1618 2365 1619 2368 *
1711 2343 2018 2409 crilegium‚'
2051 2358 2155 2392 non
2199 2343 2273 2393 ita
2312 2338 2637 2390 manifestum
2678 2346 2778 2387 est.

1714 2423 1947 2475 Gallicus
2008 2420 2218 2472 'Boethii
2290 2418 2550 2482 interpres
2610 2416 2669 2464 de
2729 2416 2777 2464 Ia

1710 2501 1978 2552 Boucherie
1999 2499 2053 2549 id
2080 2497 2189 2547 vitii
2213 2496 2266 2545 in
2296 2496 2396 2544 hoc
2418 2492 2617 2543 versari
2641 2491 2776 2541 arbi-

1711 2586 1899 2640 tratur,
1909 2577 2047 2643 quod
2062 2574 2315 2634 Boethius
2336 2568 2581 2632 suffragia
2597 2567 2663 2617 ad
2679 2582 2780 2617 ma-

1713 2656 1990 2720 gistratum
2032 2648 2450 2716 consequendum
2488 2645 2783 2695 necessaria

1715 2735 1834 2784 dolo
1877 2733 1975 2784 sibi
2016 2729 2390 2785 conciliaverit,
2425 2725 2562 2792 quod
2601 2725 2779 2775 Latini

1716 2813 1733 2840 ‘
1776 2810 1972 2860 crimen
2017 2805 2273 2868 ambitus‚'
2326 2820 2356 2854 a
2410 2802 2781 2854 circumeundo

1717 2885 2180 2951 supplicandoque‚
2201 2881 2371 2938 Graeci
2389 2877 2677 2942 canonos-iar
2699 2890 2786 2927 vo*-

1720 2971 1878 3026 cant;
1909 2961 2153 3027 quodque
2175 2959 2292 3009 latis
2315 2958 2513 3021 legibus
2534 2956 2785 3020 punieba-

1716 3047 1821 3091 tur.
1888 3039 1996 3088 Alii
2033 3052 2178 3101 vero,
2213 3043 2273 3087 ut
2322 3036 2542 3084 Thomas
2591 3040 2648 3083 et
2685 3031 2783 3081 Asa

1718 3117 1944 3181 censius,
1962 3115 2016 3165 id
2036 3114 2219 3164 vitium
2238 3119 2427 3178 putant
2448 3109 2626 3172 fuisse,
2648 3108 2787 3175 quod

1719 3196 1878 3258 vulgo
1923 3193 2142 3243 dicimus
2195 3192 2212 3220 ‘
2261 3186 2620 3253 sortilegium,’
2684 3201 2785 3252 quo

1720 3273 1928 3323 nomine
1969 3270 2178 3321 videtur
2222 3268 2302 3319 uti
2338 3268 2453 3332 ipse
2505 3264 2716 3315 Plinius
2754 3266 2790 3315 Ι.

1725 3365 1927 3402 xxvur.
1967 3365 2013 3400 c.
2051 3353 2100 3399 4.
2134 3346 2200 3396 ad
2240 3341 2604 3410 significandas
2643 3356 2791 3406 quas·

1725 3429 1847 3478 dam
1902 3427 2129 3490 magicas
2171 3421 2600 3486 superstitiones:
2649 3418 2789 3467 unde

1725 3504 1863 3554 forte
1901 3517 1997 3567 pro
2031 3500 2285 3561 sacrilegio
2317 3497 2616 3561 legendum,
2648 3494 2790 3545 sorti-

1728 3582 1880 3643 legio:
1916 3594 2032 3645 quae
2057 3577 2265 3643 quidem
2290 3575 2466 3641 opinio
2482 3574 2560 3622 his
2579 3572 2792 3622 rationi-

1730 3657 1826 3707 bus
1847 3653 2141 3706 confirmari
2179 3658 2376 3717 potest.
2409 3657 2456 3702 1.
2489 3650 2628 3699 euim
2665 3648 2792 3712 ipsis

1728 3734 1940 3784 Boethii
1959 3730 2298 3796 temporibus,
2317 3730 2404 3795 qui
2421 3735 2536 3778 arte
2554 3727 2797 3792 quadam,

1729 3817 1790 3862 ut
1811 3810 2094 3875 praestabat
2129 3807 2398 3868 BoethiuS,
2431 3805 2622 3856 ceteris
2661 3818 2795 3869 prae·

1729 3896 1868 3940 stare
1911 3887 2242 3950 videbantur,
2278 3884 2334 3934 hi
2371 3898 2473 3934 non
2512 3896 2631 3932 raro
2672 3883 2795 3931 artis

1729 3966 1943 4028 magicae
1966 3964 2372 4014 accusabantur:
2408 3961 2560 4013 testis
2593 3959 2798 4010 Cassio·

1732 4045 1888 4094 dorus
1915 4045 1951 4094 l.
1985 4058 2062 4093 xv.
2099 4044 2220 4093 Var.
2246 4044 2345 4107 Ep.
2368 4046 2452 4092 22.
2490 4045 2546 4090 et
2591 4043 2674 4089 23.
2707 4037 2794 4088 ubi

1732 4121 1916 4170 Basilii
1949 4127 2006 4170 et
2036 4118 2535 4185 Praetextati-hujus
2569 4114 2798 4166 criminis
2857 4113 2861 4117 “

1736 4206 2092 4250 accusatorum
2126 4214 2280 4249 causa
2319 4198 2559 4263 quinque
2581 4194 2796 4246 Senato-

1737 4291 1847 4328 rum
1863 4276 2062 4341 judicio
2086 4266 2566 4338 commit‘titurstut
2582 4288 2682 4323 nec
2707 4287 2794 4337 op-
