3049 4928
603 344 932 393 BOETHM·
961 346 1058 390 DE
1106 343 1412 391 CONSOL.

318 487 528 553 Thyest.
553 502 627 537 vs.
642 493 758 538 906.
792 489 807 516 ‘
828 488 1118 552 Resupinus
1135 489 1248 551 ipse
1266 502 1383 550 pur·

319 580 450 629 pura
471 571 629 628 atque
653 578 780 613 auro
811 562 1063 613 incubat.’
1124 564 1187 612 In
1223 564 1383 613 Herc.

321 642 441 690 Fur.
472 657 551 690 vs.
571 644 687 690 646.
718 641 733 667 ‘
754 639 931 689 Aurea
958 646 1202 703 rumpunt
1242 647 1383 690 tecta

318 718 568 783 quietem,
610 719 904 782 vigilesque
955 718 1111 767 trahit
1152 733 1383 781 purpura

319 795 542 845 noctes.’
593 795 725 845 Min.
771 795 947 843 Felix:
1000 796 1015 822 ‘
1042 794 1288 844 Fascibus
1327 804 1381 843 et

319 872 559 936 purpuris
579 871 848 936 gloriaris?
874 886 1032 920 vanus
1055 885 1200 920 error
1223 871 1381 920 homi·

319 948 396 996 nis
420 955 475 999 et
499 948 665 997 inanis
684 950 850 997 cultus
874 947 1163 1010 dignitatiS‚
1180 946 1381 1010 fulgere

318 1040 575 1089 purpura,
599 1032 770 1073 mente
788 1023 1127 1073 sordescere!
1162 1024 1313 1074 Idem.

383 1102 557 1164 Septos
603 1102 823 1150 tristibus
864 1100 1033 1163 armis]
1097 1101 1283 1152 Senec.
1327 1102 1380 1150 in

319 1178 486 1229 Herc.
511 1180 618 1228 OEt.
640 1194 713 1227 vs.
738 1182 854 1228 604.
889 1181 903 1204 ‘
920 1179 999 1227 Tu
1017 1177 1306 1245 quicunque
1324 1194 1380 1229 es

317 1258 407 1321 qui
417 1263 631 1321 sceptra
651 1254 979 1318 tenes,Licet
998 1270 1148 1305 omne
1164 1263 1252 1306 tua
1270 1257 1380 1306 vul-

316 1349 413 1399 gus
452 1335 506 1383 in
542 1334 659 1383 aula
699 1333 922 1383 Centum
968 1333 1167 1396 pariter
1204 1334 1380 1386 limina

316 1412 513 1475 pulset,
537 1411 666 1460 Cum
692 1418 770 1460 tot
793 1410 997 1474 populis
1031 1410 1253 1475 stipatus
1275 1427 1381 1475 eas,

315 1487 380 1536 In
426 1494 506 1540 tot
543 1487 745 1552 populis
789 1488 875 1535 vix
914 1502 1014 1536 uua
1048 1486 1215 1539 fides.’
1249 1490 1380 1538 Min.

315 1564 503 1614 Felix:
545 1566 695 1613 ‘Rex
735 1564 827 1612 es?
863 1570 969 1614 tam
1009 1564 1181 1626 times,
1223 1580 1378 1630 quam

314 1642 549 1692 timeris:
584 1648 639 1691 et
672 1641 959 1706 quamlibet
992 1642 1059 1691 sis
1092 1643 1376 1696 multoco-

313 1720 501 1768 mitatu
525 1719 767 1783 stipatus,
791 1718 855 1767 ad
895 1720 1180 1782 periculum
1204 1727 1376 1772 tamen

313 1797 453 1845 solus
476 1795 568 1847 es.'
593 1797 750 1846 Idem.

383 1875 491 1922 Ore>
514 1879 646 1924 torvo
674 1872 1031 1935 comminantes]
1066 1874 1220 1925 Silius
1241 1875 1375 1927 libro

314 1965 375 2001 ιι.
411 1953 426 1979 ‘
448 1952 682 2015 Namque
723 1952 904 2001 aderat
929 1959 1042 2001 toto
1082 1967 1170 2002 ore
1200 1952 1375 2004 ferens

299 2028 521 2091 ¹irasque
545 2027 807 2091 minasque
832 2027 1131 2079 Hannibal.'
1181 2029 1331 2080 Idem.

379 2104 533 2154 Raln'e
569 2105 724 2153 cordis
743 2105 954 2168 anhelos]
990 2105 1245 2156 Prudent.
1271 2107 1373 2156 Pe·

312 2182 536 2246 risteph.
560 2182 755 2245 Hymn.
775 2188 823 2233 2.
858 2185 873 2211 ‘
894 2184 1035 2235 Quid
1061 2184 1147 2232 ille
1168 2183 1371 2234 fervens

312 2260 732 2326 ambituSitique
764 2262 969 2310 honoris
990 2269 1212 2314 oestuans
1233 2264 1374 2311 Mer-

308 2338 447 2387 sisne
492 2340 703 2389 anhelat
744 2338 978 2388 febribus
1024 2338 1197 2403 Atque
1251 2340 1373 2405 igne

314 2430 561 2464 venarum
585 2414 748 2466 furit!
780 2417 934 2466 Idem.

376 2494 622 2544 Detrahat
642 2495 685 2542 si
707 2495 811 2558 quis
832 2494 1067 2557 superbis]
1100 2495 1284 2544 Senec.
1320 2498 1375 2544 in

309 2569 496 2633 Agam.
518 2586 591 2618 vs.
616 2575 728 2622 881.
751 2573 1075 2622 ‘Detrahere
1099 2572 1270 2621 cultus
1287 2588 1374 2621 ux-

309 2662 370 2695 or
417 2648 628 2696 hostiles
678 2648 869 2711 jubet!
915 2649 1219 2697 Tertullian.
1288 2650 1374 2698 De

307 2723 568 2786 virginib.
595 2724 850 2774 velandis:
888 2725 903 2752 ‘
921 2725 969 2775 Ο
986 2725 1252 2787 sacrilegae
1270 2739 1373 2774 ma-

307 2802 437 2850 nus!
478 2814 595 2862 quae
632 2802 750 2850 Deo
772 2802 998 2851 dicatum
1029 2802 1257 2852 habitum
1283 2802 1371 2851 de-

303 2878 512 2928 trahere
536 2878 852 2941 potnerunt.'
896 2879 1048 2929 Idem.

376 2954 627 3017 Tegmina]
662 2956 849 3004 Senec.
889 2956 939 3003 in
990 2956 1177 3005 Troad.
1224 2971 1371 3006 versu

307 3036 425 3081 2⁷0.
480 3034 625 3094 ‘Ego
671 3047 787 3085 csse
828 3033 1099 3098 quicquam
1140 3041 1369 3098 sceptra,

306 3110 403 3157 nisi
428 3123 559 3157 vano
589 3117 767 3173 putem
806 3110 1027 3173 Fulgore
1064 3118 1257 3160 tectum
1281 3127 1370 3161 no·

307 3200 427 3234 men
450 3185 487 3233 θ’
523 3186 673 3235 Idem.

370 3263 487 3311 dam
521 3263 700 3312 videbit
730 3264 861 3312 intus
881 3264 1061 3327 arctas]
1094 3267 1278 3315 Senec.
1316 3267 1367 3314 in

287 3338 471 3389 ,Herc.
509 3339 617 3388 OEt.
658 3355 734 3388 vs.
780 3345 895 3390 648.
951 3341 1034 3391 ‘O
1075 3343 1117 3389 si
1153 3347 1370 3405 pateant

306 3423 523 3478 pectora
546 3417 729 3478 ditum,
764 3417 995 3468 Quantos
1037 3417 1173 3466 intus
1214 3418 1368 3467 subii·

304 3491 403 3541 mis
426 3499 548 3554 agat
572 3493 798 3541 Fortuna
818 3492 1021 3542 metus.'
1057 3494 1205 3543 Idem.

380 3568 569 3617 Videbit
590 3568 719 3618 intus
738 3569 920 3632 arctas]
948 3570 1139 3619 Totum
1158 3584 1367 3620 carmen

306 3646 588 3697 deductum
624 3662 688 3696 ex
728 3648 916 3711 insigni
937 3649 1048 3699 loco
1073 3649 1161 3698 illo
1185 3650 1366 3698 Plato·

304 3725 385 3775 nis
425 3738 481 3773 x.
528 3725 595 3773 de
617 3740 738 3792 ⁸rep.
773 3740 925 3789 quem
962 3726 1035 3774 sic
1060 3741 1177 3774 cum
1213 3727 1365 3776 laude

304 3800 545 3864 designat
564 3803 776 3870 Tacitus
792 3800 1065 3851 Annalium
1086 3815 1163 3852 vi.
1185 3804 1200 3831 ‘
1214 3803 1367 3853 Adeo

301 3877 536 3947 facinora
553 3885 705 3942 atque
717 3876 915 3942 flagitia
932 3894 1024 3927 sua
1041 3881 1147 3943 ipse
1164 3895 1367 3945 quoque

302 3956 354 4004 in
380 3955 691 4019 supplicium
716 3963 963 4006 verterat.
1016 3958 1203 4020 Neque
1239 3956 1366 4006 frus-

302 4040 385 4084 tra
407 4035 862 4097 praestantissimus
881 4035 1087 4097 sapiens
1112 4035 1365 4085 affirmare

300 4113 486 4161 solitus
527 4117 629 4173 est,
669 4111 713 4159 si
748 4112 1086 4161 recludantur
1128 4121 1367 4176 tyranno-

300 4204 414 4236 rum
442 4193 660 4249 mentes,
693 4201 846 4250 posse
868 4187 1027 4251 aspici
1059 4188 1284 4237 laniatus
1309 4194 1364 4239 et

301 4269 435 4316 ictus
455 4282 470 4326 3
498 4264 701 4333 quaudo
726 4270 782 4315 ut
799 4279 1018 4328 corpora
1042 4264 1365 4329 verberibus,

2391 324 2522 391 527

1462 486 1533 536 ita
1559 485 1778 547 saevitia,
1820 484 2052 547 libidine,
2093 485 2240 540 malis
2273 486 2522 535 consultis

1460 564 1657 612 animus
1681 562 2023 612 dilaceretur:
2049 562 2240 626 quippe
2257 562 2520 612 Tiberium

1459 653 1559 688 nou
1583 629 1811 703 fortuna,
1831 654 1932 690 non
1959 638 2260 687 solitudines
2277 645 2519 703 protege-

1459 714 1604 777 bant,
1626 716 1746 779 quin
1774 721 2032 764 tormenta
2050 715 2281 778 pectoris
2298 730 2518 778 suasque

1456 793 1571 857 ipse
1615 808 1794 857 poenas
1856 791 2153 842 fateretur.'
2223 792 2311 841 Sic
2379 793 2516 842 enim

1456 871 1735 934 legendum
1762 870 1984 932 videtur,
2024 884 2125 918 non
2149 869 2244 933 ipsi
2264 875 2520 932 verterant,

1455 962 1571 997 cum
1592 947 1657 996 de
1681 948 1788 997 solo
1811 947 2017 996 Tiberio
2040 948 2314 1011 loquatur:
2351 962 2517 1012 neque

1455 1025 1702 1089 sapientice
1710 1025 1933 1089 firmare.
1969 1025 2162 1074 Vallin.

1521 1103 1657 1151 Hinc
1679 1105 1800 1152 enim
1819 1102 1986 1166 libido]
2025 1104 2209 1153 Senec.
2234 1103 2286 1151 in
2300 1103 2518 1167 Hippoi.

1455 1195 1532 1230 vs.
1555 1185 1668 1229 ⁵39.
1699 1180 1714 1207 ‘
1729 1181 2014 1230 Succensas
2039 1180 2148 1243 agit
2170 1180 2354 1230 Libido
2378 1196 2518 1229 men-

1458 1256 1575 1307 tes.’
1616 1256 1877 1307 Prudent.
1901 1256 2199 1319 Peristeph.
2232 1257 2441 1321 Hymno
2465 1262 2514 1306 2.

1456 1333 1472 1361 ‘
1490 1332 1658 1382 Istum
1677 1333 1838 1382 libido
1858 1332 2037 1381 foetida
2054 1334 2163 1381 Per
2185 1345 2358 1382 scorta
2380 1343 2517 1384 trac·

1455 1415 1567 1460 tum
1592 1409 1796 1474 publica
1818 1411 1953 1459 Luto
1977 1416 2031 1459 et
2054 1409 2241 1459 cloacis
2264 1410 2517 1474 inquinat,

1454 1488 1591 1536 Dum
1613 1502 1802 1551 spurca
1825 1487 2085 1536 mendicat
2107 1492 2318 1550 stupra.'
2345 1486 2517 1539 Sitzm.

1518 1564 1881 1628 Hincflagellut
1903 1565 1979 1613 ira
1995 1564 2218 1628 mentem]
2237 1565 2409 1616 Talem
2428 1565 2516 1613 de-

1452 1641 1637 1692 scribit
1679 1642 1835 1691 Silius
1871 1635 2274 1705 Hasdrubalem,
2303 1642 2437 1692 libro
2474 1657 2513 1693 ¹.

1453 1719 1733 1768 Sciendum
1781 1733 1935 1783 porro
1976 1717 2249 1768 Boethium
2292 1719 2376 1767 hic
2413 1734 2515 1768 non

1454 1795 1631 1845 dicere
1655 1796 1721 1845 de
1742 1797 1880 1845 omui
1904 1796 2002 1859 ira,
2033 1797 2127 1846 sed
2142 1796 2206 1845 de
2221 1796 2515 1846 immodica.

1451 1873 1590 1922 Nam
1624 1887 1794 1939 neque
1812 1875 1960 1924 Deus
1985 1873 2117 1938 Opt.
2140 1874 2283 1923 Maia.
2307 1874 2513 1936 omnino

1452 1949 1544 1999 irae
1587 1966 1796 2015 vacuus,
1838 1959 1898 2002 ut
1953 1952 2110 2003 docet
2146 1952 2390 2001 Lactaut.
2427 1952 2511 2000 De

1452 2028 1542 2077 Ira
1607 2030 1731 2092 Dei,
1785 2044 1902 2093 cap.
1947 2032 2043 2079 ult.
2130 2030 2268 2078 Vide
2308 2044 2514 2094 quoque

1451 2104 1624 2169 Agell.
1660 2106 1750 2157 lib.
1788 2121 1826 2158 1.
1851 2124 1967 2172 cap.
1993 2108 2085 2158 ult.
2109 2108 2245 2172 Aug.
2267 2108 2514 2172 Politian.

1449 2182 1502 2231 in
1550 2183 1966 2235 Dissertatione:
2002 2183 2085 2233 An
2124 2185 2199 2232 ira
2244 2185 2297 2233 in
2338 2185 2512 2247 pueris

1449 2260 1812 2323 reprobanda?
1846 2262 1980 2310 Item
1998 2262 2251 2310 Libellum
2272 2261 2514 2312 eruditis-

1449 2336 1634 2385 simum
1682 2337 1972 2401 Wolfgaugi
2020 2338 2259 2402 Heideri,
2300 2341 2386 2388 De
2426 2340 2514 2389 Ira

1449 2413 1755 2466 cohibenda.
1789 2415 1939 2464 Idem.

1514 2491 1715 2541 Fluctus
1736 2493 1929 2541 turbida
1953 2492 2138 2555 tollens]
2185 2493 2395 2541 Lucret.
2418 2491 2511 2541 lib.

1452 2583 1532 2618 vx.
1568 2569 1816 2632 ‘Magnos
1841 2569 2031 2618 irarum
2057 2568 2263 2616 volvere
2286 2565 2512 2625 fluctus!

1448 2649 1754 2698 Lactantius
1778 2650 1843 2698 de
1868 2649 1955 2698 Ira
1977 2650 2239 2713 Dei‚cap.
2256 2654 2313 2710 6.
2338 2648 2514 2708 docet,

1449 2724 1586 2788 quod
1610 2726 1625 2753 ‘
1647 2725 1743 2787 ira,
1763 2741 1877 2774 cum
1900 2726 1953 2774 in
1970 2725 2191 2774 animum
2211 2726 2511 2789 cujusquam

1448 2799 1653 2862 incidit,
1681 2801 1824 2850 velut
1847 2815 1986 2849 saeva
2018 2807 2300 2865 tempestas
2336 2807 2512 2849 tantos

1448 2876 1647 2926 excitet
1668 2875 1879 2939 fluctus,
1902 2884 1960 2928 ut
1989 2884 2179 2927 statum
2205 2879 2391 2926 mentis
2423 2879 2514 2925 im·

1446 2961 1636 3017 mutet,
1677 2954 1958 3004 ardescant
2002 2955 2161 3018 oculi,
2197 2969 2252 3002 os
2296 2962 2508 3015 tremat,

1446 3033 1620 3095 lingua
1681 3032 1891 3094 titubet,
1943 3031 2125 3081 dentes
2169 3038 2511 3094 concrepent,

1443 3111 1658 3160 alternis
1696 3112 1892 3160 vultum
1932 3109 2159 3159 maculet
2184 3123 2320 3161 nunc
2357 3108 2511 3157 suffu-

1444 3203 1531 3237 sus
1587 3188 1761 3252 rubor,
1815 3202 1952 3236 nuuc
1996 3186 2165 3249 pallor
2208 3185 2514 3234 albescens.’

1447 3265 1543 3314 Cui
1589 3266 1741 3328 plane
1781 3265 1984 3329 gemina
2030 3269 2131 3323 est,
2169 3262 2266 3312 ista
2288 3262 2508 3312 hominis

1444 3341 1567 3391 irati
1625 3341 1965 3406 hypotyposis
2020 3340 2158 3404 apud
2217 3339 2507 3390 Johannem

1444 3420 1869 3484 Chrysostomum
1912 3419 2063 3469 Orat.
2105 3423 2154 3467 6.
2195 3424 2379 3467 contra
2412 3418 2509 3467 Ju-

1443 3497 1605 3560 daeos,
1670 3504 1724 3547 et
1778 3497 1951 3547 homil.
1995 3501 2044 3546 3.
2094 3497 2145 3545 iu
2198 3495 2506 3546 Johannem.

1442 3575 1680 3638 Utraque
1714 3574 1871 3639 digna
1893 3581 1975 3624 est
2006 3566 2243 3622 adscribi.
2296 3573 2509 3621 Utram-

1443 3665 1543 3713 que
1563 3651 1753 3700 indicio
1778 3651 1946 3700 debeo
1969 3657 2126 3714 atque
2149 3648 2309 3698 amori
2323 3647 2508 3696 fidissi-

1441 3726 1513 3773 mi
1540 3728 1881 3790 praeceptoris
1900 3727 2125 3776 Cum-adi
2145 3726 2506 3787 Rittershusii,

1443 3803 1528 3851 cui
1561 3810 1616 3853 et
1653 3804 1938 3866 majoribus
1978 3819 2087 3852 sum
2123 3801 2386 3851 beneficiis
2418 3802 2507 3850 ob-

1442 3879 1673 3928 strictus.
1709 3870 1786 3927 itai
1826 3878 1944 3945 ὀργῇ
1982 3877 2316 3940 κατεχόμενος,
2351 3877 2506 3940 μεθύει

1440 3950 1600 4007 πάλη).
1642 3956 1760 4007 οὕτω
1792 3959 1910 4019 γοῦν
1941 3958 2084 4006 αὐτοῦ
2097 3957 2176 4006 καὶ
2197 3957 2228 4016 ἡ
2255 3956 2356 4020 ὄψις
2377 3946 2506 4018 οἶδε’ῗ,

1441 4036 1519 4085 καὶ
1542 4037 1573 4095 ἡ
1594 4037 1724 4099 φωνὴ
1752 4036 2056 4103 τραχύνεται,
2091 4037 2168 4086 καὶ
2201 4037 2246 4085 oi
2272 4036 2504 4100 ὀφθαλμοὶ

1440 4112 1652 4174 ’γίνονται
1690 4112 1898 4176 ὕφαιμοι,
1940 4113 2018 4162 καὶ
2061 4115 2087 4160 ὁ
2112 4114 2218 4162 νοῦς
2254 4114 2504 4162 σκοτοῦται

1440 4190 1518 4239 καὶ
1565 4191 1596 4250 ἡ
1647 4188 1823 4240 διάνοια
1880 4189 2296 4252 καταποντίζεται,
2351 4189 2430 4238 καὶ
2471 4190 2502 4249 ἦ

1439 4272 1644 4331 ’γλῶσσα
1673 4265 1846 4332 τρέμει,
1885 4266 1962 4316 καὶ
2007 4266 2052 4316 οἱ
2085 4265 2316 4329 ὀφθαλμοὶ
2355 4285 2502 4332 παρα.-

1463 341 1901 390 ὶἮΙΙ-ιΟΞΟΡΗ.
1953 342 2096 390 LIB.
2140 343 2239 390 lv.
