3049 4928
1021 421 1544 471 PHILOSOPHIAE
1597 421 1739 469 [AB.
1788 422 1866 469 ΙΙ.

854 567 1157 631 Pretiosa
1187 566 1487 650 pericula
1503 572 1546 602 ¹¹¹
1587 565 1755 630 fodit
1769 567 1799 628 't

326 731 454 784 ambo
475 737 588 784 sunl
610 732 823 798 peticula
839 731 989 786 cara?

2405 405 2533 474 201

1326 809 1540 864 NOTAE

325 943 422 977 non
447 928 655 993 possint
674 927 860 994 aspici.

383 1013 420 1039 ¹·
444 1005 677 1056 Pretiosa
696 1005 928 1070 pericula]
952 1001 1148 1057 Aurum
1169 1010 1225 1055 et
1256 1017 1395 1068 gem·

324 1097 418 1135 maz
463 1084 705 1148 pretiosa
744 1083 952 1148 quidem
1008 1090 1146 1144 suut,
1206 1085 1388 1134 saltem

324 1168 540 1225 propter
565 1160 721 1223 illud,
755 1161 891 1225 quod
925 1162 1074 1212 bomo
1115 1162 1181 1211 de
1204 1162 1282 1211 his
1304 1162 1392 1210 ha·

321 1237 410 1286 bet
433 1236 817 1301 praejudicium.
885 1238 960 1288 At
999 1245 1119 1287 sunt
1144 1238 1392 1302 pericula,

321 1327 422 1363 uon
444 1312 609 1363 modo
632 1313 877 1378 quamdiu
914 1313 1114 1364 inclusa
1149 1314 1316 1363 latent
1338 1315 1388 1363 in

322 1390 480 1440 natali
516 1388 668 1455 sede,
689 1404 756 1440 ex
792 1404 895 1456 qua
916 1404 1019 1441 non
1056 1392 1166 1440 siue
1201 1404 1389 1453 magno

1475 927 1723 981 fodientis
1757 925 1988 994 periculo
2028 933 2241 991 possunt
2260 925 2402 988 crui;
2445 925 2534 977 sed

1477 1009 1636 1060 etiam
1658 1013 1934 1071 postquam
1955 1002 2141 1054 effossa
2161 1003 2227 1053 ab
2248 1004 2536 1053 hominibus

1472 1092 1564 1136 aut
1585 1089 1846 1144 tenentur,
1868 1087 1958 1130 aut
1981 1086 2308 1145 quaeruutur:
2343 1081 2537 1144 quippe

1475 1176 1590 1227 quae
1635 1165 1693 1208 ut
1729 1157 1935 1223 corpori
1978 1157 2052 1204 sic
2096 1155 2256 1205 menti
2313 1163 2533 1206 mortem

1474 1237 1662 1301 saepius
1696 1232 1934 1283 afferunt.
1989 1233 2135 1295 Virg.
2178 1232 2287 1281 IEn.
2331 1243 2419 1281 ιιι.
2455 1247 2532 1280 vs.

1471 1318 1554 1364 5⁷.
1614 1313 1630 1340 ‘
1650 1309 1792 1363 Quid
1829 1323 1928 1359 non
1952 1308 2193 1358 mortalia
2215 1313 2429 1373 pectora
2448 1322 2536 1374 cof

1472 1392 1571 1456 gis,
1594 1389 1725 1440 Auri
1743 1402 1890 1439 sacra
1911 1386 2072 1437 fames
2091 1386 2121 1435 ξ’

1180 1878 1501 1945 PROSA
1548 1876 1675 1944 VI.

405 2057 626 2138 Qum
685 2069 916 2127 autem
984 2064 1069 2127 de
1130 2060 1582 2146 dignitatibus»,
1632 2041 2115 2146 potentiaque¹²
2187 2061 2540 2137 disseram,

322 2180 495 2244 quas
526 2182 681 2244 voe,
713 2185 890 2239 verae
922 2166 1269 2249 dignitatis
1312 2185 1393 2230 ac
1447 2166 1801 2249 potestatis
1849 2165 2070 2242 inscii,
2119 2165 2299 2229 coelo
2354 2180 2537 2228 exae-

323 2267 644 2353 quatis‘i'
732 2266 906 2347 Quae
936 2269 993 2333 si
1024 2270 1092 2334 in
1129 2267 1740 2352 improbissimum0
1770 2287 2100 2353 quemque
2147 2265 2539 2341 ceciderint,

384 2473 403 2498 ⁸
434 2463 524 2517 Aa
545 2466 713 2518 coelum
734 2480 880 2533 usque
898 2467 1132 2520 huctando
1151 2469 1390 2521 attollitis.

1323 2622 1376 2672 N
1380 2621 1541 2675 OTAE

387 2755 409 2780 ¹¹
446 2746 529 2799 De
548 2743 884 2811 dignitatibus,
910 2745 1232 2814 potentiaque]
1267 2749 1395 2814 Dig-

324 2824 525 2872 nitates
547 2829 607 2872 et
627 2822 866 2885 potentia
902 2822 1012 2873 sive
1046 2829 1281 2888 potestas
1308 2827 1393 2877 hic

326 2900 749 2965 conjunguntur:
800 2897 1041 2964 quoniam
1085 2913 1187 2950 non
1245 2901 1391 2952 diffe-

323 2983 450 3027 runt
474 2975 577 3025 nisi
599 2975 834 3026 nomine:
858 2975 875 3003 ‘
892 2975 1183 3041 Dignitas,'
1202 2986 1398 3044 autem,

322 3052 495 3119 iuquit
513 3050 712 3102 Tullius
730 3065 795 3101 ιι.
830 3050 899 3102 de
933 3051 1050 3105 Iuv.
1087 3060 1172 3105 est
1207 3055 1396 3107 ‘alicu-

317 3129 407 3192 jus
453 3129 676 3179 honesta
720 3129 1030 3193 auctoritas,
1070 3145 1188 3196 quae
1230 3134 1394 3198 cultu,

324 3210 544 3272 bonore,
589 3214 646 3258 et
697 3207 1032 3271 verecundia,
1063 3209 1224 3276 digna
1279 3212 1395 3266 est?

326 3287 590 3339 Nimirum
621 3285 874 3351 Dignitas
903 3287 1100 3338 dicitur
1132 3303 1164 3339 a
1201 3289 1394 3354 digno:

326 3363 535 3429 dignus,
588 3363 701 3414 sive
745 3369 806 3414 ut
837 3363 1065 3414 Veteres
1099 3365 1397 3417 scribebant

327 3439 534 3505 dicnus,
558 3454 590 3489 a
609 3439 819 3491 nomine
842 3439 1036 3491 Graeco
1069 3439 1191 3505 δίκη,
1204 3441 1315 3506 jus,
1338 3450 1400 3494 ut

327 3517 515 3583 dignus
550 3518 621 3568 sit
649 3519 756 3582 ille,
789 3517 876 3567 cui
921 3533 1126 3583 aequum
1149 3527 1231 3571 est
1251 3520 1398 3571 obse·

329 3594 453 3658 qui:
479 3608 597 3644 cum
620 3601 793 3644 autem
814 3594 966 3655 hpmo
983 3595 1179 3646 homini
1199 3597 1269 3648 sit
1284 3613 1398 3662 par,

330 3683 536 3733 aequum
557 3684 660 3719 non
686 3675 863 3735 potest
894 3684 1009 3720 esse
1029 3671 1286 3723 hominem
1307 3675 1399 3724 ho-

328 3744 453 3794 mini
476 3744 713 3810 obsequi,
744 3744 846 3795 nisi
880 3746 1019 3810 Deo,
1052 3748 1275 3799 omnium
1307 3750 1398 3801 ho-

331 3820 526 3870 minum
571 3820 845 3871 conditore
881 3827 938 3871 et
967 3836 1112 3888 rege,
1136 3825 1395 3888 jubentes

331 3897 450 3948 hinc
469 3897 633 3947 omnis
663 3896 890 3960 dignitas
910 3897 986 3948 ita
1008 3913 1040 3947 a
1073 3900 1194 3952 Deo
1214 3907 1317 3964 est,
1337 3909 1399 3954 ut

333 3973 464 4038 Regi
486 3972 981 4040 magistratibusque
994 3974 1397 4043 Imperantibus,

332 4055 580 4115 tanquam
603 4049 837 4113 personis
859 4049 1003 4100 vices
1025 4050 1130 4101 Dei
1171 4054 1399 4115 gerenti·

335 4125 450 4190 bus,
464 4124 663 4180 subditi
676 4132 952 4179 teneantur
969 4128 1189 4195 obsequi
1205 4147 1221 4181 z
1238 4130 1399 4183 Joan·

336 4199 413 4250 nis
434 4205 515 4255 19.
549 4201 566 4230 ‘
583 4216 688 4256 nou
713 4203 932 4255 haberes
952 4209 1271 4268 potestatem
1305 4205 1401 4257 ad-

340 4290 541 4333 versum
556 4292 640 4330 me
657 4279 834 4347 ullam,
847 4278 944 4333 nisi
961 4279 1058 4333 tibi
1069 4276 1248 4334 datum
1262 4289 1401 4341 esset

1476 2753 1736 2819 desuper?
1800 2756 1818 2787 ‘
1835 2754 2018 2807 Omnis
2041 2752 2247 2817 anima‚’
2277 2751 2447 2817 inquit
2468 2752 2542 2805 A·

1478 2832 1709 2895 postolus
1742 2832 1808 2881 ad
1846 2832 1995 2882 Rom.
2032 2834 2112 2880 18.
2152 2831 2169 2859 ‘
2188 2831 2546 2894 potestatibus-

1475 2907 1853 2958 sublimioribus
1908 2906 2118 2957 subdita
2159 2908 2258 2958 sit:
2309 2922 2413 2957 non
2459 2915 2544 2959 est

1476 2983 1616 3033 enim
1652 2991 1886 3048 potestas
1912 2984 2008 3033 nisi
2043 2999 2075 3033 a
2108 2986 2262 3034 Deo:
2304 3000 2422 3049 quae
2454 3000 2545 3036 au·

1476 3067 1585 3111 tem
1608 3068 1730 3112 sunt
1762 3076 1794 3112 a
1822 3063 1938 3111 Deo
1960 3060 2204 3111 ordinata
2226 3068 2367 3113 sunt.
2435 3060 2547 3113 Ita·

1474 3151 1581 3203 que
1616 3137 1705 3203 qui
1744 3137 1941 3189 resistit
1975 3137 2246 3201 potestati,
2273 3136 2376 3188 Dei
2408 3137 2545 3188 ordi-

1477 3215 1675 3265 nationi
1692 3214 1892 3266 resistit
1914 3229 1928 3265 2
1966 3214 2056 3280 qui
2078 3218 2253 3264 autem
2275 3214 2550 3279 resistunt,

1474 3292 1582 3356 ipsi
1602 3292 1702 3343 sibi
1716 3290 2102 3342 damnationem
2120 3291 2431 3357 acquirunt,’
2445 3294 2548 3343 &c-

1478 3368 1720 3433 Dignitas
1740 3384 1887 3433 ergo,
1908 3368 2018 3418 sive
2043 3372 2289 3432 potestas,
2307 3374 2391 3418 est
2409 3382 2548 3433 quae·

1478 3444 1603 3495 dam
1653 3445 1816 3496 veluti
1859 3444 2048 3506 forma,
2096 3459 2214 3509 quae
2261 3450 2547 3509 propterea

1480 3520 1711 3585 spectari
1752 3524 1934 3584 potest
1978 3533 2044 3568 ex
2088 3524 2243 3582 parte
2284 3519 2547 3580 Potentis,

1480 3610 1549 3645 ex
1566 3603 1720 3660 parte
1741 3595 2038 3659 Subditi,et
2056 3608 2121 3643 ex
2142 3600 2294 3657 parte
2310 3592 2547 3656 proprie·-

1481 3673 1623 3736 tatis,
1650 3688 1767 3739 quae
1794 3670 2122 3733 Philosophia
2156 3669 2325 3719 minus
2359 3669 2545 3721 Latine

1478 3749 1811 3816 loquentibus
1849 3746 2043 3796 dicitur
2077 3749 2093 3775 ⁸
2110 3743 2325 3797 effectus
2359 3744 2548 3797 forma·

1477 3822 1543 3874 lis
1561 3823 1598 3875 ε’
1620 3829 1777 3888 atque
1802 3837 1864 3872 ex
1890 3821 2084 3885 triplici
2108 3822 2205 3870 boc
2229 3822 2404 3886 capite
2421 3823 2546 3873 Phi·

1478 3898 1716 3965 Iosophia
1760 3897 2010 3961 deinceps
2050 3897 2294 3960 probabit
2329 3912 2432 3950 non
2464 3913 2546 3949 so·

1478 3975 1585 4025 lum
1634 3973 1865 4037 divitias,
1916 3972 1983 4022 de
2029 3971 2216 4037 quibus
2263 3973 2377 4037 jam
2419 3974 2548 4039 egit,

1476 4052 1570 4102 sed
1608 4052 1777 4117 ipsam
1813 4049 1972 4100 etiam
2004 4048 2304 4099 Potentiam
2340 4063 2441 4099 non
2471 4050 2549 4099 ita

1473 4129 1669 4180 habere
1696 4127 1950 4178 rationem
1969 4125 2110 4189 boni,
2138 4131 2217 4188 ut,
2236 4125 2324 4191 qui
2355 4125 2433 4176 his
2465 4140 2546 4175 ca·

1475 4205 1662 4271 ruerit,
1681 4205 1771 4256 ille
1789 4208 2074 4270 propterea
2088 4200 2356 4252 habendus
2377 4200 2448 4253 sit
2469 4201 2546 4255 iu-

1474 4282 1622 4365 felis·
