3049 4928
460 405 593 471 184

1153 425 1456 475 RoE'an
1509 429 1608 476 DE
1659 429 1968 481 CONSOL.

1460 574 1673 628 NOTAE

464 674 638 736 plures
654 672 867 728 alterius
889 673 905 704 ‘
921 673 1256 728 beatitudinis
1277 676 1527 743 fructum,

465 763 566 798 non
591 757 757 802 morte
777 752 964 816 solum,
996 766 1177 804 verum
1202 754 1359 807 etiam
1384 755 1528 808 dolo-

460 826 605 874 ribus
638 827 1009 895 suppliciisque
1054 832 1415 896 quaesierunt3'
1450 833 1530 883 id·

463 917 565 967 que
589 917 652 955 eo
677 905 872 972 potius,
903 908 1040 974 quod
1065 909 1174 959 vita
1195 911 1306 959 haec
1329 916 1529 961 temere

1610 682 1851 737 credatur
1873 682 2125 736 felicitas:
2163 686 2206 735 si
2245 686 2380 737 enim
2417 686 2523 739 vita
2555 689 2674 742 baee

1606 760 1833 812 felicitas
1870 777 1991 813 vera
2028 762 2208 827 fuerit,
2240 778 2454 816 necesse
2477 773 2575 830 est,
2614 778 2675 820 ut

1607 852 1765 902 mors,
1787 855 1903 904 quae
1928 847 2008 890 est
2030 841 2180 904 hujus
2218 839 2383 891 felicis
2405 844 2529 895 vitae
2566 846 2678 909 pri-

1610 914 1769 977 vatio,
1807 930 1928 966 vera
1951 917 2158 967 miseria
2178 918 2443 968 habeatur.

1267 1376 1691 1448 METRUM
1739 1379 1870 1446 1V.

987 1541 1361 1622 Qmsqms
1394 1547 1580 1612 volet
1607 1569 1971 1633 perennem,

1069 1646 1329 1714 Cautus
1362 1669 1608 1733 ponere
1641 1653 1921 1732 sedem,n
2000 1729 2014 1737 ,

984 1748 1395 1835 Stabilisque
1417 1760 1443 1787 ⁰
1485 1772 1611 1817 nec
1645 1755 1870 1819 sonori

1065 1852 1283 1918 Sterni
1314 1854 1588 1920 flatibus
1621 1856 1840 1937 Euri,¹³

528 2056 817 2123 Quicumque
839 2066 973 2125 optat
996 2069 1129 2114 tutus
1159 2066 1312 2117 locare
1333 2070 1520 2120 domum
1555 2076 1847 2137 perpetuam,
1879 2074 2045 2138 quique
2076 2077 2233 2126 studet
2253 2082 2487 2143 constans,
2509 2084 2560 2129 et
2579 2094 2675 2129 non

1457 2200 1674 2252 NOTAE

524 2306 547 2330 ¹¹
567 2300 1056 2373 Perennem...sedem]
1079 2308 1298 2364 Domum
1323 2326 1416 2376 per
1436 2328 1521 2362 an-

461 2389 556 2426 nos
580 2378 755 2442 plures
781 2381 1115 2438 duraturam:
1141 2388 1156 2416 ⁴
1177 2387 1329 2438 sedes
1345 2388 1358 2409 ’
1381 2390 1526 2442 eninr

457 2454 595 2518 apud
651 2456 863 2510 Latinos
917 2455 1184 2529 auctores,
1231 2470 1519 2530 praeseriim

455 2530 655 2596 poetas,
673 2533 932 2598 significat
949 2538 1156 2589 domum
1173 2558 1208 2590 :-
1225 2544 1241 2571 ‘
1262 2546 1518 2607 perenne'

456 2621 580 2656 vero
604 2623 634 2657 a
655 2610 891 2672 pluribus
909 2617 1073 2679 annis,
1092 2633 1185 2682 per
1199 2634 1328 2685 quos
1350 2622 1521 2686 durat,

455 2685 684 2741 dicitur:
712 2689 834 2743 hine
873 2708 1158 2756 perennare
1198 2699 1337 2750 idem
1381 2704 1518 2767 quod

454 2761 543 2810 diu
582 2777 954 2826 perseverare:
988 2772 1106 2823 hinc
1150 2775 1298 2827 Anna
1322 2777 1518 2831 Peren-

452 2852 538 2897 na,
571 2841 655 2890 cui
701 2843 923 2899 Veteres
966 2857 1090 2901 vota
1131 2851 1414 2923 faciebant,
1460 2864 1518 2908 ut

452 2930 645 2968 annare
678 2935 1068 2996 perennareque
1105 2934 1373 2986 commode
1392 2935 1517 2991 lice·

450 2998 552 3054 ret,
587 3002 799 3048 auctore
823 3000 1013 3053 Ovidio
1037 3019 1126 3058 111.
1148 3009 1290 3059 Fast.

519 3070 725 3136 Cautus]
757 3077 954 3128 Tutus:
999 3096 1118 3132 nam
1142 3095 1325 3135 cautus
1361 3102 1390 3135 a
1429 3102 1513 3138 ca-

452 3159 600 3197 vere:
641 3165 827 3202 cavere
870 3163 1044 3207 autem
1081 3160 1290 3223 judicio
1322 3164 1514 3214 Varro-

448 3221 530 3270 nis
577 3240 609 3273 a
652 3241 814 3290 cav03
849 3233 988 3296 quod
1029 3237 1044 3267 ⁴
1073 3236 1230 3299 prisei
1274 3237 1386 3303 illi,’
1441 3241 1516 3291 in-

451 3298 566 3362 quit
601 3301 890 3370 PontanuS,
920 3310 937 3338 ‘
971 3313 1061 3376 qui
1101 3314 1309 3369 Latium
1352 3318 1515 3368 etiam

449 3383 571 3425 ante
591 3377 902 3445 Aborigines
939 3393 1175 3453 tenuere,
1206 3395 1438 3461 plerique
1461 3396 1517 3446 in

449 3458 684 3509 cavernis
703 3458 1029 3530 habitabant,
1060 3480 1179 3532 qum
1216 3485 1248 3520 a
1281 3474 1515 3524 cavando

449 3539 625 3587 esseut
681 3535 869 3597 dictam
928 3540 988 3590 iia
1036 3552 1212 3597 autam
1257 3555 1314 3599 et
1359 3559 1517 3600 reatus

448 3608 709 3661 cavebant
740 3619 796 3661 et
830 3611 1044 3679 frigora,
1074 3620 1323 3687 pleraque
1357 3627 1514 3677 etiam

449 3682 550 3732 alia
573 3684 917 3753 incommoda,
948 3692 1000 3740 in
1023 3693 1227 3760 illisque
1262 3712 1316 3748 se
1341 3707 1396 3751 et
1420 3717 1511 3755 sua

447 3760 648 3811 cautius
706 3763 1061 3819 tutabantur?
1129 3772 1250 3823 hine
1309 3791 1514 3843 cavere,

447 3833 637 3896 canutio,
679 3843 862 3891 cautor
917 3856 950 3891 a
991 3844 1388 3905 Juriscousultis
1438 3854 1516 3905 di·

448 3916 636 3963 cuntur
680 3912 745 3963 de
788 3914 870 3973 iis,
914 3921 1103 3982 quibua
1171 3926 1370 3980 divitia
1425 3937 1507 3985 tu-

445 3993 531 4038 tae-
559 3987 692 4043 fiunt
727 3999 780 4045 et
817 4008 1035 4051 securae.
1100 4003 1356 4057 Quoniam
1383 4024 1508 4060 vero

442 4065 524 4116 vir
547 4070 792 4135 prudens,
826 4077 1232 4141 cogitationibus
1261 4087 1368 4136 suis
1403 4089 1508 4138 vel-

443 4144 522 4195 uti
580 4150 923 4218 prospiciens,
971 4172 1028 4208 se
1071 4174 1267 4227 suaque
1312 4171 1510 4228 tuetur,

441 4219 642 4275 idcireo
663 4232 848 4279 cautus
873 4239 1129 4299 cetusque
1155 4240 1327 4288 vocari
1354 4241 1508 4291 solet.

444 4295 631 4351 Horat.
650 4300 717 4353 «le
751 4301 882 4357 Arte
902 4320 917 4358 ι
952 4309 967 4336 ‘
989 4309 1072 4362 An
1091 4328 1268 4364 omnes
1291 4316 1512 4367 Visuros

1601 2323 1823 2380 peccata
1858 2324 2041 2382 putem
2081 2334 2215 2382 mea,
2247 2326 2391 2370 tutus
2430 2327 2486 2370 et
2529 2319 2671 2370 intra

1602 2393 1761 2460 Spem
1800 2396 1969 2448 veniae
1994 2398 2212 2450 cautus?
2248 2398 2406 2450 vitavi
2438 2398 2669 2462 denique

1602 2472 1844 2534 eulpam.'
1928 2475 2000 2528 Et
2036 2475 2124 2529 lib.
2150 2490 2191 2529 1.
2229 2476 2401 2529 Carm.
2435 2475 2542 2528 od.
2588 2480 2669 2529 10.

1600 2546 1617 2574 ‘
1645 2548 1894 2613 Mercuri,
1934 2549 2159 2601 facunde
2209 2566 2373 2616 nepos
2415 2552 2674 2616 Atlantis,

1604 2625 1705 2678 Qui
1730 2624 1867 2676 feros
1904 2628 2072 2677 cultus
2102 2630 2361 2678 hominum
2398 2637 2669 2679 recentum

1604 2703 1749 2753 Voce
1769 2702 2004 2755 formasti
2027 2710 2194 2766 catus,
2212 2712 2269 2755 et
2290 2705 2495 2756 decora
2514 2706 2670 2756 More

1600 2782 1903 2845 paloestroe.’
2601 2798 2608 2804 ·

1665 2865 1689 2890 ⁰
1712 2852 2025 2925 Stabilisque]
2052 2858 2305 2909 Immotus
2327 2866 2382 2909 et
2406 2865 2674 2920 constans,

1599 2935 1724 2999 suis,
1746 2936 2013 3000 videlicet,
2037 2937 2267 2990 sedibus.
2333 2938 2465 2989 Cum
2491 2944 2671 2989 autem

1598 3026 1789 3077 corpus
1823 3014 2001 3078 quiete
2034 3014 2196 3066 semel
2232 3013 2477 3067 donatum
2514 3020 2671 3065 aeter·

1600 3101 1719 3135 num
1744 3090 1999 3155 quiescat,
2039 3089 2205 3139 donee
2245 3089 2311 3139 ab
2350 3089 2450 3139 alio
2481 3089 2549 3138 de
2575 3104 2670 3139 sua

1598 3164 1776 3229 quiete
1798 3163 2147 3227 dimoveatur,
2172 3165 2292 3215 ideo
2314 3165 2518 3214 duobus
2545 3166 2669 3214 dun-

1600 3246 1746 3295 taxat
1783 3241 1951 3294 modia
1992 3242 2172 3294 domus
2213 3240 2435 3294 fundata
2489 3248 2669 3306 potest

1598 3332 1782 3371 ruere:
1818 3318 2039 3382 primum
2063 3317 2274 3382 quidem
2310 3324 2457 3371 motu
2493 3318 2670 3371 sensili

1600 3408 1873 3459 corporum
1896 3390 2295 3458 incurrentium,
2317 3411 2366 3447 v.
2390 3410 2441 3459 g.
2476 3402 2668 3447 vento:

1600 3473 1791 3522 deinde
1835 3473 2050 3536 proprio
2095 3472 2347 3537 pondere,
2387 3471 2668 3525 fluentibus

1596 3549 1797 3601 seilicet
1832 3550 1916 3612 iia,
1949 3548 2138 3614 quibua
2174 3549 2358 3601 domus
2391 3550 2492 3601 uiti
2523 3549 2666 3601 vide-

1596 3624 1773 3688 batur,
1816 3624 2207 3679 fundamentiaz
2256 3626 2378 3679 hino
2427 3642 2567 3678 nune
2607 3625 2670 3676 fit

1595 3702 1795 3753 mentio
1833 3708 2122 3765 ventorum,
2153 3701 2407 3753 fluctuum
2440 3706 2667 3755 marino-

1596 3795 1729 3844 rum,
1760 3780 2043 3830 cacnminis
2064 3779 2275 3843 montio,
2294 3787 2351 3831 et
2374 3780 2666 3833 bibularum

1596 3871 1888 3907 arenarum.
2104 3897 2112 3903 .

1657 3943 1684 3979 ι·
1703 3935 1924 3985 Flatibus
1942 3933 2090 3997 Euri]
2106 3933 2483 4000 Euru⁸„inquit
2500 3934 2663 4001 Agel-

1591 4011 1713 4075 lius,
1746 4018 1932 4061 ventus
1955 4016 2040 4061 est
2073 4009 2142 4061 ab
2179 4010 2380 4061 oriente
2402 4026 2580 4078 verno,
2611 4013 2664 4066 id

1593 4095 1698 4152 est,
1749 4085 2098 4152 aequinoetiali
2142 4086 2379 4138 veniens.
2465 4089 2665 4140 Latinis

1592 4166 1789 4215 dieitur
1812 4163 2135 4215 subsolanus.
2201 4163 2309 4215 Hie
2348 4179 2452 4214 non
2485 4165 2578 4215 abs
2602 4182 2662 4217 ro

1590 4244 1784 4294 dicitur
1806 4257 2050 4292 sonorus:
2078 4242 2215 4307 quod
2235 4244 2369 4293 euim
2386 4245 2660 4295 vehemen-

1592 4320 1712 4368 tim-i
1728 4319 1936 4382 ⁴impetu
1955 4317 2178 4381 feratur,
2196 4319 2405 4375 solitum
2423 4318 2567 4375 aeria
2588 4322 2660 4379 ab
