3049 4928
2373 384 2501 452 167

318 556 603 643 coepisti.
693 553 873 635 Quis
902 572 1036 619 non
1085 560 1165 617 te.
1207 550 1680 617 felicissimum
1726 568 1878 614 cum
1910 552 2097 615 tanto
2150 545 2503 631 splendore

316 679 709 739 socerorum,
757 679 909 724 cnm
959 656 1266 741 conjugis
1297 654 1610 740 pudore,‘¹
1673 658 1815 719 tum
1860 651 2178 716 masculae
2234 669 2506 734 quoque

314 763 518 851 prolis
566 763 1068 848 opportunitate
1091 768 1115 796 ⁸
1177 759 1582 846 praedicavit
1597 758 1628 822 'l
1702 756 2048 821 Praetereo
2090 751 2295 840 (libet
2329 753 2508 819 enim

310 868 653 951 praeterire
685 862 1094 949 communia)
1137 869 1393 930 sumtas
1439 862 1509 928 in
1557 859 2019 928 adolescentia
2067 863 2351 941 negatas
2406 876 2511 923 se-

309 970 505 1036 nibus
535 969 890 1053 dignitates
910 990 928 1036 :
951 964 973 1005 f
1032 969 1120 1036 ad
1169 969 1570 1052 singularem
1610 963 1952 1031 felicitatis
1981 967 2117 1027 tuse
2166 960 2511 1027 cumulum

309 1075 533 1138 venire
564 1074 879 1138 delectat.
969 1073 1046 1139 Si
1102 1073 1257 1157 quis
1306 1091 1519 1138 rerum
1568 1068 1955 1135 mortalium
1996 1066 2249 1131 fructus
2297 1064 2514 1130 ullum

308 1176 753 1242 beatitudinis
780 1176 1047 1260 pondus
1090 1176 1312 1254 habet,
1357 1173 1689 1260 poteritne
1733 1171 1918 1237 illius
1949 1167 2268 1234 memoria
2298 1166 2513 1230 lucis⁹

312 1277 733 1361 quantalibet
759 1278 1208 1361 ingruentium
1239 1278 1561 1343 malorum
1615 1275 1788 1340 mole
1843 1272 2040 1337 deleri
2058 1274 2088 1335 ‘l
2135 1289 2290 1335 cum
2341 1267 2518 1332 duos

313 1379 565 1463 pariter
596 1378 927 1446 Consules
958 1379 1210 1445 liberos
1239 1386 1397 1446 tuos
1428 1379 1631 1446 domo
1656 1375 1953 1461 provehi,
1979 1374 2106 1437 sub
2134 1369 2518 1454 frequentia

312 1487 637 1565 patrum,¹²’
667 1485 789 1548 sub
818 1483 1035 1568 plebis
1061 1484 1403 1549 alacritate
1430 1481 1704 1561 vidisti3
1750 1497 1905 1544 cum
1935 1473 2190 1541 eisdem
2213 1473 2282 1537 in
2306 1470 2518 1536 Curia

313 1585 578 1650 curules
605 1585 1099 1666 insidentibus,²
1118 1594 1144 1634 ⁸
1186 1593 1261 1651 tu
1291 1585 1491 1668 regiae
1543 1583 1767 1648 laudis
1805 1587 2050 1658 orator,
2098 1575 2349 1660 ingenii
2379 1574 2518 1658 glo-

993 404 1442 458 PHILOSOPHl
1454 405 1515 455 ΔΞ
1564 404 1712 453 mn.
1755 403 1836 452 11.

375 1756 401 1782 ⁸
432 1749 573 1801 Diei.
719 1758 755 1784 ¹⁹
780 1749 1079 1802 Senatorum.
1204 1758 1232 1783 ⁸·
1264 1749 1438 1814 Sellas,
1459 1764 1603 1814 supra
1623 1763 1740 1814 qaas
1760 1746 1815 1797 in
1840 1761 1983 1796 curru
2018 1742 2294 1794 insiderent.

1315 1879 1531 1932 NOTAE

317 1976 695 2041 Rusticianam,
724 1976 1019 2042 Symmachi
1033 1976 1222 2039 filiam;
1255 1992 1379 2042 qua·
1464 1985 1586 2029 tunc
1606 1980 1868 2041 superstes
1897 1980 2031 2037 erat,
2051 1986 2169 2023 cum
2185 1971 2300 2020 hoec
2335 1963 2526 2016 scrihe-

317 2068 430 2108 rum
453 2068 673 2103 uxorum
699 2054 841 2119 prior
861 2054 1056 2105 dicitur
1076 2070 1178 2105 non
1211 2055 1381 2119 probi·
1459 2060 1662 2104 rentur.

316 2131 438 2182 tatis
495 2138 719 2193 tantum,
767 2131 863 2183 sed
906 2133 1062 2183 etiam
1114 2132 1383 2183 literarum

320 2208 473 2257 laude
492 2208 737 2272 celebris,
768 2208 1101 2274 inprimisque
1121 2209 1389 2260 Musarum

321 2299 516 2335 amans.
582 2286 763 2335 Tantis
801 2285 1006 2336 demum
1030 2285 1222 2335 soceris
1253 2282 1389 2334 Boii-

320 2361 458 2412 thius
498 2359 602 2411 fuit
635 2360 798 2411 felix:
837 2362 1091 2427 siquidem
1125 2360 1391 2412 felicitatis

322 2446 401 2489 est
421 2437 669 2489 honorari
692 2438 755 2489 ab
783 2438 1195 2490 honoratissimis
1229 2438 1386 2489 viris:

325 2522 343 2545 ⁶
362 2516 593 2568 maxima
618 2517 1098 2584 jucundissimaque
1134 2518 1242 2567 laus
1276 2516 1391 2581 est,’

327 2595 499 2663 inquit
521 2596 720 2646 Tullius
744 2610 838 2660 pro
856 2598 999 2647 Mur.
1031 2596 1181 2662 ‘quae
1221 2595 1288 2646 ab
1325 2595 1389 2645 iis

324 2670 705 2736 proficiscitur,
738 2672 826 2737 qui
848 2672 949 2737 ipsi
978 2673 1031 2722 in
1069 2672 1222 2723 laude
1249 2672 1391 2721 vixe-

332 2746 488 2797 runt-⁸
533 2746 785 2796 Boethius
807 2756 980 2799 autem
1006 2758 1069 2798 ex
1090 2764 1153 2799 eo
1176 2748 1392 2797 honora·

330 2830 413 2877 tus
431 2822 536 2873 fuit
559 2824 843 2888 praesertim
875 2825 942 2875 ab
976 2826 1053 2875 his
1090 2823 1393 2875 honestissi-

330 2900 426 2951 mis
443 2900 587 2964 viris,
608 2901 744 2966 quod
764 2900 830 2951 ab
851 2902 1031 2954 iisdem
1054 2903 1274 2967 primum
1294 2899 1395 2950 fuit

334 2975 577 3041 dilectus,
601 2976 789 3028 deinde
809 2981 823 3005 ‘
839 2979 1074 3030 delectus
1098 2980 1151 3029 in
1173 2976 1393 3028 affinita-

337 3059 442 3104 tem
471 3071 485 3106 :
520 3055 664 3116 prius
695 3070 864 3118 carus,
897 3070 1049 3122 quam
1090 3055 1392 3120 proximum

335 3131 481 3196 quis'
513 3146 636 3197 ergo
682 3132 959 3183 Boethium
997 3147 1100 3182 non
1140 3132 1399 3197 praedicet

336 3207 725 3259 ‘felicissimum
768 3225 886 3261 cum
935 3216 1083 3260 tanto
1124 3207 1401 3274 splendore

338 3285 668 3335 socerorum!

399 3362 424 3397 ⁴¹
472 3364 597 3413 Cum
632 3363 844 3426 conjugis
881 3362 1082 3429 pudore]
1135 3364 1404 3414 Praeterea

343 3439 592 3490 Boethius
614 3440 808 3492 dicitur
826 3440 955 3491 felix
978 3440 1232 3505 conjuge:
1266 3439 1405 3504 quod

343 3525 567 3585 utraque
589 3519 708 3582 ejus
738 3519 948 3585 conjux,
980 3517 1131 3582 Elpis
1155 3516 1405 3567 videlicet

339 3600 397 3646 et
418 3595 745 3659 Rusticiana,
775 3611 975 3648 summa
1011 3594 1174 3646 fuerit
1207 3596 1404 3646 virtute

344 3672 601 3738 praedita:
627 3674 767 3739 quod
788 3673 803 3701 ‘
819 3676 1018 3738 pudore
1033 3673 1048 3695 ’
1082 3674 1280 3738 optime
1301 3673 1406 3737 sig·

343 3748 589 3800 nificatur
610 3767 625 3802 z
662 3752 679 3779 ‘
705 3750 892 3814 pudor’
933 3751 1089 3813 enim,
1109 3750 1185 3802 ait
1207 3750 1407 3801 Tullius

344 3838 405 3877 ιι.
439 3824 506 3877 de
532 3827 650 3877 Fin.
679 3827 696 3854 ‘
720 3835 802 3877 est
825 3826 1128 3877 moderator
1149 3824 1408 3891 cupidita-

347 3900 448 3951 tia'
516 3901 650 3952 Cum
687 3910 865 3952 autem
910 3901 1261 3967 Philosophia,
1296 3915 1411 3966 que

347 3988 563 4029 numero
619 3980 808 4044 plurali
871 3979 1079 4029 dixerat
1133 3976 1410 4036 ‘soceros‚'

343 4068 483 4105 nunc
508 4056 756 4120 singulari
790 4062 997 4107 tantum
1030 4056 1174 4107 dicat
1203 4055 1415 4118 ‘conju-

348 4133 501 4195 gem,'
554 4133 756 4183 idcirco
801 4133 1127 4197 crediderim,
1165 4146 1266 4182 non
1300 4130 1417 4182 fieri

350 4208 433 4259 hic
457 4211 795 4272 mentionem,
810 4209 908 4259 nisi
924 4209 1074 4259 unius
1090 4223 1159 4260 ex
1172 4207 1417 4261 uxoribus

353 4285 584 4352 Boethii,
601 4300 790 4353 nempe
814 4285 1156 4351 Rusticianae‚
1173 4300 1287 4352 quar
1309 4285 1421 4340 sola

1533 2131 1556 2164 θ
1587 2130 1817 2181 Mascula»
1856 2142 2032 2194 quoque
2061 2124 2213 2190 prolis
2249 2118 2527 2185 opportuni·

1469 2208 1596 2273 tote]
1632 2208 1855 2271 Insuper
1879 2204 2132 2255 Boethius
2164 2209 2531 2252 commemora-

1472 2292 1558 2336 tur
1600 2283 1730 2334 felix
1767 2282 1979 2343 liheris;
2008 2281 2023 2309 ‘
2044 2277 2280 2330 mascula’
2314 2285 2534 2338 praeser·

1470 2363 1567 2413 tim
1597 2358 1816 2425 ‘prole.'
1882 2357 2001 2408 Filii
2039 2355 2174 2405 euim
2216 2350 2445 2412 Boethii,
2488 2347 2534 2399 si

1470 2454 1575 2493 non
1614 2437 1878 2490 Patricius
1917 2443 1974 2486 et
2024 2431 2306 2497 Hypatius,
2340 2428 2532 2478 saltem

1469 2518 1804 2581 Symmachus
1863 2521 1920 2564 et
1972 2510 2225 2561 Boethius
2276 2504 2531 2556 Consules

1469 2591 1601 2643 facti
1620 2599 1742 2642 sunt
1757 2605 1779 2638 t·
1800 2596 2084 2654 propterea
2104 2586 2187 2636 hic
2206 2586 2223 2613 ⁴
2245 2578 2535 2642 Consules,'

1469 2676 1530 2720 et
1567 2667 1705 2718 iufra
1740 2666 2074 2717 ‘consulares
2109 2657 2330 2734 liberos'
2381 2661 2539 2732 vocat

1472 2743 1845 2806 Philosophia:
1884 2746 2161 2805 propterea
2194 2734 2379 2784 eadem
2413 2732 2538 2783 Phi·

1472 2819 1715 2882 losophia
1735 2830 1873 2866 nunc
1900 2814 2065 2875 addit,
2095 2812 2111 2839 ‘
2126 2808 2428 2860 memoriam
2450 2806 2543 2856 hu·

1464 2897 1552 2961 jus
1569 2894 1808 2958 diei,quo
1828 2892 1842 2915 '
1873 2890 2112 2943 nimirum
2141 2884 2392 2937 Boethius
2426 2884 2442 2911 ‘
2467 2883 2544 2934 vi·

1476 2974 1557 3024 dit
1567 2973 1697 3023 duos
1713 2970 1909 3036 pariter
1924 2965 2174 3019 Consules
2184 2962 2375 3013 liberos
2387 2960 2543 3010 domo

1476 3048 1694 3117 provehi
1729 3045 1826 3097 sub
1857 3042 2154 3109 frequentia
2187 3045 2414 3104 patrum,
2446 3034 2543 3089 sub

1480 3126 1650 3193 plebis
1703 3124 1997 3183 alacritate,
2041 3127 2143 3184 quo
2196 3116 2334 3165 idem
2385 3112 2542 3177 regiae

1482 3198 1654 3255 laudis
1676 3208 1869 3262 orator,
1902 3196 2096 3262 ingenii
2124 3193 2338 3259 gloriam
2369 3189 2548 3241 facun-

1484 3282 1689 3345 diaeque
1713 3277 1922 3338 meruit,
1941 3289 2044 3340 quo
2064 3269 2392 3323 circumfusae
2414 3269 2545 3318 mul-

1485 3355 1725 3409 titudinis
1774 3351 2196 3417 expectationem
2252 3344 2550 3413 triumphali

1484 3434 1763 3499 largitione
1802 3430 2034 3493 satiavit,
2072 3443 2175 3478 non
2211 3441 2360 3491 posse
2392 3439 2550 3492 quan·

1485 3511 1678 3564 talihet
1719 3507 2088 3574 ingruentium,
2129 3503 2380 3555 malorum
2413 3500 2551 3550 mole

1486 3589 1690 3641 deleri?

1558 3664 1787 3716 ‘Sumtus
1826 3663 1882 3714 ia
1924 3654 2554 3717 adokaemiamdignitan

1487 3744 1584 3808 tes]
1615 3742 1885 3804 Boethius,
1904 3746 2187 3803 antequam
2207 3733 2411 3784 videret
2434 3742 2554 3781 suos

1484 3824 1680 3874 liberos
1705 3819 1973 3878 Consules,
1999 3816 2131 3880 ipse,
2161 3811 2330 3862 adhuc
2353 3809 2556 3860 adoles-

1490 3906 1638 3961 cens,
1677 3898 1780 3949 fuit
1816 3894 2098 3957 Patricius,
2135 3898 2192 3942 et
2225 3889 2364 3942 forte
2395 3887 2557 3939 etiam

1491 3976 1720 4030 Consulz
1769 3989 1888 4041 quas
1923 3972 2152 4036 dignitas
2173 3983 2290 4020 raro
2323 3973 2448 4018 ante
2469 3979 2560 4017 an·

1493 4069 1615 4105 num
1628 4052 1948 4117 trigesimum
1964 4046 2358 4099 conferebatur:
2382 4055 2558 4109 quam-

1494 4133 1675 4183 obrem
1709 4129 1889 4194 populi
1924 4128 2085 4178 etiam
2130 4123 2388 4190 suffragiis
2430 4119 2560 4171 felix

1497 4223 1635 4262 nunc
1658 4205 1998 4272 significatur.

1563 4294 1589 4329 τ
1614 4285 1815 4335 Carales
1844 4276 2180 4342 insidentibus]
2232 4272 2449 4326 Curules
2473 4287 2561 4322 vo-
