3049 4928
489 390 618 458 170

1187 403 1491 456 Bon'rfflt
1544 404 1644 453 DE
1689 402 2002 454 CONSOB-

1285 693 1711 758 METRUM
1758 693 1895 759 111.

842 848 950 915 GU
963 866 1012 912 M
1045 846 1291 932 p010†¹=
1334 846 1641 912 Phoebus
1667 848 1880 912 roseis
1910 847 2257 932 quadrigis

926 953 1178 1018 Lucem
1207 970 1515 1034 spargere
1546 950 1850 1033 coeperit,

842 1054 1068 1120 Pallet
1097 1054 1400 1119 albentes
1427 1053 1741 1118 hebetata
1770 1053 1993 1118 vultus

933 1156 1255 1222 Flammis
1287 1156 1487 1222 stella
1513 1156 1991 1241 prementibus·
2125 1192 2131 1200 -

849 1258 1022 1327 Cum
1049 1281 1284 1326 nemus
1313 1261 1481 1325 flatu
1514 1258 1857 1344 Zephyri0
1901 1259 2184 1404 tepentis
2666 1260 2717 1323 5

935 1364 1183 1430 Vernis
1209 1364 1492 1430 irrubuit
1518 1364 1721 1442 rosis,

849 1467 1119 1552 Spiret
1099 1487 1408 1533 insanum
1435 1465 1802 1531 nebulosus
1841 1399 2113 1544 Auster,

932 1572 1096 1639 Jam
1123 1571 1339 1655 spinis
1368 1572 1575 1636 abeat
1603 1568 1831 1636 decus.

581 1737 676 1789 Ubi
690 1739 894 1801 primum
915 1738 1001 1788 soz
1021 1738 1162 1788 rubeo
1184 1752 1326 1800 curru
1346 1736 1628 1811 quadrijugo
1659 1742 1817 1786 vectus
1849 1735 2028 1800 incepit
2064 1734 2334 1800 diffundere
2360 1732 2487 1782 diem
2517 1746 2609 1796 per
2628 1746 2723 1781 οω-

511 1804 625 1865 lum,
644 1809 872 1853 nocturna
892 1803 1048 1852 sidera
1081 1795 1241 1853 νείκεά
1274 1802 1465 1864 ignibus
1493 1801 1782 1851 instantibus
1819 1802 1966 1863 Solis,
2002 1806 2239 1850 contracto
2266 1800 2481 1860 candore,
2518 1799 2729 1873 pallent..

519 1867 614 1916 Ubi
631 1870 766 1932 sylva
798 1869 974 1932 spiritu
1004 1868 1218 1932 Zephyri
1245 1868 1426 1930 placide
1454 1867 1656 1916 calentis
1684 1868 1965 1930 purpuravit
1996 1866 2118 1916 rosis
2148 1880 2304 1915 verna
2334 1862 2729 1925 tempestatis,u

512 1930 695 1983 Auster
727 1934 1015 1997 caliginosus
1039 1932 1135 1998 flet
1159 1934 1448 1996 petulanter,
1489 1932 1658 1981 statim
1677 1938 2001 1982 ornamentum
2022 1949 2053 1981 a
2083 1930 2281 1981 rosariis
2312 1930 2502 1980 recedat
2531 1942 2728 1978 ncesse

577 2151 601 2198 t
632 2141 649 2172 ⁸
672 2142 815 2209 Lege
834 2144 965 2208 poli.-
999 2143 1034 2196 i.
1054 2158 1101 2196 e.
1122 2144 1291 2196 lucem
1316 2145 1458 2209 poli!
1477 2144 1689 2197 Wakef.
1709 2146 1774 2196 ad
1800 2146 2010 2197 Lucret.
2032 2158 2095 2197 11.
2117 2147 2230 2194 143.

1511 2267 1724 2319 NOTAE

584 2372 609 2398 ⁸
633 2363 773 2428 Polo]
808 2364 991 2425 PoluS,
1013 2365 1201 2416 Graece
1231 2363 1397 2428 πόλοι,
1430 2379 1580 2428 gene·
1662 2379 1729 2416 ea
1750 2364 1842 2415 Sol
1865 2378 2004 2415 nunc
2025 2361 2329 2427 perhibetur
2363 2362 2569 2414 ‘lucem
2584 2378 2732 2428 spur-

520 2441 673 2492 ratim
698 2447 778 2493 est
811 2442 975 2491 omnis
997 2442 1274 2493 circuitus:
1308 2456 1426 2492 nam
1448 2440 1578 2491 dici·
1662 2455 1786 2506 gere
1804 2439 1835 2506 ς’
1870 2447 1926 2491 et
1948 2441 1966 2470 ⁶
1983 2441 2134 2491 stella
2151 2438 2167 2462 ’
2209 2440 2492 2490 secundum
2514 2442 2530 2470 ‘
2549 2440 2733 2491 alben·

524 2527 612 2571 tur
633 2519 726 2569 ἆπὸ
742 2521 826 2569 τοῦ
846 2522 1029 2583 πολεῖν,
1056 2520 1194 2586 quod
1230 2527 1308 2570 est
1340 2527 1578 2572 vertere:

521 2596 790 2661 speciatim
833 2601 956 2647 vero
976 2604 1057 2647 est
1079 2599 1283 2660 eodum,
1317 2597 1455 2663 quod
1480 2613 1581 2648 coe-

519 2672 628 2722 lum
674 2679 910 2722 vertatur
933 2689 948 2723 ι
1000 2688 1161 2738 quare
1220 2673 1434 2723 immota
1473 2673 1585 2724 axis

521 2750 852 2813 extremitas,
885 2763 988 2798 non
1031 2749 1130 2799 nisi
1170 2749 1275 2799 κατ’
1315 2748 1588 2814 &ntupum

520 2826 588 2876 ab
610 2825 936 2875 Astronomis
955 2826 1130 2876 vocari
1153 2825 1327 2890 potuit
1359 2826 1376 2855 ‘
1400 2825 1587 2890 polus!

594 2901 814 2965 Plaoelm]
844 2902 967 2952 Sol:
1005 2903 1069 2952 de
1095 2902 1294 2953 Phoebo
1328 2903 1367 2953 1.
1391 2916 1430 2952 ι.
1454 2904 1588 2953 Met.

525 2982 577 3030 8.
603 2994 678 3028 vs.
700 2983 750 3029 9.
807 2979 891 3028 Sic
917 2979 1190 3029 Lucretius
1214 2978 1304 3029 lib.
1328 2994 1379 3029 v.
1409 2979 1426 3007 ⁴
1444 2981 1589 3029 Dum

527 3069 683 3106 rosea
704 3054 824 3106 face
847 3055 936 3105 Sol
961 3054 1182 3105 inferret
1201 3056 1400 3105 lumina
1420 3055 1590 3106 coelo.’

591 3132 763 3183 neseis
781 3131 1058 3197 quadrigis]
1111 3132 1199 3181 Sol
1223 3146 1254 3180 a
1290 3131 1473 3182 Poetis
1494 3131 1592 3181 fin-

527 3208 670 3272 gitur
720 3223 876 3259 curru
931 3209 1051 3258 vehi
1103 3209 1435 3274 quadrijugo,
1482 3211 1594 3260 sive

530 3299 687 3352 quem
720 3285 932 3349 rapiant
961 3291 1181 3351 quatuor
1216 3285 1368 3353 equi:
1403 3300 1595 3350 nempe

528 3362 744 3426 Pyrois,
782 3361 943 3424 Eous,
996 3363 1211 3426 AEthon,
1245 3370 1301 3413 et
1338 3362 1596 3428 Phlegon,

530 3437 712 3504 quibus
745 3438 896 3503 ignis,
930 3439 1038 3503 lux,
1068 3441 1245 3502 ardor,
1280 3446 1335 3491 et
1371 3439 1596 3504 flamma,

535 3523 759 3583 quatuor
797 3517 1064 3581 praecipua
1092 3516 1227 3567 Solis
1256 3516 1465 3581 effecta,
1497 3533 1599 3569 nec

531 3608 637 3645 non
653 3594 809 3644 etiam
830 3599 1052 3658 quatuor
1074 3594 1355 3658 praecipuae
1381 3593 1485 3644 diei
1507 3596 1600 3646 ho-

536 3686 611 3721 rae
634 3668 1012 3734 significentur.
1048 3669 1269 3720 Ovidius
1292 3684 1355 3720 ιι.
1378 3673 1600 3725 Metam.

535 3759 617 3797 vs.
636 3750 754 3797 153.
820 3746 837 3775 ‘
857 3745 1074 3795 Interea
1094 3747 1329 3797 volucres
1354 3748 1600 3813 Pyroeis,

537 3825 698 3885 Eous,
720 3829 775 3872 et
796 3821 1005 3884 AEthon,
1030 3822 1166 3872 Solis
1192 3823 1332 3889 equi,
1362 3830 1600 3889 quartus-

538 3911 643 3966 que
662 3900 917 3963 Phlegon,
939 3898 1226 3950 hinnitibus
1259 3916 1407 3951 auras
1428 3902 1601 3951 Flam-

538 3976 734 4027 miferis
756 3976 992 4040 implent,
1010 3976 1332 4043 pedibusque
1355 3979 1604 4042 repagula

542 4052 792 4120 pulsant!
854 4053 962 4105 Sol*
989 4060 1162 4103 autem
1208 4055 1380 4103 oriens
1419 4053 1605 4118 majori

541 4131 732 4186 lumine
749 4146 842 4182 suo
857 4131 1046 4182 dicitur
1057 4131 1176 4180 hinc
1192 4130 1330 4180 diem
1339 4146 1608 4195 spargere,

543 4206 668 4257 inde
711 4221 836 4259 vero
868 4207 1047 4257 stellas
1086 4207 1331 4270 minores,
1352 4222 1469 4274 quae
1510 4222 1608 4272 per

544 4292 755 4337 noctem
782 4285 1095 4349 regnabant,
1115 4282 1331 4348 fugare:
1370 4292 1617 4351 propter·,

1662 2517 1772 2568 tes'
1793 2533 1913 2568 suos
1933 2518 1949 2546 ‘
1969 2519 2160 2581 vultus,
2177 2516 2425 2568 hebetata
2445 2518 2740 2582 prementi·

1665 2595 1760 2645 bus
1779 2594 1795 2619 '
1827 2595 1958 2645 Solis
1982 2595 2143 2659 ipsius
2179 2597 2195 2622 ‘
2216 2593 2455 2657 flammis,
2480 2594 2687 2658 pallere
2705 2596 2738 2646 :'

1667 2687 1785 2737 quae
1823 2678 1905 2722 est
1942 2671 2239 2722 vicissitudo
2282 2672 2450 2722 noctis
2493 2679 2551 2723 et
2595 2673 2736 2736 dieu

1668 2749 1734 2799 de
1755 2765 1859 2814 qua
1879 2749 1964 2800 hic
1986 2750 2209 2814 primum
2232 2750 2421 2814 agitur.

1731 2834 1756 2860 ⁰
1777 2827 2011 2892 Zephyri]
2057 2827 2300 2877 Secunda
2323 2827 2652 2892 vicissitudo,
2672 2827 2739 2876 de

1669 2919 1768 2970 qua
1810 2903 1894 2954 hic
1934 2905 2126 2968 agitur,
2160 2911 2243 2956 est
2295 2910 2592 2968 ventorum,
2638 2905 2737 2956 Ze·

1671 2980 1827 3046 phyri
1854 2980 2098 3030 nimirum
2117 2988 2173 3033 et
2196 2981 2395 3043 Austri,
2413 2995 2634 3045 quorum
2655 2980 2741 3030 hic

1671 3057 1816 3107 illum
1830 3056 1906 3107 itu
1926 3058 2145 3123 excipit,
2168 3064 2228 3108 ut
2250 3057 2386 3123 quod
2404 3055 2593 3121 prioris
2610 3054 2744 3106 flatu

1673 3135 1859 3197 oritur,
1877 3135 1977 3186 hoc
2001 3136 2234 3200 spirante
2257 3134 2544 3199 posteriore
2577 3133 2742 3184 inter·

1673 3218 1780 3262 eat.
1847 3212 2120 3277 Zephyrus
2152 3224 2280 3275 ergo
2297 3216 2383 3260 est
2402 3216 2588 3261 ventus
2609 3207 2742 3262 flans

1676 3289 1742 3340 ab
1779 3303 1969 3339 occasu
2002 3287 2387 3354 aequinoctiali:
2440 3286 2581 3338 unde
2609 3287 2744 3338 lenis

1677 3370 1757 3415 est
1773 3370 1829 3415 et
1847 3371 2052 3431 tepens,
2066 3371 2339 3430 terrasque
2360 3371 2648 3429 propterea
2668 3352 2744 3412 ‹li-

1679 3443 1815 3494 citur
1849 3442 2188 3493 foecundare.
2224 3442 2345 3491 hinc
2379 3439 2582 3490 Graecis
2615 3438 2744 3490 dici·

1682 3527 1769 3572 tur
1791 3518 2010 3584 ζέφυρος,
2034 3518 2181 3584 quasi
2203 3515 2450 3581 ζσηφόρος,
2476 3515 2639 3567 vitam
2673 3514 2748 3566 fe·

1682 3611 1837 3659 rens3
1890 3595 2089 3646 Latinis
2126 3608 2251 3644 vero
2281 3593 2559 3655 Favonius,
2592 3592 2745 3659 quasi

1682 3673 1920 3737 genitalis
1957 3671 2131 3720 mundi
2170 3669 2399 3734 spiritus,
2437 3683 2468 3719 a
2501 3668 2746 3734 fovendo,

1681 3748 1849 3814 inquit
1869 3747 2062 3798 Plinius
2085 3748 2122 3798 1.
2148 3759 2264 3796 xvr.
2279 3761 2326 3797 c.
2349 3750 2432 3796 25.
2467 3746 2658 3810 Virgll.
2682 3760 2746 3797 ιι.

1683 3825 1847 3875 Geor.
1869 3840 1946 3876 vs.
1969 3828 2085 3874 330.
2111 3830 2127 3853 ‘
2151 3822 2391 3873 Parturit
2414 3822 2578 3872 almus
2600 3835 2747 3887 ager,

1683 3902 2018 3967 Zephyrique
2043 3899 2347 3965 tepentibus
2379 3899 2519 3948 auris
2543 3900 2750 3951 Laxant

1685 3994 1812 4030 arva
1826 3978 2002 4030 sinus!
2031 3978 2324 4043 Propterea
2343 3977 2359 4006 ‘
2378 3976 2589 4027 nemus'
2611 3991 2748 4026 nunc

1684 4057 1875 4107 dicitur
1916 4059 1932 4087 ‘
1955 4054 2123 4106 vernis
2144 4053 2275 4104 rosis
2299 4054 2604 4119 irrubuisse,
2618 4051 2749 4104 flatu

1686 4133 1916 4199 Zephyri
1954 4130 2216 4195 tepentis!
2282 4130 2482 4183 Auster
2514 4146 2640 4183 vero
2667 4136 2749 4181 est

1686 4215 1872 4259 ventus
1906 4224 1937 4258 a
1963 4208 2181 4258 Meridie
2204 4205 2367 4258 flansz
2405 4208 2542 4261 unde
2563 4208 2748 4275 quibus

1688 4285 1894 4352 populis
1932 4299 2074 4336 mare
2114 4291 2197 4335 est
2232 4285 2299 4337 ad
2341 4286 2635 4352 Meridiem,
2671 4285 2747 4336 his
