3049 4928
492 402 623 470 476

490 569 604 623 est3
640 560 891 612 occidisse
911 561 1079 612 miuus
1100 559 1220 611 fuit.
1262 560 1446 611 Vallis.

565 640 746 702 Corpas
789 643 838 688 et
880 639 985 688 visa
1034 638 1246 700 gelidum
1295 635 1566 702 pererrans]

490 716 769 765 Suetonius
793 715 885 765 lib.
903 729 981 764 vi.
1000 714 1309 764 ‘Adduntur
1325 714 1405 763 his
1427 720 1565 764 atro·

490 795 653 857 ciora,
691 808 789 844 nec
811 793 1026 844 incertis
1051 791 1365 853 auctoribus,
1400 791 1465 841 ad
1490 791 1565 840 vi·

493 872 708 922 sendum
722 869 1014 921 interfectae
1027 869 1254 920 cadaver
1262 869 1568 934 accurrisse,

490 954 850 997 contrectasse
874 946 1125 1008 membra,
1154 946 1255 996 alia
1276 946 1566 1010 vituperas-

496 1038 574 1084 se,
596 1023 700 1072 alia
736 1022 993 1083 laudasse,
1025 1022 1214 1087 sitique
1248 1022 1457 1072 interim
1478 1021 1568 1071 ob-

496 1107 616 1149 orta
639 1099 872 1149 bibisse.’
904 1099 1080 1149 δίκην.

561 1176 657 1226 Sed
677 1191 777 1227 esse
800 1177 979 1226 Censor
1008 1176 1212 1226 extincti
1247 1175 1400 1238 potuit
1431 1176 1565 1225 deco·

490 1252 586 1317 ris]
621 1254 833 1304 Tacitus
870 1253 1055 1305 Annal.
1094 1267 1215 1304 nv.
1252 1255 1267 1281 ‘
1290 1252 1565 1317 Adspexe·

493 1331 635 1382 ritne
658 1337 877 1380 matrem
897 1329 1185 1380 exanimem
1204 1330 1370 1391 Nero,
1387 1335 1444 1379 et
1459 1328 1563 1378 for·

490 1422 625 1457 mam
665 1407 901 1471 corporis
936 1407 1052 1471 ejus
1090 1405 1401 1466 laudaverit,
1445 1410 1565 1454 sunt

492 1485 581 1549 qui
619 1483 969 1545 tradiderunt,
1010 1487 1132 1532 sunt
1167 1481 1258 1547 qui
1295 1478 1565 1531 abnuunt.'

494 1563 736 1611 Bernort.

557 1637 783 1687 Eat-tincti
863 1635 1071 1700 decoris]
1106 1635 1123 1664 ‘
1135 1635 1354 1698 Integer
1368 1633 1564 1698 decor,’

490 1715 627 1778 apud
649 1715 922 1778 Vegetium
946 1713 1038 1763 lib.
1057 1727 1133 1763 iv.
1158 1727 1275 1776 cap.
1299 1717 1349 1762 9.
1396 1712 1483 1762 De
1507 1725 1567 1760 re

490 1790 740 1842 militari:
784 1791 1124 1840 ‘Maluerunt
1164 1789 1302 1839 enim
1340 1787 1567 1852 pudicis-

491 1867 637 1918 simae
675 1866 880 1917 seminae
919 1865 1214 1917 deformato
1253 1864 1321 1914 ad
1357 1870 1567 1927 tempus

453 1963 460 1968 ·
491 1944 671 2007 capite
723 1943 887 1993 libere
942 1944 1118 1992 vivere
1171 1956 1288 1992 cum
1346 1941 1567 2001 maritis,

491 2033 644 2084 quam
688 2019 925 2068 hostibus
968 2018 1176 2082 integro
1221 2017 1412 2069 decore
1457 2031 1566 2067 ser-

493 2093 640 2146 vire!
674 2094 850 2144 Sitzm.

560 2172 691 2228 Quos
702 2171 832 2221 videt
845 2170 1072 2233 condens]
1104 2171 1290 2235 Virgil.
1309 2185 1348 2223 1.
1366 2171 1564 2235 Georg.

488 2248 503 2274 ‘
526 2247 617 2297 Sol
655 2262 859 2313 quoque
901 2254 956 2296 et
989 2247 1246 2310 exoriens,
1277 2252 1334 2296 et
1365 2261 1483 2297 cum
1507 2260 1565 2297 se

492 2323 687 2375 condet
708 2325 761 2373 in
785 2324 946 2373 undas
969 2324 1130 2388 Signa
1152 2323 1334 2375 dabit)
1378 2324 1566 2374 Senec-

494 2402 549 2451 in
592 2401 787 2453 Troad.
835 2416 907 2451 vs.
952 2405 1067 2451 381.
1123 2403 1139 2430 ‘
1167 2400 1427 2467 Quicquid
1474 2401 1565 2451 Sol

491 2481 681 2543 oriens,
713 2479 964 2545 quicquid
1003 2485 1061 2528 et
1097 2478 1341 2528 occidens
1366 2479 1563 2529 Novitz

496 2557 732 2607 caeruleis
755 2557 1000 2607 Oceanus
1020 2554 1173 2605 fretis
1197 2554 1458 2620 Quicquid
1484 2554 1568 2604 vel

491 2635 725 2695 veniens,
753 2634 833 2682 vel
856 2631 1063 2695 fugiens
1086 2633 1247 2695 lavat,
1285 2633 1428 2681 AEtas
1461 2632 1566 2681 Pe-

491 2725 648 2774 gaseo
667 2709 920 2773 corripiet
936 2708 1136 2773 gradu.'
1170 2709 1236 2758 Iu
1256 2709 1419 2759 Herc.
1439 2709 1565 2760 Fur.

492 2804 567 2839 vs.
590 2794 705 2839 871.
739 2789 754 2817 ‘
775 2788 896 2838 Tibi
928 2789 1123 2838 crescit
1157 2802 1307 2837 omne
1331 2789 1401 2837 Et
1425 2787 1566 2852 quod

494 2879 712 2914 occasus
737 2865 885 2927 vidit,
918 2871 978 2914 et
997 2863 1134 2929 quod
1158 2864 1336 2914 ortus.'
1381 2864 1533 2913 Idem.

561 2942 695 2996 Quos
705 2945 929 3004 premunt
942 2946 1120 3004 septem
1132 2957 1189 3004 g.
1203 2940 1269 3005 ιη]
1303 2943 1488 2991 Senec.
1512 2942 1567 2990 in

494 3017 662 3069 Herc.
709 3020 834 3071 Fur.
871 3034 948 3070 vs.
986 3024 1099 3072 129.
1145 3021 1392 3083 ‘Signum
1437 3020 1567 3069 celsi

493 3095 718 3160 glaciale
740 3095 867 3160 poli,
897 3096 1111 3161 Septem
1136 3097 1304 3146 stellis
1330 3094 1565 3146 Arcades

496 3188 632 3223 ursas
672 3174 869 3224 Lucem
907 3187 1053 3224 verso
1093 3179 1303 3223 temone
1341 3170 1568 3222 vocant?

495 3250 649 3300 Idem.

559 3326 755 3390 Septem
770 3326 971 3391 triones]
996 3328 1149 3380 Quod
1170 3325 1348 3390 ἅμαξαν
1364 3326 1564 3389 Graeci,

493 3402 509 3430 ‘
527 3401 932 3465 Septentriones
950 3403 963 3425 ’
1000 3404 1172 3454 Latini
1199 3410 1405 3455 vocant.
1460 3403 1568 3453 Adi

497 3475 670 3539 Agell.
691 3477 782 3527 lib.
808 3491 873 3528 11.
895 3492 1012 3541 cap.
1034 3483 1119 3528 21.
1150 3481 1307 3531 laem.

564 3553 676 3602 Heu
691 3568 891 3615 gravem
910 3556 1107 3619 sortem]
1139 3555 1298 3605 Ovid.
1320 3556 1407 3605 De
1426 3556 1567 3605 Pon·

495 3637 570 3693 to,
591 3631 737 3694 Eleg.
759 3635 809 3680 9.
840 3633 855 3659 ‘
874 3631 1097 3696 Queror,
1120 3647 1152 3681 o
1155 3633 1392 3696 jucunde
1414 3633 1566 3683 soda-

492 3710 579 3771 lis,
595 3709 881 3761 Accedunt
891 3713 1081 3762 nostris
1100 3727 1242 3762 soeva
1259 3712 1398 3778 quod
1423 3728 1567 3763 arma

494 3786 679 3837 malis?
712 3787 864 3838 Idem.

562 3864 768 3914 Gladius
809 3864 1005 3930 emeno]
1057 3867 1188 3916 Cum
1237 3868 1375 3918 enim
1419 3869 1566 3918 Nero

493 3947 578 3991 ter
597 3948 818 3993 matrem
840 3958 1040 3994 veneno
1071 3946 1255 3995 tollere
1293 3953 1566 4010 tentasset,

496 4019 840 4085 sensissetque
884 4021 1133 4072 antidotis
1173 4023 1565 4087 praemunitam3

495 4095 587 4145 ubi
609 4110 723 4146 eam
746 4112 917 4162 neque
940 4098 1213 4163 naufragio
1226 4115 1454 4165 quoque,
1475 4115 1566 4150 ne·

493 4186 598 4236 que
635 4173 779 4223 navis
819 4176 1042 4225 solutilis
1082 4177 1232 4226 ruina
1268 4176 1567 4240 opprimere

497 4250 690 4312 potuit,
721 4251 906 4303 missus
928 4250 1205 4316 Anicetus,
1227 4253 1402 4317 gladio
1433 4253 1570 4305 occi·

1199 416 1418 475 1⁴01?AE
1473 415 1871 466 VAluoRUM
1923 416 2003 466 m

1637 560 1738 610 dit.
1768 559 1996 621 Tacitus,
2012 558 2307 620 Suetonius,
2328 558 2485 610 Dion.
2524 559 2689 612 Vallis.

1702 637 1891 687 Pausa
1911 642 1962 686 7.
2029 637 2295 687 Materia·
2317 638 2543 699 gerendis
2561 637 2691 688 rebus

1636 712 1923 778 optauimus]
1966 713 2125 763 Secus
2165 711 2296 764 fecit
2333 712 2510 776 Plato,
2531 714 2614 780 qui
2636 715 2698 764 ad

1639 789 1895 853 Rempub.
1917 789 2169 840 accedere
2194 790 2379 853 uoluit,
2401 791 2529 841 licet
2546 792 2704 840 maxi-

1638 881 1722 916 nie
1750 866 1919 917 civilis
1952 872 2111 917 esset.
2175 867 2313 916 Vide
2338 867 2503 931 Diog.
2531 868 2706 918 Laeti.

1638 944 1728 995 lib.
1751 958 1839 996 m.
1903 945 1976 993 Et
2007 942 2306 994 Arcesilaus
2329 958 2481 993 omne
2503 951 2709 1008 tempus

1638 1021 1772 1072 vixit
1803 1022 1855 1071 iu
1886 1020 2189 1082 Academia,
2225 1020 2457 1084 Reipub.
2493 1021 2710 1085 negotia

1637 1097 1856 1164 fugiens.
1908 1097 2031 1147 vid.
2054 1097 2207 1146 eund.
2229 1097 2322 1148 lib.
2341 1111 2418 1147 ιν.
2454 1098 2613 1147 Idem.

1705 1176 1826 1231 Qaae
1846 1191 1983 1239 quom
2002 1174 2069 1223 sit
2090 1173 2258 1236 exilis]
2306 1174 2392 1223 De
2423 1173 2706 1223 resecando

1638 1265 1812 1301 amore
1833 1251 1997 1301 laudis
2018 1251 2255 1299 humanm
2281 1248 2400 1299 vide
2428 1250 2710 1313 Augustin.

1637 1328 1732 1378 lib.
1755 1341 1808 1377 v.
1832 1326 1900 1377 de
1923 1327 2081 1377 Civit.
2102 1326 2221 1388 Dei,
2254 1340 2372 1389 cap.
2397 1329 2482 1374 13.
2519 1333 2576 1376 et
2599 1328 2713 1390 plu·

1639 1404 1782 1454 rimis
1825 1403 1954 1454 locis
1998 1403 2342 1454 Homiliarum
2384 1417 2595 1452 suarum
2638 1403 2710 1453 D.

1636 1481 1792 1532 Joan.
1815 1480 2215 1544 chrysostomus
2248 1478 2513 1541 κενοδοξίαν
2545 1480 2710 1530 insec-

1641 1564 1796 1608 tatur.
1830 1558 1983 1607 Idem.

1708 1634 1907 1683 omnm
1925 1638 2067 1683 terra·
2080 1632 2329 1698 ambitum]
2357 1634 2602 1685 Macrob.
2618 1634 2709 1683 lib.

1640 1724 1706 1761 11.
1744 1711 1796 1759 in
1830 1711 2004 1761 Somn.
2026 1711 2165 1773 Scip.
2185 1726 2303 1774 cap.
2328 1716 2380 1762 9.
2416 1711 2582 1761 {Ideo
2604 1717 2708 1761 ter-

1641 1803 1713 1837 τε
1737 1787 1966 1838 brevitas
1990 1796 2094 1837 tam
2118 1788 2397 1851 diligenter
2439 1790 2710 1850 asseritur,

1641 1870 1701 1913 ut
1738 1865 1884 1928 parvi
1923 1863 2255 1928 pendendum
2287 1864 2538 1915 ambitum
2560 1865 2709 1915 famae

1642 1943 1719 1991 vir
1740 1941 1890 1992 fortis
1912 1942 2187 2006 intelligat,
2221 1957 2338 2008 quae
2371 1943 2425 1992 in
2461 1949 2569 1993 tam
2593 1957 2707 2008 par-

1640 2035 1706 2070 vo
1728 2035 1917 2083 magua
1935 2034 2051 2070 esse
2085 2035 2187 2069 non
2228 2020 2449 2084 poterit,
2490 2026 2553 2071 ut
2590 2035 2710 2071 con·

1639 2102 1818 2147 tentus
1874 2097 2047 2161 potius
2099 2097 2439 2147 conscientiae
2493 2097 2711 2162 praemio

1640 2173 1858 2237 gloriam
1881 2187 1982 2221 non
2004 2171 2277 2237 requirat?
2307 2174 2461 2223 Idm·

1703 2248 1910 2313 Pinneti]
1945 2250 2063 2300 Hoc
2081 2257 2204 2299 ante
2222 2251 2509 2314 scripserat
2524 2251 2711 2301 Cicero

1638 2326 1845 2377 Tuscul.
1885 2327 2090 2381 Quaest.
2131 2326 2222 2377 lib.
2260 2340 2298 2377 1.
2342 2328 2711 2379 ‘Persuadent

1641 2405 1778 2455 enim
1810 2403 2159 2453 mathematici
2195 2411 2409 2467 terram,
2445 2404 2498 2453 in
2540 2403 2711 2453 medio

1640 2481 1816 2531 mundi
1840 2482 2008 2544 sitam,
2038 2481 2105 2531 ad
2142 2481 2369 2531 universi
2408 2483 2533 2531 coeli
2570 2495 2708 2532 com·

1642 2560 1851 2622 plexum
1878 2558 2024 2622 quasi
2056 2559 2237 2621 puncti
2262 2559 2427 2607 instar
2448 2558 2709 2621 obtinere,

1640 2635 1781 2701 quod
1818 2633 2008 2699 κέντρον
2044 2635 2120 2684 illi
2143 2634 2371 2686 vocant.'
2439 2635 2609 2686 Quem
2632 2635 2705 2684 lo-

1642 2726 1760 2761 cum
1800 2711 2031 2762 imitatus
2065 2719 2149 2760 est
2171 2709 2342 2760 Amin.
2363 2711 2707 2761 Marcellinus

1643 2791 1733 2840 lib.
1758 2803 1852 2840 xv.
1892 2798 1948 2840 et
1981 2790 2184 2839 Plinius
2217 2789 2354 2840 libro
2380 2804 2447 2840 11.
2482 2803 2599 2853 cap.
2622 2792 2705 2838 68.

1643 2865 1794 2919 Quod
1820 2867 2145 2915 demonstrat
2169 2866 2486 2915 Ptolemaeus
2507 2879 2710 2928 magum

1643 2944 1901 3005 συντάξεως
1921 2943 2012 2993 lib.
2040 2956 2080 2993 1.
2105 2956 2222 3007 cap.
2244 2947 2294 2992 6.
2321 2949 2377 2993 et
2401 2944 2466 2992 ad
2491 2959 2610 2993 enm
2636 2944 2708 2993 lo-

1644 3035 1763 3070 cum
1784 3021 1978 3070 Thoon.
2031 3020 2165 3082 Imo,
2191 3022 2207 3047 ‘
2225 3020 2405 3069 Omnis
2431 3020 2615 3084 terra,’
2636 3021 2713 3069 in·

1643 3097 1755 3161 quit
1770 3095 2071 3147 Macrobius
2091 3110 2208 3160 cap.
2225 3100 2276 3145 9.
2301 3096 2392 3147 lib.
2413 3110 2478 3146 11.
2497 3097 2551 3145 in
2570 3096 2715 3145 Som-

1642 3174 1784 3224 nium
1817 3173 2101 3237 Scipionis,
2132 3172 2234 3221 ‘ad
2269 3173 2505 3237 quemvis
2527 3173 2710 3222 coeles·

1643 3258 1750 3301 tem
1772 3250 2045 3311 circulum,
2068 3249 2214 3314 quasi
2251 3256 2494 3312 centron,
2533 3249 2713 3313 puncti

1641 3327 1845 3378 obtinet
1866 3325 2074 3377 locum.'
2112 3326 2286 3376 Vallia.

1709 3404 1889 3455 Puncta·
1901 3409 2084 3455 constat
2096 3403 2304 3454 obtinere
2317 3403 2575 3467 rationem]
2590 3402 2714 3454 Am·

1642 3482 1799 3534 mian.
1836 3480 2133 3531 Marcellin.
2175 3480 2265 3530 lib.
2298 3493 2392 3531 xv.
2433 3480 2711 3531 ‘Ambitus

1645 3565 1806 3609 terrae
1840 3557 1999 3607 totius
2033 3572 2151 3622 quat,
2186 3557 2336 3607 nobis
2375 3557 2583 3608 videtur
2618 3559 2711 3607 im·

1643 3649 1843 3697 mensa,
1880 3634 1944 3684 ad
1968 3634 2379 3698 magnitudinem
2401 3635 2711 3685 universita-

1645 3713 1714 3762 tis
1730 3712 1896 3763 instar
1914 3711 2085 3760 brevis
2101 3711 2307 3761 obtinet
2329 3711 2549 3775 puncti-³
2568 3712 2712 3762 Mar·

1643 3789 1757 3840 tial.
1779 3788 2013 3851 Capella,
2041 3786 2130 3837 lib.
2155 3800 2231 3838 vt.
2277 3788 2366 3837 De
2392 3789 2440 3837 N
2449 3794 2563 3852 upt.
2580 3787 2712 3838 Phi-

1644 3866 1802 3930 lolog.
1836 3865 2061 3928 ‘Tellus,
2096 3879 2209 3928 quae
2248 3864 2488 3928 rapidum
2517 3865 2711 3914 consis-

1644 3948 1763 3993 tens
1805 3942 2026 4007 suscipit
2065 3942 2264 4005 orbem,
2307 3941 2508 3992 Puncti
2545 3942 2713 3992 instar

1642 4021 1816 4071 medio
1837 4021 2059 4069 haeserat
2082 4033 2182 4068 uua
2202 4018 2355 4069 loco.’
2387 4018 2558 4068 Sitam.

1711 4097 1902 4153 Quarto
1922 4095 2036 4156 fere
2063 4095 2247 4158 portio]
2290 4095 2429 4144 Vide
2469 4095 2528 4143 M
2533 4093 2710 4145 acrob.

1645 4177 1736 4227 lib.
1762 4190 1826 4226 11.
1853 4176 1907 4225 iu
1930 4176 2108 4225 Somn.
2160 4174 2307 4237 Scip.
2334 4188 2453 4238 cap.
2483 4180 2534 4223 5.
2574 4173 2704 4223 Lud-

1644 4253 1851 4317 Vivem,
1892 4252 1948 4301 in
1990 4251 2276 4308 Comment.
2316 4251 2390 4309 ad,
2421 4250 2706 4315 Augustin.
