3049 4928
486 414 618 479 432

491 579 689 639 praeter
713 572 998 637 Diogenem
1022 571 1191 622 Laiirt.
1218 573 1281 622 B.
1305 571 1549 635 Augusti·

491 664 613 699 num
637 649 727 697 lib.
753 661 881 698 vm.
915 649 1003 697 De
1026 648 1138 697 Civ.
1165 649 1267 698 Dei
1291 662 1406 711 cap.
1429 652 1550 697 ‘het

489 727 561 777 ibi
587 726 714 775 Lud.
739 725 939 774 Vivem.
975 725 1145 774 Sitzm.

559 802 731 851 Nostri
767 801 979 865 habitus]
1034 801 1236 850 Seneca
1271 800 1441 864 Epist.
1463 805 1548 849 65.

397 897 403 905 ¹
489 877 671 928 ‘Adeo
711 877 1045 941 Philosophia
1065 891 1266 926 sacrum
1305 876 1549 941 quiddam

492 961 577 1005 est
602 962 658 1004 et
681 954 996 1017 venerabile,
1042 963 1101 1003 ut
1139 954 1298 1003 etiam
1338 954 1381 1002 si
1422 952 1549 1018 quid

489 1032 567 1080 illi
611 1030 773 1080 simile
829 1041 932 1095 est,
984 1031 1255 1081 mendacio
1300 1030 1549 1096 placeat!

503 1109 683 1159 Vallia.

563 1187 701 1243 Quod
723 1186 768 1234 si
789 1200 872 1234 nec
906 1184 1210 1247 Anaxagora·
1238 1185 1433 1248 fugam,
1466 1200 1551 1234 nec

496 1263 711 1312 δυσαής
731 1277 971 1321 venenum,
1002 1275 1086 1311 nec
1107 1261 1314 1311 Zenonis
1348 1267 1553 1310 tormen-

493 1346 566 1402 ta,
601 1340 818 1402 quoniam
854 1344 967 1388 sunt
1001 1338 1274 1402 peregriua,
1292 1337 1398 1401 Sym]
1454 1338 1554 1387 Mi·

492 1416 630 1465 nime
652 1422 804 1464 eruut
826 1416 1121 1479 peregrina,
1154 1414 1197 1462 si
1226 1415 1431 1478 legatur
1453 1414 1550 1463 Di-

494 1508 578 1557 og.
602 1492 838 1558 Laertius
861 1491 926 1541 de
958 1492 1080 1541 vitis
1103 1491 1552 1555 Philosophorum.

497 1570 666 1619 Nobis
704 1568 1016 1632 singulorum
1062 1568 1222 1617 vitam
1268 1565 1553 1617 fortunam-

497 1660 600 1711 que
656 1647 830 1694 multis
888 1645 1046 1694 dictis
1087 1644 1200 1708 jam
1261 1658 1555 1706 recensere,

494 1723 510 1751 ‘
530 1722 847 1786 perdelirum
870 1736 983 1771 esse
1007 1720 1250 1770 videtur!
1300 1719 1471 1771 Sitzm.

570 1800 712 1854 Quod
765 1800 811 1848 si
863 1814 948 1848 nec
1000 1799 1308 1860 Anaxagorae
1352 1796 1554 1860 fug-um]

497 1876 627 1925 Cum
652 1871 879 1939 quinque
907 1874 1116 1923 talentis
1143 1875 1411 1938 multatus,
1447 1874 1555 1925 exi-

493 1950 667 2014 lioque
710 1950 777 1999 ab
810 1949 1217 2000 Atheniensibus
1260 1951 1556 2012 damnatus,

498 2026 840 2089 Lampsacum
889 2025 1157 2091 profectus
1202 2036 1305 2092 est,
1355 2029 1448 2079 ubi
1501 2034 1559 2079 et

494 2102 632 2152 diem
658 2118 805 2153 suum
836 2104 988 2154 obiit.
1051 2104 1158 2155 Adi
1196 2106 1463 2156 Lacr-tium
1502 2105 1557 2154 in

498 2178 835 2245 Anaxagora.
870 2183 1023 2232 Bern.

563 2257 873 2319 Anaxagoroe
881 2258 1084 2322 fugam]
1106 2259 1310 2323 Nempe
1324 2259 1561 2320 exilium,

498 2334 639 2399 quod
664 2341 746 2383 est
783 2334 931 2399 φυγὴ,
967 2336 1020 2385 in
1056 2337 1192 2402 quod
1225 2335 1560 2386 Atheniensi-

502 2426 588 2460 um
627 2412 842 2462 decreto
878 2420 1026 2463 actus
1067 2419 1180 2463 est:
1219 2414 1329 2463 sive
1368 2412 1565 2478 fugam,

501 2491 642 2556 quod
666 2496 725 2542 ut
761 2491 850 2540 alii
883 2492 1084 2553 volunt,
1120 2491 1235 2556 ipse
1260 2507 1353 2541 sua
1375 2497 1562 2555 sponte

499 2567 555 2616 in
579 2566 792 2619 exilium
815 2567 986 2618 iverit.
1036 2567 1156 2618 vid.
1198 2567 1423 2631 Diogen.
1461 2569 1562 2618 La·

501 2642 602 2694 ert.
645 2642 822 2693 Vauin.
1334 2688 1341 2693 .

567 2719 671 2769 Nec
707 2720 914 2770 Zenonis
949 2721 1207 2785 tormenta]
1297 2722 1563 2771 Zenonem

500 2795 741 2845 Eleatem
765 2797 1032 2861 intelligit,
1053 2797 1360 2847 Dialecticae
1385 2796 1564 2846 iuven·

501 2878 698 2923 torem:
726 2875 798 2923 ‘de
817 2879 963 2940 cujus
981 2874 1250 2925 tormentis
1268 2888 1368 2923 non
1383 2873 1565 2922 eadem

496 2949 780 3013 scriptores
804 2951 1087 3001 tradidere.
1155 2950 1413 3013 Laertius,
1450 2964 1568 2999 cum

503 3027 791 3078 Learchum
809 3038 1083 3093 tyrannum
1103 3044 1192 3078 seu
1205 3035 1265 3078 ut
1282 3028 1368 3076 alii
1387 3027 1570 3075 volunt

499 3105 901 3158 Diomedontem
969 3105 1246 3172 profligare
1304 3105 1571 3166 voluisset,

502 3185 924 3236 constantissime
985 3184 1256 3236 tormentis
1331 3182 1569 3232 omnibus

502 3260 772 3325 restitisse,
818 3262 1026 3312 tandem
1065 3278 1133 3312 ne
1175 3262 1355 3312 dolore
1401 3262 1570 3310 victus

507 3338 676 3387 socios
723 3340 996 3403 proderet,
1048 3339 1272 3404 linguam
1295 3337 1569 3399 {dentibus

507 3414 814 3477 praecidisse
848 3422 905 3465 et
943 3416 994 3465 in
1031 3416 1239 3479 tyranni
1271 3414 1459 3465 faciem
1484 3428 1572 3463 ex-

507 3490 681 3552 puisse
715 3491 924 3541 scribit:
958 3492 1162 3556 [eadem
1187 3492 1394 3556 Cicero,
1415 3493 1570 3541 Tusc.

507 3567 707 3618 Quaest.
740 3568 776 3617 l.
807 3582 869 3619 11.
909 3567 1090 3617 eadem
1123 3569 1463 3619 Theodoritus
1505 3569 1575 3618 de

509 3642 1151 3708 Graecarumjaffectlcur.
1176 3646 1210 3694 l.
1233 3659 1362 3694 vm.
1418 3647 1572 3695 Eras-

513 3718 721 3769 thenem
763 3720 946 3772 citans.
1009 3720 1251 3770 Valerius
1294 3735 1436 3784 vero,
1482 3721 1572 3770 lib.

510 3810 599 3846 ιιι.
629 3812 674 3846 c.
699 3801 747 3846 3.
814 3798 960 3848 Zeno
1004 3798 1236 3861 Eleates,
1274 3799 1289 3826 ‘
1316 3796 1574 3862 Agrigen-

505 3872 657 3936 tum,'
710 3875 896 3939 inquit,
941 3874 1255 3924 ‘miserabili
1321 3876 1575 3925 servitute

516 3948 759 4000 obrutum
784 3950 980 4016 petiit„
995 3958 1145 4002 tanta
1165 3951 1577 4018 fiduciabingenii

510 4040 573 4076 ac
592 4040 789 4077 morum
812 4043 1019 4078 suorum
1043 4027 1230 4093 fretus,
1254 4037 1313 4080 ut
1335 4035 1577 4095 speraret

511 4109 568 4153 et
592 4110 813 4168 tyranno
846 4113 903 4155 et
923 4107 1135 4157 Phalari
1158 4123 1365 4158 vesanie
1387 4107 1576 4156 mentis

507 4181 776 4232 feritatem
812 4198 843 4233 a
875 4199 931 4233 se
973 4183 1141 4247 deripi
1181 4199 1354 4248 posse.
1422 4184 1577 4233 Post-

515 4274 666 4323 quam
689 4258 878 4310 deinde
904 4261 1041 4324 apud
1066 4261 1206 4309 illum
1227 4261 1340 4323 plus
1364 4274 1579 4309 consue·

517 4334 752 4388 tudinem
775 4337 1156 4395 dominationis,
1199 4352 1352 4402 quam
1376 4338 1579 4388 consilii

1195 429 1409 479 No‘rAE
1460 428 1862 477 VARtORUM
1919 429 1998 476 ΙΝ

1626 571 1981 621 salubritatem
2055 571 2230 620 valere
2295 567 2673 630 animadvertit3

1627 649 1966 699 nobilissimos
1990 650 2100 713 ejus
2136 648 2369 698 civitatis
2394 647 2673 696 adolescen-

1628 732 1727 787 tes,
1762 725 2053 788 cupiditate
2089 723 2378 774 liberandae
2409 723 2588 787 patriae
2610 723 2678 770 iu-

1625 798 1937 850 flammavit:
1989 802 2137 865 cujus
2178 801 2251 850 rei
2286 815 2404 850 cnm
2445 800 2685 849 indicium

1625 876 1691 926 ad
1718 883 1988 941 tyranuum
2023 883 2302 940 manasset,
2335 882 2620 926 convocato
2640 875 2688 923 in

1625 951 1792 1002 forum
1840 955 2051 1017 populo,
2093 960 2333 1018 torquere
2386 967 2506 1001 eum
2553 949 2693 1000 vario

1627 1029 1885 1079 cruciatus
1899 1043 2090 1093 genere
2108 1030 2293 1093 coepit,
2309 1028 2542 1079 subinde
2558 1042 2695 1093 quae·

1627 1115 1747 1154 rens
1769 1120 2016 1170 quosnam
2050 1106 2251 1155 consilii
2288 1104 2583 1170 participes
2612 1104 2698 1151 ha-

1630 1181 1795 1232 beret.
1859 1181 2039 1232 Atille
2062 1198 2160 1232 nec
2185 1198 2363 1233 eorum
2402 1181 2698 1247 quempiam

1630 1260 1936 1323 nominavit,
1956 1266 2011 1308 et
2035 1258 2327 1322 proximum
2359 1271 2623 1323 quemque
2641 1270 2699 1306 ac

1628 1334 1934 1385 fidissimum
1976 1343 2199 1400 tyranno
2236 1340 2544 1399 suspectum
2589 1332 2705 1381 red-

1631 1412 1783 1475 didit,
1802 1412 2226 1478 increpitansque
2243 1408 2607 1475 Agrigentinis
2630 1409 2702 1471 ig·

1631 1490 1836 1539 naviam
1852 1505 1912 1539 ac
1930 1490 2286 1552 timiditatem,
2305 1484 2703 1550 effecit,utsub-

1627 1568 1704 1617 ito
1744 1569 1934 1618 mentis
1969 1567 2195 1630 impulsu
2244 1564 2516 1625 concitati,
2570 1563 2704 1611 Pha·

1632 1644 1781 1695 larim
1804 1645 2061 1709 lapidibus
2088 1649 2501 1706 prosternerent.
2553 1639 2703 1689 Senis

1633 1736 1757 1785 ergo
1779 1723 1929 1771 unius
1965 1722 2145 1771 eculeo
2183 1718 2416 1783 impositi
2457 1730 2560 1765 non
2585 1729 2705 1777 sup-

1634 1800 1758 1863 plex
1771 1813 1889 1862 vox,
1900 1812 1999 1849 nec
2015 1797 2325 1849 miserabilis
2346 1796 2601 1860 ejulatuS,
2613 1793 2706 1842 sed

1632 1876 1783 1927 fortis
1803 1876 2111 1935 cohortatio,
2130 1875 2293 1925 totius
2317 1874 2465 1923 urbis
2481 1872 2705 1921 animum

1633 1953 1998 2020 fortunamque
2022 1952 2282 2004 mutavit!
2317 1950 2365 2001 A
2384 1950 2576 2016 quibus
2599 1964 2708 1998 om-

1635 2032 1785 2081 nibus
1807 2031 2067 2081 diversum
2106 2031 2147 2080 it
2177 2029 2539 2080 Tertullianus
2568 2025 2711 2091 Apo-

1635 2110 1891 2174 logetico:
1929 2110 2107 2160 ‘Zeno
2149 2108 2360 2160 Eleates
2399 2106 2711 2169 consultus,’

1636 2185 1825 2250 inquit,
1847 2187 1862 2214 ‘
1890 2200 1922 2233 a
1945 2186 2226 2249 Dionysio,
2259 2184 2509 2250 quidnam
2534 2182 2714 2233 Philo·

1638 2261 1822 2326 sophia
1858 2269 2155 2325 praestaret,
2179 2276 2334 2327 quum
2360 2258 2714 2323 respondisset

1638 2343 1989 2403 contemptum
2007 2338 2218 2388 mortis:
2254 2336 2477 2402 flagellis
2500 2335 2711 2399 tyranni

1637 2415 1901 2480 objectus,
1938 2416 2247 2467 sententiam
2291 2428 2438 2463 suam
2474 2412 2541 2461 ad
2575 2427 2712 2462 mor·

1641 2500 1747 2543 tem
1793 2508 1953 2559 usque
2020 2493 2302 2558 signabat)
2367 2492 2551 2541 AEstuo
2595 2505 2715 2554 pro-

1640 2569 1802 2632 fecto,
1824 2586 1921 2621 nec
1944 2586 2166 2620 cuneum
2187 2570 2392 2636 reperio
2415 2570 2537 2619 huic
2559 2569 2714 2618 nodo.

1642 2648 1797 2697 Rern.

1707 2725 1936 2790 Zenonis]
1999 2725 2063 2776 Iu
2102 2725 2365 2775 cruciatus
2406 2729 2626 2774 auctore
2661 2727 2716 2772 e't

1643 2816 1836 2866 genere
1860 2803 2070 2866 penitus
2096 2801 2300 2851 variant
2320 2808 2586 2852 auctores.
2621 2800 2718 2849 Di-

1643 2893 1838 2943 ogenes
1862 2879 2100 2928 Laertius
2130 2879 2222 2941 [ex
2245 2892 2348 2943 quo
2371 2877 2510 2926 idem
2532 2875 2718 2925 Suidas

1644 2955 1877 3019 scripsit]
1917 2956 1968 3004 in
2008 2955 2235 3005 Nearchi
2273 2954 2487 3017 tyranni
2529 2968 2586 3002 os
2628 2952 2719 3000 lin·

1646 3047 1796 3097 guam
1833 3029 2104 3096 praecisam
2138 3029 2477 3094 conspuisse3
2529 3027 2719 3078 deinde

1646 3123 1712 3158 ex
1749 3109 2064 3172 Hermippo,
2103 3108 2245 3156 illum
2281 3107 2334 3156 in
2372 3120 2559 3156 cavum
2590 3105 2719 3169 lapi·

1647 3187 1766 3236 dem
1789 3186 2035 3250 injectum
2058 3191 2438 3246 contusumque
2459 3181 2620 3232 fuisse
2644 3182 2721 3229 in-

1646 3262 1777 3327 quit.
1833 3261 1918 3311 Ab
1942 3277 2006 3310 eo
2026 3260 2145 3310 Val.
2171 3260 2435 3308 Maximus
2457 3257 2722 3320 dissentit,

1647 3339 1736 3403 qui
1786 3338 1880 3388 lib.
1917 3351 2006 3387 111.
2044 3351 2091 3386 c.
2136 3340 2185 3386 3;
2229 3334 2530 3384 Phalaridis
2566 3333 2718 3396 Agri-

1646 3414 1905 3477 gentinor.
1933 3412 2137 3476 tyranni
2151 3412 2302 3476 jussu
2327 3411 2623 3460 cruciatum
2643 3425 2722 3461 re·

1646 3490 1773 3552 fert,
1795 3498 1853 3539 ut
1890 3495 1946 3538 et
1978 3490 2183 3552 Cicero,
2219 3482 2589 3538 Ana'xarchum
2628 3488 2718 3536 Ni-

1648 3567 1918 3616 cocreonti
1957 3565 2266 3629 Cypriorum
2307 3572 2530 3630 tyranno
2556 3564 2624 3613 ad
2648 3566 2722 3612 ul-

1650 3643 1830 3693 timum
1873 3641 2287 3706 amputationem
2331 3641 2526 3704 linguae
2572 3641 2723 3689 mini-

1651 3719 1783 3770 tanti
1800 3718 2161 3783 respondisse3
2194 3719 2211 3746 ‘
2233 3718 2355 3768 Non
2373 3716 2515 3780 erit,’
2534 3716 2720 3781 inquit,

1652 3797 1668 3824 ‘
1691 3795 2002 3847 effoeminate
2028 3797 2348 3860 adolescens,
2378 3797 2494 3845 haec
2518 3810 2723 3860 quoque

1651 3888 1771 3939 pars
1794 3874 2027 3938 corporis
2050 3874 2152 3923 mei
2175 3880 2280 3922 tuae
2320 3872 2570 3922 ditionis:
2605 3885 2725 3934 pro-

1653 3953 1898 4016 tinusque
1931 3950 2175 4000 dentibus
2199 3950 2480 4013 abscissam
2505 3954 2559 3999 et
2582 3962 2723 3998 com·

1650 4029 2017 4078 manducatam
2055 4027 2282 4091 linguam
2327 4026 2380 4075 in
2418 4039 2475 4074 os
2496 4025 2614 4089 ejus
2647 4024 2725 4073 ira

1653 4113 1840 4169 patens
1855 4103 2096 4169 exspuit.²
2150 4102 2500 4153 Tertullianus
2519 4112 2725 4166 quoque

1651 4182 1748 4232 sub
1769 4182 1925 4232 finem
1966 4179 2285 4246 apologetici
2307 4178 2572 4228 diversum
2597 4176 2725 4237 abit,

1655 4260 1670 4288 ‘
1696 4260 1841 4310 Zeno
1866 4257 2114 4322 Eleates,'
2151 4258 2340 4323 inquit,
2358 4255 2373 4284 ‘
2399 4255 2669 4305 consultus
2693 4270 2725 4303 a

1655 4337 1935 4402 Dionysio,
1975 4335 2216 4402 quidnam
2242 4330 2566 4398 philosophia
2590 4344 2727 4395 prae-
