3049 4928
530 406 625 472 92

1227 420 1535 469 nonunt
1588 421 1683 469 DE
1732 420 2043 471 consol..

790 565 1080 632 Fatum?
1116 567 1245 632 sub
1278 565 1567 650 pedibus
1599 565 1790 631 dedit
1818 568 2206 650 superbum,
2242 583 2247 594 ·

793 670 1282 754 Fortunamque
1311 676 1508 734 tuens
1538 674 1886 753 utramque
1916 677 2215 747 rectusfr

787 772 1122 837 Invictum
1150 773 1373 855 potuit
1400 778 1624 837 tenere
1655 772 1917 837 vultum
1941 791 1961 853 3

528 974 731 1039 aptam
745 974 1276 1038 mamersmm
1299 948 1574 1040 primm»
1587 975 1941 1040 «avumque,
1964 975 2121 1026 „aaa
2139 974 2519 1038 masma·
2538 975 2739 1027 Mon-2·-

1528 1088 1744 1142 Norae

532 1218 642 1255 ram
675 1204 860 1257 siccari
894 1206 1087 1269 sinunt,
1121 1207 1200 1259 hae
1239 1212 1494 1258 vocantur
1521 1220 1598 1257 se·

532 1294 673 1331 renae
685 1281 901 1346 Virgilio
917 1297 957 1334 r.
975 1283 1169 1348 Georg.
1190 1282 1207 1311 ‘
1228 1296 1434 1334 serenas
1455 1283 1596 1332 Ven·
1628 1308 1632 1313 ·

534 1365 618 1409 tus
639 1359 749 1425 agit
770 1360 970 1412 nubes.'
1036 1361 1117 1411 Ex
1152 1376 1253 1427 quo
1274 1359 1469 1411 factum
1492 1365 1595 1421 est,

529 1443 590 1485 ut
608 1434 750 1486 frons
768 1437 1003 1487 excussis
1025 1438 1170 1502 rugis
1190 1438 1206 1465 ⁴
1223 1435 1434 1487 serena'
1455 1435 1594 1485 dice·

531 1518 678 1562 retur
702 1513 937 1564 Martiali
959 1521 1016 1565 et
1028 1515 1160 1564 aliis.
1226 1513 1276 1564 A
1298 1514 1472 1563 fronte
1503 1511 1594 1561 de·

531 1590 689 1653 nique
707 1594 814 1640 vox
835 1590 927 1640 illa
960 1592 1215 1641 translata
1237 1596 1317 1640 est
1341 1587 1405 1639 ad
1429 1588 1595 1653 ipsam

529 1672 775 1729 mentem,
813 1673 1068 1731 quatenus
1105 1668 1217 1716 haec
1252 1666 1419 1716 libera
1450 1671 1533 1715 est
1564 1678 1596 1714 a

529 1744 1031 1807 perturbationibus,
1066 1744 1253 1809 quibus
1287 1743 1486 1794 turbari
1515 1757 1595 1793 so·

528 1820 621 1869 let.
687 1820 776 1870 Sic
813 1836 950 1870 nunc
996 1821 1287 1885 accipitur:
1343 1819 1518 1884 sicque
1565 1834 1597 1869 a

531 1896 731 1947 Latinis
755 1897 1055 1948 auctoribus
1078 1897 1248 1961 accipi
1272 1897 1424 1947 solet.
1490 1897 1594 1946 Lu·

529 1978 660 2024 eret.
675 1967 772 2023 lib.
798 1973 861 2023 '11-
898 1974 914 2003 ‘
940 1976 1072 2027 Quae
1097 1973 1359 2039 placidum
1392 1973 1593 2024 ducunt

531 2063 718 2111 aevum,
748 2049 1015 2116 vitamque
1039 2049 1313 2100 serenam!

593 2128 742 2193 AEoo]
775 2128 841 2178 Id
866 2136 967 2192 est,
991 2130 1117 2180 vita·
1150 2126 1334 2180 AEvum
1353 2130 1492 2179 enim
1518 2129 1591 2179 di-

528 2206 668 2256 eitur
700 2223 732 2258 a
757 2207 946 2258 Graeco
971 2206 1099 2272 αἰὼν,
1120 2208 1216 2260 boc
1239 2219 1413 2259 autem
1444 2209 1592 2274 quasi

529 2279 618 2332 det
647 2282 722 2346 ὃν,
755 2298 962 2347 semper
995 2287 1255 2335 existens:
1287 2285 1378 2334 sed
1403 2300 1483 2335 res
1518 2284 1594 2334 vi-

530 2375 659 2411 vens
680 2375 785 2411 non
806 2368 1053 2411 censetur
1072 2361 1320 2424 existere,
1348 2362 1448 2411 nisi
1472 2374 1593 2427 qua·

528 2443 682 2488 tenus
705 2438 812 2488 vita
837 2451 929 2488 sua
952 2436 1206 2489 afficiture
1240 2438 1379 2502 hinc,
1395 2452 1493 2503 pro
1516 2436 1593 2487 di·

529 2528 681 2565 verso
719 2530 908 2580 genere
947 2515 1093 2581 vitae,
1128 2530 1296 2566 oevum
1338 2515 1479 2565 aliud
1512 2520 1597 2565 est

528 2598 859 2657 perpetuum,
879 2593 1017 2657 quod
1040 2593 1286 2643 mentium
1303 2598 1417 2655 est;
1452 2591 1593 2642 aliud

528 2673 676 2718 certo
697 2666 970 2718 definitum
995 2676 1245 2734 tempore.
1295 2669 1400 2719 Hic
1420 2668 1595 2732 agitur

528 2743 596 2793 de
636 2758 749 2795 aeto
784 2744 893 2794 sive
930 2744 1036 2794 vita
1066 2745 1316 2795 hominist
1351 2743 1595 2808 quemad-

527 2822 738 2875 modum
788 2823 854 2875 ab
914 2822 1138 2873 Horatio
1196 2822 1389 2873 dicitur
1443 2822 1594 2871 homo

449 2939 454 2943 .
527 2903 543 2929 ⁶
568 2899 668 2949 oevi
702 2898 875 2949 brevis
895 2898 942 2949 τ’
972 2908 1029 2950 et
1061 2915 1092 2950 a
1127 2899 1348 2964 Virgilio
1384 2899 1450 2948 de
1478 2898 1589 2962 api-

527 2976 645 3040 bus,
674 2991 752 3029 xv·
786 2976 918 3027 Geo.
954 2993 1029 3029 vs.
1064 2983 1179 3028 206.
1244 2979 1262 3007 ‘
1288 2979 1427 3041 Ergo
1448 2976 1589 3040 ipsas

527 3055 761 3120 quamvis
798 3062 1046 3120 angustus
1086 3056 1335 3106 terminus
1369 3053 1467 3103 aevi
1490 3054 1593 3102 Ex-

527 3131 728 3194 dpiatz
762 3146 929 3197 neque
951 3132 1086 3182 enim
1112 3133 1225 3196 plus
1245 3130 1467 3195 septima
1498 3129 1592 3179 dn-

525 3208 664 3259 citur
684 3208 873 3259 aestas.’
936 3210 1118 3259 AEvum
1142 3215 1335 3270 autem,
1353 3207 1462 3256 sive
1481 3208 1592 3256 vita

524 3283 763 3350 hominis,
795 3293 902 3335 tum
938 3286 1134 3336 dicitur
1168 3283 1427 3348 componi,
1469 3298 1591 3334 cum

527 3364 813 3414 secundum
870 3365 1030 3429 ipsam
1085 3363 1191 3413 Dei
1248 3364 1590 3424 voluntatem,

528 3455 645 3504 quae
670 3440 836 3505 prima
870 3446 954 3489 est
991 3452 1190 3489 morum
1229 3440 1431 3501 regula,
1454 3440 1589 3502 regi·

526 3522 643 3568 tur:
678 3532 746 3568 ex
768 3531 872 3583 quo
887 3530 1083 3566 summa
1098 3515 1263 3565 oritur
1276 3514 1434 3567 animi
1452 3520 1591 3566 tran·

528 3594 780 3659 quinitas.

592 3677 620 3712 Ρ
642 3668 844 3728 Fatum]
876 3666 940 3718 Id
964 3673 1063 3732 est,
1084 3672 1333 3719 mortemz
1361 3667 1377 3696 ⁴
1394 3665 1590 3721 fatum’

527 3746 664 3798 enim
689 3763 721 3797 a
742 3745 903 3796 fando
934 3743 1147 3796 videtur
1178 3743 1302 3807 dici,
1336 3743 1481 3809 quasi
1505 3759 1591 3792 vo·

524 3824 722 3887 luntas,
743 3823 1033 3885 decretum,
1045 3822 1267 3886 jussum,
1302 3828 1356 3871 et
1391 3821 1588 3870 dictum

526 3900 665 3953 Dei:
698 3915 815 3949 nam
837 3900 852 3928 ‘
878 3897 1004 3963 quid
1029 3897 1170 3948 aliud
1193 3904 1277 3947 est
1296 3897 1492 3959 fatum,'
1511 3899 1590 3947 in-

527 3979 641 4046 quit
654 3976 909 4027 Minatius
924 3976 1072 4026 Felix
1090 3977 1143 4027 in
1158 3975 1426 4041 Octavio,‘
1439 3991 1590 4041 quam
1628 4006 1631 4009 >

525 4055 668 4120 quod
713 4054 780 4104 de
821 4068 1125 4120 unoquoque
1174 4060 1405 4106 nostrum
1451 4056 1593 4105 Deus

527 4129 667 4179 fatus
703 4129 843 4179 est?
889 4131 1221 4197 quamobrem
1259 4146 1375 4181 cum
1417 4131 1593 4180 divina

529 4202 796 4256 voluntate
817 4207 889 4258 sit
907 4210 923 4236 ‘
948 4215 1203 4259 statutum
1238 4208 1475 4259 omnibus
1495 4210 1589 4260 ho·

529 4284 754 4336 minibus
772 4285 940 4352 mori,’
962 4286 1129 4339 Hebr.
1150 4286 1440 4340 110idcirco
1453 4301 1591 4340 mors

1676 1206 1833 1258 etiam
1868 1205 2180 1257 Christianis
2214 1204 2389 1256 vocari
2424 1204 2635 1269 potest‘
2658 1202 2736 1254 fa-

1677 1282 1839 1334 tumz'
1868 1291 1928 1334 ut
1950 1298 2087 1333 nunc
2109 1290 2354 1334 vocatur:
2390 1281 2407 1311 ‘
2430 1278 2622 1332 fatum²
2646 1296 2736 1332 au-

1676 1364 1780 1409 tem
1803 1359 1914 1410 sive
1938 1368 2155 1411 mortem
2177 1361 2193 1389 ‘
2220 1358 2315 1409 sub
2338 1358 2562 1424 pedibus
2585 1357 2739 1416 dare’

1675 1436 1909 1499 videtur,
1924 1437 2032 1502 qui,
2055 1436 2355 1487 commissus
2370 1435 2477 1486 Dei
2498 1434 2737 1496 arbitrio,

1676 1529 1775 1564 nec
1813 1515 1949 1579 petit
1987 1515 2165 1565 vivere
2208 1529 2306 1565 nec
2350 1514 2539 1563 metuit
2573 1514 2737 1563 mori:

1675 1590 1880 1641 ‘libera
1919 1591 2008 1655 te,’
2051 1591 2221 1658 inquit
2260 1592 2464 1641 Seneca
2502 1591 2604 1654 Ep.
2650 1593 2737 1641 80.

1676 1669 1694 1697 ‘
1735 1668 1955 1732 primum
2002 1673 2144 1719 metu
2194 1668 2406 1728 mortis3
2456 1666 2544 1716 illa
2588 1666 2737 1716 nobis

1677 1743 1895 1808 primum
1906 1746 2090 1808 jugum
2109 1744 2357 1808 imponit3
2381 1742 2572 1794 deinde
2591 1749 2736 1793 metu

1677 1822 2041 1887 paupertatis.’
2070 1822 2156 1871 Sic
2173 1821 2362 1885 Virgil.
2385 1834 2450 1870 ιι.
2475 1820 2641 1882 θεον,
2659 1834 2736 1869 vs.

1676 1897 1791 1948 4902
1853 1897 1869 1924 ‘
1893 1898 2061 1961 Felix,
2097 1898 2184 1963 qui
2216 1898 2390 1963 potuit
2422 1911 2591 1947 rernm
2618 1911 2738 1961 cog-

1673 1989 1892 2025 noscere
1916 1990 2127 2037 causas3
2162 1975 2338 2041 Atque
2361 1980 2531 2024 metus
2554 1988 2735 2023 omnes

1673 2059 1729 2104 et
1766 2053 2090 2104 inexorabile
2123 2051 2287 2103 fatum
2319 2050 2555 2114 Subjecit
2587 2050 2739 2114 pedi-

1674 2131 1789 2195 bus,
1813 2130 2192 2195 strepitumque
2225 2127 2533 2178 Acherontis
2555 2125 2738 2179 avari?

1737 2213 1762 2250 ‘¹
1785 2207 2131 2270 Fortunamque
2148 2211 2286 2258 tuens
2295 2210 2538 2267 utramque
2551 2202 2736 2267 reem]

1674 2288 1902 2339 Fortuna
1936 2285 2168 2336 Ethuicis
2201 2291 2318 2335 erat
2348 2298 2557 2348 numen,
2578 2297 2609 2333 a
2632 2298 2736 2349 quo

1666 2364 1800 2415 illud
1817 2377 1965 2413 omne
1989 2362 2244 2427 putabant
2267 2360 2572 2426 procedere,
2587 2360 2736 2424 cujus

1675 2455 1882 2493 causam
1908 2438 2244 2505 ignorabant:
2279 2452 2395 2490 nam
2424 2438 2440 2467 ‘
2464 2435 2738 2500 Fortuna,’

1675 2519 1846 2586 inquit
1867 2518 2064 2569 Tullius
2090 2531 2128 2568 r.
2159 2514 2323 2566 Acad.
2343 2515 2360 2544 ‘
2384 2512 2546 2565 efficit
2570 2515 2735 2564 multa

1672 2596 1738 2647 im
1746 2595 1950 2662 provisa
1962 2595 2112 2645 nobis
2128 2600 2346 2659 propter
2359 2591 2736 2661 obscuritatem

1672 2673 2152 2739 ignorationemque
2202 2668 2505 2721 cansarum?
2590 2669 2733 2718 mne

1671 2751 1815 2801 illam
1837 2750 1946 2800 saxi
1968 2749 2132 2800 instar
2156 2746 2357 2813 globosi
2381 2745 2736 2811 predicabant

1674 2828 1970 2890 volubilem,
1988 2826 2125 2892 quod
2147 2825 2347 2891 globosi
2364 2824 2613 2875 circuitus
2630 2838 2732 2872 non

1671 2906 2010 2970 citius,quam
2035 2908 2272 2967 eventus,
2302 2915 2515 2966 quorum
2550 2913 2735 2955 causas

1670 2983 1986 3047 ignoramus,
2009 2996 2124 3031 sese
2147 2978 2433 3044 excipiant.
2500 2977 2640 3027 Hinc
2674 2976 2734 3026 il-

1670 3060 1771 3109 lam
1801 3057 1975 3107 fecere
2009 3057 2288 3121 duplicem,
2321 3053 2602 3105 secundam
2636 3050 2734 3103 sciss

1672 3134 1815 3198 licet,
1850 3149 1881 3184 a
1914 3149 2018 3198 qua
2050 3134 2186 3184 bona
2216 3132 2400 3182 saltem
2435 3130 2734 3191 exteriora3

1672 3220 1729 3262 et
1766 3211 2053 3273 adversam,
2095 3224 2127 3259 a
2167 3223 2271 3273 qua
2304 3208 2441 3256 mala
2471 3203 2735 3255 contraria

1672 3288 2148 3355 proficiscerentur:
2175 3284 2315 3352 quod
2329 3285 2565 3348 ignorata
2575 3295 2736 3331 cansa

1672 3366 1861 3431 saepins
1905 3365 1971 3416 ab
2013 3379 2116 3414 uno
2161 3362 2227 3412 ad
2267 3363 2486 3411 alterum
2537 3364 2730 3408 statum

1673 3450 2006 3495 transeamus.
2049 3428 2267 3506 Rejecto
2289 3447 2462 3490 autem
2485 3436 2621 3486 falso
2643 3435 2732 3485 illo

1671 3521 1896 3582 numine,
1918 3520 2003 3569 hic
2027 3518 2390 3581 intelliguntur
2411 3528 2494 3564 res
2519 3518 2732 3577 prospe·

1672 3613 1744 3648 rae
1764 3605 1820 3648 et
1843 3595 2097 3659 adversae,
2113 3609 2256 3661 quas,
2267 3592 2354 3657 qui
2379 3592 2623 3641 virtutem
2647 3603 2732 3639 co·

1672 3674 1751 3737 lit,
1785 3673 1861 3723 sic
1904 3673 2140 3723 intuetur
2177 3670 2194 3699 ‘
2220 3667 2431 3731 rectus,'
2464 3675 2524 3718 ut
2562 3680 2731 3732 neque

1670 3748 1994 3812 deprimatur
2025 3745 2331 3797 afflictarum
2363 3743 2619 3810 pondere,
2642 3757 2734 3792 ne·

1672 3841 1772 3891 que
1788 3833 1945 3876 vento
1969 3838 2332 3889 prosperarum
2355 3822 2586 3886 erigatur
2608 3836 2624 3871 ε
2658 3821 2731 3869 le-

1670 3904 1811 3965 gitur
1830 3917 1897 3950 ex
1915 3903 1932 3930 ‘
1948 3900 2126 3964 vultu:
2148 3901 2257 3964 qui,
2270 3914 2387 3950 cum
2406 3912 2503 3948 nec
2528 3897 2729 3947 tristior

1670 3978 1920 4040 adversis,
1957 3991 2055 4027 uec
2092 3975 2304 4026 hilarior
2345 3973 2585 4024 secundis
2621 3972 2734 4035 flat,

1670 4060 1688 4088 ‘
1709 4054 1964 4108 invictus·
1997 4059 2192 4105 manet.
2259 4053 2376 4105 Non
2410 4065 2620 4117 possum
2655 4056 2732 4100 ta-

1671 4148 1790 4187 cere
1813 4131 1974 4182 verba
1996 4129 2204 4180 Horatii
2238 4143 2327 4179 111.
2361 4129 2533 4178 Carm.
2557 4125 2662 4177 od.
2680 4128 2733 4174 3.

1669 4208 1904 4277 quamvis
1937 4205 2178 4257 omnibus
2203 4214 2347 4262 nota,
2382 4205 2399 4233 ‘
2428 4204 2639 4256 Justum
2674 4207 2732 4250 et

1673 4294 1906 4338 tenacem
1923 4281 2177 4350 propositi
2196 4281 2381 4345 virum,
2403 4280 2525 4332 Nou
2541 4278 2732 4329 civium
