3049 4928
2457 380 2548 447 99

340 536 574 624 Atque
613 542 689 604 tu
732 538 899 604 hanc
950 539 1351 605 sententiam
1400 537 1711 606 Platonis
1752 560 1864 607 ore
1915 539 2231 620 sanxisti,
2283 540 2546 609 Beatus

338 641 478 706 fore
507 641 992 726 RespublioaS,
1032 643 1092 707 si
1144 662 1263 708 eas
1312 642 1420 707 vel
1472 642 1763 708 studiosi
1810 644 2167 728 sapientiae
2221 653 2547 729 regerent,

225 728 231 736 ⁸
321 743 451 834 ‘vel
501 764 732 810 ,earum
788 754 1078 812 rectores
1122 746 1394 811 studere
1457 747 1811 832 sapientiae
1870 748 2316 832 contigisset:⁸
2430 750 2543 815 Tu

335 844 647 929 ejusdem
686 848 813 913 viri
858 868 973 913 ore
1001 849 1175 914 hanc
1217 849 1647 932 sapientibus
1701 852 2140 935 capessendae
2162 862 2190 890 ⁰
2235 850 2546 936 Reipub-

335 949 498 1015 licae
572 954 1019 1020 necessariam
1090 973 1373 1019 oausam
1431 973 1580 1019 esse
1640 956 1988 1036 monuisti,
2064 976 2151 1022 ne
2223 957 2548 1042 improbis

335 1052 827 1139 flagitiosisque
857 1057 1119 1123 civibus
1166 1057 1436 1121 urbium
1484 1049 1722 1123 relic'ta
1771 1059 2241 1141 gubernacula,
2272 1065 2550 1144 pestem

336 1155 540 1221 bonis
593 1176 676 1223 ac
722 1160 1081 1242 perniciem
1135 1160 1497 1226 inferrent.²
1585 1160 1789 1225 Hanc
1839 1162 2041 1243 igitur
2090 1163 2553 1229 auctoritatem

338 1265 642 1340 secutuS,
676 1262 860 1345 quod
893 1283 935 1328 a
963 1269 1033 1327 te
1074 1264 1248 1327 inter
1276 1269 1533 1327 secreta
1563 1263 1699 1326 otia
1727 1261 2088 1329 didiceram
2100 1276 2154 1339 ,⁰
2195 1264 2550 1330 transferre

335 1358 407 1422 in
440 1366 670 1426 actum
711 1364 1008 1447 publicae
1062 1363 1666 1429 administrationis
1717 1367 1973 1448 optavi.
2059 1365 2170 1430 Tu
2220 1367 2439 1446 mihi:
2481 1375 2552 1433 et

338 1462 458 1545 qui
491 1469 558 1530 te
587 1466 995 1552 sapientium
1044 1467 1385 1530 mentibus
1432 1465 1712 1531 inseruit
1742 1467 1960 1545 DeuS,
1992 1469 2159 1532 estis
2178 1476 2198 1515 ³
2247 1471 2555 1548 conscii:

335 1565 602 1632 nullum
625 1650 630 1654 Δ
653 1589 762 1634 me
812 1570 902 1635 ad
971 1571 1536 1654 magistratum,³⁴
1604 1571 1739 1635 nisi
1798 1589 2147 1636 commune
2218 1572 2553 1641 bonorum

1033 391 1351 443 rumoso
1363 392 1562 443 enm
1602 358 1749 446 mn.
1795 371 1847 445 ι’.

2068 1780 2094 1806 ⁰
2124 1772 2554 1827 Administrandoe.

1306 1845 1332 1881 ν
1368 1838 1758 1889 Promo-ationem
1799 1838 2008 1889 muner-is
2043 1839 2242 1904 publici.

325 1775 328 1780 ⁴
402 1776 431 1801 ⁸
458 1768 736 1834 Philosophi
775 1775 1014 1834 regerent,
1044 1776 1128 1821 mat
1156 1772 1314 1836 Reges
1333 1770 1790 1836 philosopharentur.

332 1839 372 1865 ¹⁹
400 1832 659 1885 Studendo.
798 1842 826 1867 ²
862 1836 1021 1887 Testes
1042 1836 1176 1887 estis.

1265 1965 1630 1988 000009000000

337 2060 469 2109 mus,
511 2046 649 2111 Reg.
689 2054 746 2098 et
777 2048 916 2100 Flor.
962 2048 1129 2101 codex
1164 2050 1377 2111 habent,
1396 2054 1619 2115 ferrent.-
1651 2050 1790 2120 quod
1828 2055 2027 2102 rectum
2062 2057 2217 2116 putat
2239 2052 2554 2104 Bet-nari.—

339 2117 370 2163 8
405 2113 471 2164 In
492 2113 629 2165 Mss.
652 2121 710 2166 et
746 2112 833 2165 ed.
867 2116 1101 2168 Florem.
1121 2117 1277 2168 abest
1302 2119 1485 2170 vocula
1511 2119 1745 2171 estin—4
1779 2120 1795 2148 ‘
1816 2115 2112 2173 monuimus
2142 2133 2303 2185 supra
2321 2118 2555 2170 scriben-

1335 2268 1551 2322 NOTAE

327 2361 470 2412 vivit
525 2361 725 2426 genus!
804 2363 946 2416 Hinc
1001 2363 1115 2430 ipse
1157 2364 1409 2417 Boethius
1490 2365 1729 2417 venerit:
1766 2379 1869 2430 qua
1887 2363 1955 2415 de
1985 2368 2137 2416 reiut
2168 2362 2340 2413 nullus
2370 2378 2555 2428 super-

338 2440 355 2470 ⁸
380 2439 516 2491 hanc
538 2440 908 2493 auctoritatem
939 2441 1187 2506 secutus,'
1218 2443 1356 2509 qnod
1376 2458 1409 2495 a
1488 2449 1628 2494 esset
1647 2442 1923 2494 dubitandi
1964 2442 2131 2504 locuS,
2160 2439 2556 2507 jusjurandum,

339 2518 677 2583 Philosophia
713 2520 852 2570 inter
893 2529 1098 2571 secreta
1137 2521 1263 2585 otia,
1296 2522 1407 2573 sive
1487 2521 1884 2573 affirmationem
1946 2519 2238 2583 religiosam
2300 2519 2552 2571 adhibete

340 2602 636 2646 ceterorum
658 2596 913 2647 hominum
937 2597 1209 2662 colloquiis
1243 2605 1297 2649 et
1330 2598 1406 2649 in·
1486 2599 1503 2627 ‘
1526 2598 1609 2649 Tu
1646 2598 1768 2648 mibi
1810 2604 1865 2647 et
1909 2597 2051 2646 Deus
2090 2593 2322 2645 conscii!
2384 2595 2473 2645 Sic
2497 2596 2555 2647 8.

339 2672 789 2736 terpellationibus
825 2688 928 2724 uon
961 2675 1263 2739 impeditus,
1290 2677 1307 2705 ⁸
1331 2675 1407 2725 di·
1485 2675 1684 2725 Paulus
1721 2675 1940 2723 Roman.
1975 2685 2017 2722 1.
2048 2676 2107 2721 et
2137 2669 2204 2719 ad
2250 2670 2481 2735 Philipp.
2515 2685 2558 2722 1.

337 2751 564 2811 dicei-at,
590 2749 873 2801 transferre
906 2751 958 2801 in
982 2760 1157 2803 actum
1182 2753 1405 2817 publicae
1476 2749 1669 2815 jurat:
1701 2750 1718 2778 ‘
1746 2749 1896 2798 testis
1932 2746 2058 2795 mihi
2093 2753 2176 2796 est
2211 2744 2400 2796 Deus.’
2464 2746 2555 2796 Sic

334 2826 801 2879 administrationis
836 2828 1080 2892 optavit,’
1114 2844 1145 2880 a
1187 2828 1404 2893 theoria,

336 2905 412 2955 uti
436 2905 746 2969 loquuntur,
774 2904 839 2954 ad
863 2906 1063 2969 praxim
1087 2920 1406 2970 progressus.

401 2986 427 3013 ⁸
461 2981 539 3030 Tu
577 2980 723 3044 mihi]
774 2993 856 3030 ιν.
889 2980 1143 3031 Boethius
1182 2982 1328 3032 addit
1349 2996 1407 3033 se

330 3064 611 3122 praecepta
637 3057 987 3123 philosophica
1000 3058 1278 3123 diligenter
1288 3075 1407 3110 exe·

337 3142 516 3185 cutum
537 3133 717 3195 fnisse,
747 3149 908 3199 seque
930 3149 995 3185 eo
1018 3135 1274 3187 duntaxat
1301 3135 1406 3187 fine

335 3211 438 3262 ‘ad
493 3212 889 3274 magistratum’
921 3212 1220 3264 accessisse.
1287 3213 1408 3264 Val-

334 3287 472 3339 linus
495 3295 678 3339 monet
698 3288 1025 3338 scribendum
1047 3289 1130 3340 hic
1153 3304 1268 3340 esse
1304 3306 1422 3346 mm,

332 3366 681 3427 gisteriatum3
735 3364 873 3431 quod
926 3365 1181 3416 Boethius
1246 3365 1407 3417 fuerit

334 3444 596 3506 magister
639 3440 947 3504 officiorum,
998 3457 1113 3508 quae
1180 3442 1407 3507 dignitas

337 3519 532 3581 passim
549 3519 907 3580 magisteriam
922 3519 1411 3586 appellum-,qnod-

335 3610 436 3660 que
459 3610 547 3659 ea,
566 3611 681 3660 quae
705 3594 959 3646 Boethius
994 3597 1249 3660 praeclare
1288 3612 1320 3646 a
1354 3611 1412 3647 se

334 3669 483 3721 sacta
523 3686 645 3721 mox
680 3678 942 3736 recenset,
973 3673 1024 3722 in
1058 3687 1121 3723 ea
1155 3673 1413 3739 dignitate

334 3748 656 3798 constitutus
677 3747 885 3800 fecerit.
949 3749 1052 3800 Sed
1070 3750 1179 3800 haec
1202 3750 1279 3800 ita
1298 3749 1411 3801 fue-

335 3825 459 3887 rint,
479 3824 607 3874 nihil
630 3824 715 3873 hic
745 3822 1048 3875 mutandum
1080 3827 1413 3891 arbitramur,

335 3899 476 3964 quod
512 3900 770 3963 generalis
812 3901 897 3951 hic
942 3903 1188 3967 loquendi
1226 3904 1409 3955 modus

338 3976 517 4040 aptior
544 3977 618 4026 sit
654 3976 726 4026 ad
767 3977 1092 4041 probandum
1129 3980 1410 4032 Boethium

338 4053 628 4116 praeceptis
650 4052 1023 4118 philosophicis
1033 4070 1240 4121 semper
1251 4056 1412 4108 fuisse

339 4127 774 4190 addictissimum,
791 4129 867 4179 ita
890 4135 948 4180 ut
967 4145 1032 4181 ne
1048 4130 1115 4182 ad
1134 4147 1285 4183 unam
1299 4134 1411 4199 qui-

342 4203 461 4255 dem
504 4204 840 4275 dignitatem,
869 4209 886 4235 ⁸
906 4207 1005 4257 nisi
1039 4211 1296 4259 communi
1323 4210 1410 4260 bo-

342 4296 525 4334 norum
535 4283 767 4334 omnium
788 4284 963 4334 studio
979 4283 993 4306 ’
1018 4287 1286 4352 impulsus,
1299 4301 1412 4352 per·

1477 2826 1630 2892 jurat
1665 2824 1825 2875 Nisus
1860 2822 2064 2874 AEneid.
2103 2835 2183 2873 tx.
2224 2837 2299 2872 vs.
2315 2826 2434 2872 428.
2466 2822 2554 2874 ‘O

1486 2902 1691 2966 Rutuli,
1727 2914 1845 2951 mea
1881 2899 2026 2950 fraus
2045 2900 2238 2950 omnis:
2274 2899 2402 2948 nihil
2435 2900 2559 2963 iste,

1486 2993 1587 3030 nec
1608 2992 1780 3041 ausus,
1799 2979 1918 3029 Nec
1936 2975 2141 3040 potnit=
2163 2976 2352 3026 coelnm
2374 2976 2474 3027 hoc
2496 2983 2556 3028 et

1486 3054 1696 3106 conscia
1718 3053 1895 3104 sidera
1919 3049 2123 3103 testor.'
2192 3051 2409 3116 Optime
2438 3057 2557 3104 tau-

1485 3132 1607 3183 dem
1636 3115 1855 3183 ²Deus'
1888 3130 2079 3181 dicitnr
2123 3129 2141 3159 ‘
2166 3129 2556 3194 Philosophiam

1486 3209 1802 3275 sapientium
1813 3207 2073 3259 mentibus
2087 3207 2365 3258 inseruisse
2382 3206 2418 3258 ε’
2435 3222 2559 3261 nam

1487 3286 1828 3351 Philosophia
1861 3285 2160 3349 cognitione
2183 3291 2239 3336 et
2262 3298 2439 3336 amore
2461 3301 2557 3352 op·

1488 3363 1729 3415 timarum
1785 3375 1959 3413 rernm
2010 3362 2328 3413 continetur.
2405 3362 2558 3414 Sicut

1485 3448 1660 3492 autem
1672 3441 1815 3491 Deus
1838 3439 2064 3491 creando
2081 3440 2372 3504 materiam,
2384 3439 2558 3491 eidem

1489 3517 1708 3583 figuram
1745 3521 1803 3568 et
1839 3524 2038 3567 motum
2078 3516 2153 3567 sic
2192 3515 2472 3581 impressit,
2497 3522 2559 3567 ut

1490 3593 1744 3660 quicquid
1768 3593 1992 3644 subinde
2011 3593 2132 3643 huic
2152 3592 2387 3643 materia»,
2405 3607 2558 3644 acce·

1492 3669 1572 3721 dit
1593 3670 1771 3736 figurae
1796 3675 1851 3721 et
1872 3676 2061 3732 motus,
2081 3669 2131 3719 id
2156 3669 2284 3719 nihil
2307 3669 2445 3719 aliud
2469 3668 2559 3733 sit,

1489 3764 1646 3815 quam
1663 3749 1870 3814 quidam
1896 3748 2082 3813 prioris
2103 3746 2286 3811 figurae
2312 3755 2366 3798 et
2379 3756 2558 3799 *motus

1473 3824 1695 3890 modus,
1727 3826 1858 3888 sive,
1880 3830 1939 3875 ut
1965 3825 2245 3890 loquuntur
2274 3826 2291 3853 ‘
2309 3824 2557 3876 determi-

1488 3901 1677 3953 natioz'
1723 3901 1862 3952 haud
1912 3902 2068 3952 aliter
2124 3903 2273 3953 Deus
2329 3903 2556 3953 creando

1473 3983 1719 4029 mentem
1756 3979 2052 4040 humanam,
2084 3978 2259 4030 eidem
2289 3979 2557 4029 notionem

1489 4061 1548 4107 et
1585 4056 1975 4108 inclinationem
2009 4055 2077 4107 de
2111 4070 2176 4106 eo
2216 4055 2355 4121 quod
2387 4053 2558 4105 ‘Est’

1488 4133 1601 4184 sive
1623 4133 1691 4183 de
1729 4133 1844 4197 ipso
1887 4133 2126 4197 Deo‘ita
2167 4133 2452 4196 impressit,
2496 4136 2559 4182 nt

1487 4210 1734 4276 quicquid
1760 4217 1944 4274 postea
1975 4209 2027 4259 in
2050 4208 2234 4260 eadem
2257 4215 2432 4259 mente
2457 4208 2561 4259 ori·

1489 4294 1578 4338 tur
1607 4287 1831 4338 notionis
1869 4294 1925 4337 et
1960 4284 2331 4352 inclinationis,
2368 4285 2556 4336 saltem
