3049 4928
509 391 639 458 126

1207 405 1512 454 BOE'rml
1566 405 1666 453 DE
1714 405 2022 454 consol..

948 553 1218 640 Injusta
1247 554 1398 620 vice
1416 562 1444 590 ¹²
1491 553 1678 621 colla
1707 559 2045 619 nocentes.

942 662 1147 726 Latet
1176 659 1485 725 obscuris
1515 657 1783 724 condita
1812 659 2024 724 virtus

946 763 1152 830 Clara
1179 763 1520 839 tenebris‚'
1554 763 1920 848 justusque
1953 762 2106 828 tulit

950 866 1216 932 Crimen
1243 866 1514 950 iniqui.'

951 969 1074 1034 Nil
1103 969 1450 1054 perjuria‚¹
1492 967 1589 1032 nil
1616 972 1818 1032 uocet
1847 967 2020 1051 ipsis

951 1072 1163 1138 Fraus
1194 1072 1524 1137 mendacii
1555 1079 1777 1136 comta
1806 1072 2062 1136 colore.

950 1175 1085 1241 Sed
1118 1196 1271 1242 cum
1300 1176 1497 1241 libuit
1524 1174 1788 1240 viribus
1820 1173 1984 1252 uti,¹

514 1398 691 1433 summo
712 1383 959 1444 tribunali,
977 1387 1026 1433 et
1048 1388 1203 1433 sontes
1222 1383 1386 1446 iniqua
1406 1381 1737 1433 vicissitudine
1755 1383 2003 1445 proterant
2023 1376 2181 1442 capita
2199 1376 2300 1441 pia.
2373 1375 2540 1427 Virtus
2573 1377 2729 1440 splen-

516 1450 631 1497 dida
672 1450 903 1499 delitescit
932 1448 1205 1498 abscondita
1245 1448 1450 1510 caligine
1492 1463 1653 1511 opaca,
1677 1452 1725 1497 et
1755 1446 1863 1511 pius
1893 1444 2033 1494 habet
2053 1442 2304 1502 infamiam
2333 1442 2477 1505 impio
2497 1442 2726 1491 debitam.

517 1514 741 1576 Pem’aria
762 1531 854 1565 non
874 1520 1041 1564 nocent
1061 1514 1180 1579 ipsis
1199 1513 1510 1572 nocentibus3
1531 1512 1679 1573 fraus
1711 1514 1870 1563 selecta
1895 1511 2050 1575 specie
2065 1509 2239 1570 fallaci
2258 1523 2352 1557 non
2381 1512 2517 1557 nocet
2538 1507 2727 1556 iisdem.

1518 1628 1740 1711 N‘o‘rAE

533 1771 534 1774 ’
583 1772 601 1808 ²
622 1773 890 1838 Sanctaque
916 1808 930 1823 .
950 1809 964 1824 .
988 1807 1001 1824 .
1023 1770 1166 1835 colla]
1190 1771 1439 1822 Similiter
1462 1785 1584 1835 pars

518 1850 603 1900 hic
628 1851 840 1914 ponitur
866 1865 960 1915 pro
981 1856 1125 1900 toto:
1161 1849 1416 1914 siquidem
1440 1863 1587 1898 sanc·

521 1933 602 1976 tos
653 1927 829 1989 potius
884 1926 1135 1989 homineS,
1188 1940 1342 1991 quam
1367 1926 1587 1975 -illorum

522 2004 658 2053 colla
681 2004 889 2053 calcant
912 2010 1182 2053 nocentes,
1250 2003 1352 2053 Sed
1389 2010 1447 2056 ut
1471 2017 1588 2067 pos-

523 2080 684 2129 terior
737 2079 841 2141 hic‚
894 2081 977 2145 sic¹
1019 2080 1109 2130 ille
1160 2080 1301 2144 prior
1343 2080 1591 2145 loquendi

521 2156 705 2206 modus
725 2155 893 2219 poe'tis
912 2157 1204 2220 praesertim
1222 2156 1589 2207 usitatissimus

527 2240 628 2283 est.

588 2317 612 2343 ¹²
651 2311 839 2373 lajasta
878 2310 1001 2374 vice]
1040 2310 1196 2363 Quod
1233 2310 1484 2375 injustum
1517 2309 1594 2359 vi-

525 2385 716 2436 dea'tur
760 2388 949 2451 probos
993 2388 1059 2437 ab
1099 2388 1347 2451 improbis
1391 2387 1595 2452 premi:

524 2464 718 2519 vicem2
745 2467 883 2514 enim
924 2464 1144 2515 dicimus
1188 2464 1326 2530 quod
1379 2466 1593 2515 alternis

524 2539 750 2591 facimus
768 2543 1093 2605 patimurve:
1140 2543 1262 2594 hinc
1296 2543 1313 2572 ‘
1333 2543 1594 2608 vicissim,'

527 2625 584 2667 et
606 2618 622 2646 ‘
642 2618 899 2671 vicarius.'

1667 1786 1769 1836 quo
1802 1770 1991 1836 aliquis
2016 1786 2047 1821 a
2068 1769 2258 1821 ceteris
2281 1768 2621 1831 distinguitur
2658 1782 2737 1818 se·

1668 1854 1981 1912 paraturve:
2015 1848 2154 1897 unde
2187 1845 2534 1896 ‘discrimem'
2604 1847 2736 1895 Cum

1669 1934 1843 1977 autem
1866 1925 2210 1977 infamiahaec
2240 1924 2593 1989 improborum
2621 1937 2739 1973 esse

1671 2003 1907 2068 deberet,
1952 2005 2064 2053 haee
2110 2003 2391 2067 proborum
2433 2016 2574 2050 nunc
2620 2014 2739 2065 esse

1671 2080 1862 2129 dicitur
1877 2096 1892 2141 ;
1908 2080 2221 2144 additurque
2232 2080 2429 2142 modos,
2441 2078 2630 2143 quibus
2650 2093 2740 2126 no-

1673 2165 1852 2207 centes
1887 2165 2090 2207 eeteros
2114 2155 2344 2220 affligere
2369 2156 2555 2218 solent,
2597 2154 2740 2203 vide-

1671 2235 1799 2285 licet
1816 2235 1832 2263 ‘
1845 2233 2164 2299 perjurium,'
2181 2233 2198 2263 ‘
2211 2232 2482 2296 fraudem,’
2498 2238 2555 2281 et
2571 2232 2585 2259 ‘
2603 2230 2743 2295 vim,'

1672 2312 1801 2362 nihil
1822 2312 1946 2375 ipsis
1968 2310 2280 2360 nocentibus
2300 2323 2508 2359 nocere.

1738 2396 1765 2422 ¹
1789 2389 1879 2437 Nil
1898 2387 2134 2453 periuria]
2158 2402 2197 2436 1.
2214 2385 2509 2450 Perjurium
2525 2389 2629 2447 est,
2649 2390 2744 2432 aut

1673 2466 1860 2516 falsum
1873 2466 2077 2530 jurare,
2094 2471 2185 2515 aut
2201 2463 2335 2528 quod
2359 2477 2425 2512 ex
2445 2460 2603 2515 animi
2627 2475 2746 2509 sen-

1678 2544 1845 2594 tentia
1868 2542 2146 2607 juraveris,
2180 2540 2231 2589 id
2256 2554 2358 2588 non
2379 2536 2586 2588 facere:
2620 2537 2746 2586 hine

1584 2648 1587 2651 ·
1676 2622 1731 2671 in
1754 2620 2003 2686 perjurio,
2022 2625 2236 2668 auctore
2259 2615 2454 2677 Tullio,
2475 2612 2610 2662 fides
2633 2613 2747 2677 jus·

590 2701 614 2726 v
634 2694 777 2744 Latet
806 2695 1014 2746 obscuris
1047 2698 1240 2747 condita
1270 2699 1425 2747 tirius
1449 2699 1596 2748 Clara
1667 2699 2048 2764 jurandumque
2067 2692 2375 2758 negligitur:
2400 2691 2522 2740 hinc
2540 2705 2636 2739 sua
2651 2697 2751 2752 est,

526 2771 757 2835 tenebris]
780 2772 1114 2824 Paradoxum
1156 2775 1364 2825 videtur
1397 2778 1413 2805 ‘
1433 2774 1594 2825 virtu·

525 2855 633 2898 tem
669 2851 863 2901 claram
897 2851 1129 2922 obscuris
1164 2854 1425 2904 conditam
1450 2859 1595 2904 tene-

524 2924 636 2976 bris
657 2927 1027 2980 laterez’baec
1066 2936 1239 2980 tamen
1276 2945 1341 2979 ex
1379 2945 1443 2980 eo
1478 2946 1608 2994 pos·⁴

526 3010 649 3053 sunt
670 3004 968 3068 conciliari3
1003 3006 1140 3071 quod
1178 3007 1341 3056 virtus
1374 3006 1600 3056 obscura

527 3080 590 3131 fit
624 3082 737 3131 aliis
772 3083 1099 3144 hominumn
1139 3085 1282 3133 clara
1319 3098 1443 3133 vero
1478 3099 1598 3133 cum

527 3159 692 3208 menti
736 3159 851 3222 ejus
890 3161 979 3226 qui
1022 3161 1269 3210 virtutem
1309 3160 1454 3222 colit,
1488 3165 1598 3209 tum

528 3233 652 3284 Deo
686 3234 774 3297 qui
808 3234 1060 3287 virtutem
1082 3235 1184 3299 ipsi
1202 3235 1367 3285 menti
1387 3233 1599 3285 infudit.

528 3310 617 3360 Sic
634 3309 651 3339 ‘
667 3311 873 3375 virtus,'
910 3314 988 3363 ait
1002 3313 1203 3363 Tullius
1225 3329 1321 3378 pro
1346 3314 1485 3364 Sest.
1505 3315 1521 3342 ⁴
1545 3314 1597 3363 in

531 3393 848 3450 tempestate
894 3389 1073 3454 quieta
1115 3397 1217 3453 est,
1262 3396 1318 3440 et
1357 3391 1503 3440 lucet
1545 3391 1597 3439 in

528 3463 784 3526 tenebris,
818 3470 873 3513 et
905 3466 1053 3528 pulsa
1085 3467 1206 3515 loco
1227 3473 1400 3515 manet
1426 3473 1598 3515 tamen

532 3540 897 3605 atquehaeret
939 3541 995 3589 in
1035 3542 1229 3605 patria,
1252 3530 1600 3606 splendetque

524 3626 628 3680 per
648 3631 763 3666 sese
785 3631 1013 3680 semper,
1049 3632 1149 3667 nec
1172 3616 1351 3666 alienis
1374 3630 1601 3681 unquam

531 3692 769 3745 sordibus
792 3693 1105 3744 obsolescit!

597 3775 631 3800 '¹
653 3769 917 3833 Justasque
936 3771 1049 3820 tulit
1070 3769 1261 3820 Crimen
1280 3770 1457 3836 iniqui]
1490 3771 1602 3820 Cri·

531 3860 650 3895 men
672 3845 755 3895 hic
775 3861 876 3895 non
892 3846 1151 3910 significat
1165 3848 1392 3912 culpam,
1407 3847 1604 3912 quippe

533 3937 651 3987 qnae
674 3922 795 3971 solis
832 3923 969 3974 inest
1004 3925 1343 3976 nocentibus:
1379 3925 1472 3974 sed
1511 3939 1605 3989 po-

531 4003 635 4053 tius
657 4001 942 4068 infamiam,
972 4020 1089 4070 quae
1117 4007 1323 4070 culpam
1347 4005 1495 4070 sequi
1517 4004 1607 4054 de·

532 4079 706 4143 beret,
740 4086 800 4129 ut
832 4081 995 4133 honos
1031 4082 1303 4134 virtutem.
1372 4082 1457 4131 Sic
1486 4081 1607 4130 Tul-

532 4157 628 4205 lius
648 4156 701 4206 in
716 4157 933 4209 Verrem
956 4159 1031 4208 ait
1062 4160 1078 4188 ‘
1098 4160 1301 4209 laudem
1324 4159 1609 4223 imperato-

534 4236 665 4287 riam
690 4235 995 4290 criminibus
1015 4237 1252 4287 avaritiae
1273 4236 1480 4286 obteri.'
1513 4235 1606 4286 Ni·

534 4311 721 4361 mirum
738 4312 934 4364 crimen
950 4312 1235 4378 generatim
1261 4310 1314 4361 id
1339 4325 1488 4361 omne
1508 4315 1610 4376 est,

1676 2777 1857 2827 eodem
1881 2781 2114 2834 auctore,
2149 2787 2210 2822 ιι.
2243 2771 2311 2820 de
2335 2772 2464 2832 Leg.
2511 2766 2749 2832 perjurio

1677 2869 1866 2920 poeua3
1902 2851 2076 2901 divina
2097 2849 2328 2914 quidem,
2363 2845 2621 2906 exitium3
2653 2845 2748 2893 hu-

1678 2946 1833 2980 mana
1854 2944 1995 2991 vero,
2015 2927 2262 2978 dedecus.
2311 2922 2645 2985 Nocentibus
2670 2929 2752 2971 ta·

1679 3022 1818 3071 meu,
1865 3005 2034 3070 inquit
2076 3002 2350 3063 Boethius,
2397 3001 2412 3028 ‘
2437 2999 2512 3048 nil
2554 3005 2753 3048 nocent

1681 3082 1911 3147 perjuria
1924 3080 1958 3132 :'
1991 3095 2154 3147 usque
2176 3079 2308 3130 adeo
2337 3075 2603 3141 ‘injustae’
2629 3083 2754 3126 sunt

1682 3158 1699 3187 ‘
1719 3156 1895 3209 vices.'
2460 3204 2465 3205 ⁷
2742 3167 2746 3175 ·

1746 3238 1839 3286 Nil
1858 3242 1991 3287 nocet
2010 3237 2126 3301 ipsis
2155 3236 2330 3300 Fraus]
2354 3251 2416 3287 11.
2439 3235 2604 3284 Fraus
2623 3231 2752 3286 dici·

1680 3323 1766 3367 tur
1801 3314 2032 3365 adulatio
2066 3315 2272 3364 dolosa:
2311 3319 2592 3378 propterea
2614 3323 2754 3359 nunc

1681 3394 1873 3445 dicitur
1891 3395 1907 3423 ‘
1927 3393 2167 3443 mendaci
2194 3398 2363 3444 comta
2384 3388 2594 3441 colore!
2642 3388 2754 3438 Sci·

1678 3472 1810 3522 licet
1827 3472 1979 3522 homo
1995 3471 2321 3535 vulpeculam
2342 3470 2595 3528 imitatus,
2612 3465 2753 3532 quod

1683 3549 1735 3599 vi
1776 3549 2016 3599 obtinere
2064 3550 2263 3614 nequit,
2319 3548 2373 3597 id
2418 3544 2752 3596 mendacibus

1681 3624 1840 3675 factis
1861 3624 2082 3675 dictisve
2101 3624 2307 3689 assequi
2324 3629 2570 3673 conatur-z
2595 3620 2756 3686 quod,

1683 3700 1989 3765 inquiebant
2010 3701 2253 3763 Veteres,
2273 3700 2393 3750 odio
2411 3699 2626 3762 dignum
2648 3711 2755 3745 ma-

1675 3776 1816 3840 jore,
1851 3775 2084 3839 adeoque
2123 3790 2216 3826 suo
2255 3773 2609 3826 afficiendum.
2637 3786 2760 3834 sup·

1686 3852 1877 3917 plicio:
1913 3851 2261 3914 nihilominus,
2283 3850 2358 3902 ait
2378 3850 2653 3910 Boethius,
2675 3864 2757 3899 or-

1687 3931 1754 3980 do
1777 3944 1950 3980 rerum
1971 3929 2046 3979 ita
2066 3937 2420 3993 praeposterus
2443 3926 2672 3989 videtur,
2695 3933 2757 3976 ut

1686 4008 1814 4072 ipsis
1835 4005 2186 4056 fraudulentis
2218 4006 2234 4034 ‘
2257 4004 2403 4055 fraus
2427 4005 2504 4054 nil
2525 4001 2754 4054 noceat.'

1753 4091 1776 4126 1
1803 4085 1924 4133 Cum
1941 4083 2082 4133 libuit
2101 4082 2281 4132 viribus
2300 4082 2398 4146 uti]
2429 4094 2519 4132 111.
2541 4081 2658 4145 Vis,
2678 4081 2755 4129 in-

1691 4160 1805 4224 quit
1829 4160 2094 4213 Romanus
2122 4159 2340 4222 Orator,
2365 4173 2458 4223 pro
2493 4158 2636 4209 Caec.
2673 4164 2758 4207 est

1690 4252 1807 4301 quae
1832 4237 2091 4300 periculo,
2124 4242 2216 4286 aut
2250 4234 2508 4286 decedere
2544 4249 2641 4284 nos
2664 4234 2758 4283 ali-

1691 4313 1863 4364 cunde
1884 4313 2047 4381 cogit,
2086 4320 2177 4364 aut
2200 4311 2440 4378 probibet
2462 4312 2718 4362 accedere
2739 4325 2753 4360 ε
