3049 4928
490 409 622 477 122
1185 432 1272 478 no
1285 431 1496 479 s'rrm
1549 432 1646 480 ou
1694 435 2002 486 consor..

924 572 1088 658 Agit
1117 576 1418 659 algentes
1450 577 1799 662 Hesperus
1827 588 2033 661 ortuS,

922 676 1182 745 Solitas
1210 682 1444 745 iterum
1466 688 1685 749 mutat
1715 684 2029 765 habenaS,

924 781 1168 846 Phoebi
1195 784 1456 867 pallens
1489 784 1757 850 Lucifer
1784 793 1956 851 ortu.

921 884 985 948 Τ
989 905 1033 949 ιι
1060 885 1436 953 frondifluae
1463 887 1706 973 frigore
1736 891 1990 957 brumae
2008 900 2037 928 ¹¹

494 1080 693 1158 magui
713 1085 846 1131 ortus
865 1081 1017 1145 primo
1037 1083 1188 1134 noctis
1202 1085 1358 1148 spatio
1378 1086 1546 1135 ducere
1567 1086 1757 1137 videtur
1776 1101 1952 1162 agmen
1977 1087 2217 1137 stellarum
2234 1084 2557 1163 frigidarum,
2579 1088 2702 1137 idem

494 1143 689 1207 Lucifer
707 1152 856 1198 mutet
876 1148 1213 1208 rursussraena
1234 1155 1449 1200 consueta
1469 1153 1521 1200 in
1543 1156 1652 1200 ortu
1675 1151 1804 1202 Solis
1834 1153 2059 1217 pulltdns.
2130 1153 2206 1203 Tu
2237 1153 2477 1203 contrahis
2497 1152 2623 1203 diem
2651 1155 2703 1202 in

1487 1282 1705 1335 NOTAE

495 1392 770 1456 matutina,
804 1393 944 1445 idem
981 1403 1103 1447 sunt
1127 1398 1344 1448 Veneris
1380 1398 1551 1449 sidusz
1637 1401 1756 1451 dem
1795 1399 1979 1452 Poetis
2011 1401 2099 1452 Sol
2135 1399 2415 1466 quadrigis,
2448 1365 2599 1450 Luna
2632 1399 2712 1449 bi-

497 1484 615 1519 nam
648 1469 833 1523 Cicero
870 1486 934 1524 11.
965 1472 1032 1522 de
1071 1473 1199 1525 Nat.
1234 1475 1302 1524 D.
1336 1473 1559 1525 ‘Infima

496 1545 617 1610 est,'
638 1546 827 1612 inquit,
852 1549 870 1578 ⁸
886 1550 1114 1616 quinque
1136 1552 1438 1616 errantium,
1454 1559 1559 1602 ter-

496 1637 673 1688 raeque
709 1625 949 1687 proxima
983 1629 1140 1677 stella
1173 1628 1414 1692 Veneris,
1448 1645 1563 1695 qnae

497 1697 958 1764 φωσφόρος,Ι,εῐὶῃθ
984 1703 1425 1768 Lucifer,dicitur,
1446 1720 1563 1755 cnm

495 1777 856 1840 antegreditur
874 1777 1065 1844 Solem,
1092 1794 1209 1830 cum
1235 1781 1565 1846 subsequitur

501 1859 697 1915 autem,
738 1854 1007 1919 Hesperus
1032 1856 1065 1907 ι’
1118 1858 1258 1907 unde
1301 1859 1563 1908 Martialis

500 1929 654 1994 Epig.
692 1930 726 1980 1.
766 1945 893 1982 vm.
935 1934 1034 1997 Ep.
1074 1938 1158 1984 21.
1205 1934 1567 2001 ‘Phosphore,

498 2006 666 2057 redde
700 2008 874 2059 diem!
938 2013 1008 2061 Et
1029 2012 1218 2076 virgil.
1253 2014 1367 2065 Ecl.
1401 2027 1457 2063 x.
1493 2029 1566 2066 vs.

499 2088 584 2134 77.
614 2084 632 2113 ‘
654 2084 734 2136 Ite
773 2087 979 2138 domum
1018 2096 1229 2153 saturae,
1260 2092 1407 2141 venit
1430 2092 1566 2142 Hes-

501 2175 679 2227 perus,
709 2165 785 2214 ite
808 2166 1063 2229 capellae?
1130 2168 1411 2219 Histoi-icis
1435 2170 1570 2220 Hes-

501 2252 678 2304 perus,
696 2240 927 2292 Atlantis
950 2245 1248 2309 peritissimi
1271 2246 1572 2299 Astronsmi

500 2313 687 2381 frater,
708 2316 1053 2371 Astronomiae
1088 2324 1285 2385 pariter
1306 2324 1570 2375 studiosis·

502 2394 684 2459 simus,
722 2396 810 2461 qui
849 2412 967 2448 cum
992 2400 1289 2450 altissimum
1319 2407 1571 2467 montem,

504 2485 622 2521 eum
661 2470 801 2523 forte
839 2490 991 2539 quem
1034 2492 1064 2525 a
1095 2475 1261 2527 fratre
1298 2478 1572 2528 Atlantem

502 2547 919 2614 nominaverunt,
938 2554 1351 2619 conscendisset,
1368 2562 1427 2606 ut
1451 2556 1575 2606 inde

501 2624 674 2675 sidera
687 2626 985 2691 diligentius
1003 2627 1466 2696 contemplaretur,
1482 2649 1575 2684 seu

501 2709 695 2767 morte,
728 2719 821 2754 seu
854 2706 1053 2770 morbo,
1086 2723 1180 2757 seu
1214 2711 1437 2775 quodam
1472 2711 1575 2761 alio

504 2794 626 2830 casn
651 2780 950 2847 impeditus,
985 2785 1038 2834 in
1071 2785 1293 2848 patriam
1318 2802 1576 2853 nunqnam

504 2858 698 2909 rediitt
731 2860 871 2910 unde
894 2862 1186 2928 plebecula,
1220 2865 1579 2930 superstitioni

506 2934 709 3000 dedita,
729 2936 895 3000 ip‘sum
918 2939 1059 2989 inter
1076 2946 1220 2990 astra
1242 2941 1295 2990 in
1316 2943 1449 2991 coelo
1470 2943 1579 2992 col-

507 3010 737 3062 locatum
780 3013 940 3065 fuisse
984 3015 1327 3079 existimavit,
1373 3017 1579 3082 ipsique

508 3095 789 3153 propterea
813 3091 1016 3142 divinos
1051 3092 1274 3142 honores
1308 3094 1575 3144 exhibuit:

507 3165 627 3214 binc
649 3165 763 3215 duae
788 3167 1091 3232 Hesperiae:
1119 3171 1286 3219 altera
1307 3171 1581 3234 Hispania,

512 3241 685 3301 altera
705 3243 882 3293 Italia.
925 3246 1080 3295 Prior
1103 3245 1365 3311 Hesperia
1386 3247 1581 3299 dicitur

514 3333 546 3368 a
562 3317 736 3368 sidere
751 3322 1073 3384 cognomine,
1087 3323 1226 3388 quod
1246 3339 1465 3388 regnum
1482 3325 1582 3376 hoc

415 3396 421 3401 ⁴
515 3395 742 3460 Graecis,
762 3396 930 3448 instar
952 3399 1107 3464 hujus
1130 3400 1332 3465 sideris,
1358 3402 1425 3453 sit
1445 3403 1583 3453 occi·

515 3471 727 3524 dentale
748 3490 762 3522 ε
801 3473 866 3523 de
900 3474 999 3541 bac
1015 3477 1246 3542 loquitur
1269 3479 1519 3530 Horatius
1542 3496 1583 3532 1.

516 3552 691 3602 Carm.
720 3553 827 3604 Od.
864 3558 946 3604 36.
979 3556 994 3582 ‘
1014 3556 1118 3607 Qui
1152 3570 1288 3606 nunc
1325 3556 1588 3622 Hesperia

515 3644 692 3694 sospes
715 3628 780 3678 ab
803 3628 1023 3679 ultima.'
1090 3631 1359 3681 Posterior
1383 3635 1586 3698 Hespe·

518 3705 595 3754 ria
617 3712 835 3754 vocatur
856 3720 888 3754 a
919 3705 1177 3769 praedicto
1215 3709 1454 3773 Hespero
1489 3712 1586 3761 At-

515 3782 674 3831 lantis
710 3780 897 3845 fratre,
931 3783 1019 3848 qui
1044 3797 1075 3831 a
1097 3798 1343 3846 germano
1389 3789 1586 3851 pulsus,

516 3861 726 3910 Italiam
750 3862 936 3924 tenuit,
957 3862 1108 3927 eique
1135 3879 1321 3914 nomen
1346 3866 1453 3915 sive
1476 3882 1506 3916 a
1530 3882 1586 3916 se

518 3938 628 3987 sive
651 3952 682 3986 a
704 3953 797 3987 sua
818 3939 989 4001 patria
1011 3940 1299 3991 desnmtum
1324 3942 1590 4007 imposuit.

520 4014 610 4065 De
648 4014 744 4063 hac
780 4014 927 4078 Virg.
968 4014 1086 4066 AEn.
1125 4032 1166 4066 1.
1198 4031 1273 4069 vs.
1307 4023 1422 4067 534.
1454 4019 1591 4069 ‘Est

521 4091 687 4153 locus,
742 4090 1049 4154 Hesperiam
1084 4093 1233 4142 Graii
1281 4097 1590 4157 cognomine

524 4166 741 4218 dicunt!
798 4166 981 4216 Poetis
1009 4168 1279 4231 Hesperus
1300 4171 1352 4218 in
1379 4173 1584 4220 stellam

523 4257 823 4306 conversus,
868 4258 985 4308 quae
1025 4244 1333 4310 quibusdam
1376 4245 1585 4310 Venus;

522 4323 636 4373 aliis
659 4320 878 4374 Aurorae
900 4319 1056 4371 filius.
1124 4321 1254 4370 Cum
1292 4328 1467 4371 autem
1505 4322 1592 4372 iis·

1641 1480 1720 1544 gis
1753 1480 1989 1545 vehatur,
2022 1480 2292 1543 Hesperus
2332 1492 2436 1528 uno
2478 1491 2711 1528 seorsum

1642 1570 1777 1621 equo
1816 1558 2000 1621 utitur,
2032 1556 2126 1607 sed
2166 1558 2302 1607 hunc
2344 1555 2424 1605 ita
2465 1556 2712 1616 alternat,

1643 1638 1703 1681 ut
1736 1648 1887 1682 mane
1923 1634 2119 1697 album,
2156 1648 2272 1683 sero
2306 1630 2509 1682 fuscum
2534 1646 2714 1684 ascen-

1645 1709 1764 1759 dat:
1801 1715 2082 1773 propterea
2105 1710 2376 1774 Hesperus
2408 1722 2547 1758 nunc
2585 1708 2715 1758 dici-

1647 1790 1736 1835 tur
1768 1786 1785 1815 ‘
1806 1786 1983 1836 solitas
2005 1787 2194 1837 lterum
2216 1793 2417 1835 mutare
2449 1784 2717 1834 habenas.’

1647 1861 1972 1926 Philosophis
2014 1864 2240 1928 deniqne
2285 1863 2559 1926 Hesperus
2606 1861 2715 1910 sive

1646 1938 1822 1987 Venus
1845 1945 1928 1988 est
1950 1940 2183 2003 planeta,
2215 1938 2302 2005 qui
2326 1951 2422 2003 per
2443 1938 2632 1987 coelum
2656 1937 2715 1986 li-

1648 2014 1875 2079 quidum,
1907 2024 1968 2065 ut
2005 2017 2172 2081 paleae
2215 2030 2313 2079 per
2351 2028 2510 2079 aquas
2546 2013 2718 2078 abripi

1649 2094 1836 2157 solent,
1856 2101 2039 2159 raptus
2063 2092 2216 2143 modo
2249 2107 2429 2157 supra,
2459 2085 2616 2141 modo
2642 2091 2717 2140 in-

1648 2167 1731 2217 fra
1749 2169 2020 2233 Solem,sic
2037 2176 2297 2233 movetur,
2316 2174 2374 2218 ut
2390 2167 2718 2218 emendicato

1649 2246 1783 2295 Solis
1819 2247 2014 2296 lumine
2050 2248 2310 2308 relucens,
2340 2245 2564 2295 easdem
2587 2244 2721 2307 fere,

1653 2338 1777 2388 quas
1793 2324 1958 2389 Luna,
1977 2323 2184 2373 luminis
2198 2323 2586 2373 vicissitudines
2603 2322 2722 2372 snb-

1651 2406 1753 2451 eat.
1821 2401 2081 2450 Fatentur
2123 2397 2295 2450 autem
2338 2400 2474 2449 hanc
2517 2397 2722 2448 stellam

1651 2479 1807 2528 modo
1828 2477 2102 2542 antegredi
2126 2477 2407 2537 orientem,
2425 2475 2580 2526 modo
2603 2475 2721 2525 sub·

1654 2555 1801 2620 sequi
1835 2553 2157 2604 occidentem
2191 2554 2401 2604 Solem:
2435 2553 2525 2611 sed
2563 2551 2619 2601 id
2650 2553 2723 2601 di-

1655 2646 1808 2682 verso
1851 2631 2004 2681 modo
2048 2619 2334 2695 explicint,
2378 2645 2473 2695 pro
2519 2631 2726 2679 diverso

1655 2708 1846 2758 Mundi
1868 2715 2173 2772 systemate,
2198 2708 2264 2758 de
2299 2723 2400 2774 quo
2424 2708 2602 2757 dicere
2626 2720 2728 2757 non

1657 2793 1824 2835 vacat.
1865 2786 2084 2836 Constat
2097 2800 2223 2849 ergo
2238 2783 2378 2849 apud
2395 2799 2573 2834 omnes
2594 2784 2730 2832 Hes-

1659 2877 1841 2927 perum
1880 2861 2127 2927 subsequi
2158 2861 2485 2911 occidentem
2515 2860 2730 2911 Solem:

1659 2939 1980 2990 undenum
2024 2939 2212 2989 merito
2257 2937 2452 2988 dicitur
2507 2938 2729 3002 ‘primae
2808 2978 2814 2987 .

1661 3023 1896 3080 tempore
1916 3017 2085 3066 noctis
2103 3031 2262 3080 agere
2283 3016 2518 3080 algentes
2535 3022 2682 3065 ortus
2696 3013 2730 3075 ς’

1661 3093 1772 3142 sive
1796 3092 1991 3142 ducere
2027 3098 2285 3141 nocturna
2315 3091 2505 3154 sidera,
2543 3089 2732 3155 quibus

1658 3171 2001 3235 regnantibus
2024 3177 2165 3220 terra
2186 3168 2441 3233 frigescit.
2508 3167 2732 3217 Constat

1664 3248 1864 3312 pariter
1881 3244 2202 3308 Luciferum,
2219 3245 2306 3309 qui
2330 3244 2468 3293 idem
2487 3242 2629 3292 sidus
2650 3248 2736 3292 est

1664 3324 1801 3389 quod
1839 3324 2134 3388 Hesperus,
2172 3318 2449 3384 antegredi
2475 3319 2733 3374 orlentem

1665 3402 1864 3452 Solem:
1887 3398 2025 3450 unde
2042 3412 2178 3465 nunc
2196 3397 2392 3460 optime
2407 3396 2600 3445 dicitur
2619 3396 2634 3423 ‘
2652 3408 2732 3443 so·

1663 3479 1786 3528 litas
1807 3477 1998 3526 iterum
2019 3480 2224 3524 mutare
2244 3470 2498 3522 habenas'
2531 3471 2584 3521 in
2617 3470 2739 3520 tor-

1669 3560 1728 3604 tu
1764 3550 1982 3602 Phoebi’
2020 3550 2129 3600 sive
2166 3550 2316 3598 Solis.
2381 3547 2396 3575 ‘
2418 3547 2624 3597 Pallet'
2659 3553 2736 3596 ta-

1669 3644 1787 3680 men
1824 3633 2042 3693 propter
2076 3625 2242 3689 majus
2268 3623 2400 3674 Solis
2421 3623 2637 3673 orientis
2659 3625 2737 3673 lu·

1670 3720 1805 3755 men.
2431 3731 2435 3733 -
2580 3744 2581 3747 ,

1666 3830 1673 3835 „
1733 3789 1773 3833 ¹¹,
1793 3782 1867 3830 Tu
1885 3780 2171 3844 frondiflua}
2194 3777 2387 3841 frigore
2409 3776 2612 3840 brumoe]
2646 3790 2736 3825 ιιι.

1670 3857 1858 3922 agitur,
1883 3857 1949 3905 de
1972 3856 2172 3919 diebuS,
2204 3870 2420 3920 quorum
2455 3854 2741 3918 praecipuae

1671 3936 1811 3984 vices
1834 3934 1884 3981 in
1915 3934 2014 3983 hoc
2049 3940 2342 3993 versantur,
2377 3931 2512 3997 quod
2551 3930 2739 3994 hyeme

1670 4010 1954 4071 breviores,
1976 4014 2165 4058 aestate
2186 4008 2448 4070 longiores
2464 4005 2588 4054 sint.
2644 4005 2738 4055 Ni-
2813 4056 2819 4063 Ἀ

1672 4087 1854 4136 mirum
1879 4087 1988 4135 dies
2011 4085 2093 4134 hic
2117 4092 2199 4134 est
2234 4098 2380 4132 mora
2414 4082 2551 4132 Solis
2579 4095 2742 4146 supra

1664 4172 1901 4215 nostrum
1930 4163 2254 4212 horizontem
2279 4161 2344 4210 ab
2369 4160 2510 4209 Ortu
2535 4157 2601 4207 ad
2633 4158 2741 4207 Oc·

1673 4255 1852 4292 casum
1874 4237 2292 4305 progredientis:
2320 4249 2482 4302 quare
2505 4249 2607 4284 nox
2620 4235 2741 4285 huic

1676 4320 1780 4372 diei
1803 4318 2044 4385 opposita
2066 4324 2145 4368 est
2169 4329 2314 4366 mora
2335 4312 2574 4378 ejusdem
2608 4312 2744 4364 Solis
