3049 4928
504 395 634 465 256
1213 400 1521 454 noni-1111
1575 399 1673 449 DE
1720 397 2033 449 consor„

499 557 643 624 suis
674 555 806 640 ipsi
837 569 1117 617 necesse
1146 553 1252 614 est
1300 545 1615 612 laudibus
1665 544 2082 609 erubescant·
2175 535 2353 616 Quae
2404 535 2467 600 si
2494 534 2695 600 etiam

498 659 754 726 meritis
773 665 798 704 ⁸
871 653 1270 738 conquisitae
1318 652 1472 727 sint,
1534 647 1698 732 quid
1761 653 1985 711 tamen
2044 640 2368 727 sapientis
2431 637 2697 723 adjece-

480 766 627 828 'rint
686 757 1130 831 conscientiae,
1206 752 1322 837 qui
1381 752 1635 815 bonum
1681 768 1878 813 suum
1940 765 2076 810 non
2121 742 2437 829 populari
2477 759 2699 806 rumo-

495 876 610 944 res
681 862 803 927 sed
852 857 1287 924 conscientiae
1345 854 1636 919 veritate
1678 850 1988 915 metitur?
2064 846 2274 927 Quod
2327 846 2390 911 si
2430 846 2557 909 hoc
2597 844 2701 926 ip-

495 988 644 1034 sum
700 980 1116 1050 propagasse
1158 976 1423 1035 nomen,
1463 953 1814 1039 pulchrum
1861 947 2207 1032 videtur3¹¹
2269 961 2700 1030 consequens

495 1074 599 1135 est
655 1075 728 1133 ut
763 1066 1020 1132 foedum
1076 1081 1215 1126 non
1269 1049 1662 1123 extendisse
1710 1054 2072 1140 judicetur.
2164 1050 2300 1116 Sed
2359 1068 2544 1126 cum,
2599 1045 2701 1109 uti

493 1166 701 1258 paulo
734 1175 891 1235 ante
923 1165 1238 1243 disserui,
1273 1162 1498 1247 plures
1530 1164 1757 1243 gentes
1788 1173 1939 1223 esse
1968 1175 2248 1221 necesse
2284 1154 2376 1218 sit
2405 1150 2489 1216 ad
2522 1164 2701 1233 quas

491 1276 686 1341 unius
710 1271 896 1337 fama
921 1268 1214 1335 hominis
1261 1269 1565 1349 nequeat
1594 1262 1965 1346 pervenire,
2019 1258 2094 1324 fit
2123 1264 2195 1324 ut
2238 1275 2440 1340 quem
2468 1259 2540 1318 tu
2568 1270 2700 1316 aes-

493 1379 694 1443 timas
725 1376 1176 1459 gloriosum‚¹4
1215 1369 1529 1453 proxima
1564 1371 1756 1448 parte
1782 1371 1830 1410 ¹⁵
1898 1369 2219 1427 terrarum
2248 1356 2555 1422 videatur
2599 1354 2701 1417 in-

495 1478 794 1563 glorius!
880 1475 1057 1540 Inter
1104 1474 1253 1537 h'aec
1310 1488 1467 1534 vero
1517 1466 1944 1552 popularem‘
1989 1462 2270 1544 gratiam
2293 1456 2344 1498 ¹⁶
2403 1474 2486 1520 ne
2518 1475 2706 1521 com-

490 1580 961 1645 memoratione
992 1575 1260 1662 quidem
1307 1573 1576 1655 dignam
1628 1573 1817 1652 puto,
1872 1584 2031 1649 quae
2063 1583 2189 1629 nec
2233 1559 2500 1646 judicio
2545 1575 2704 1643 pro-

490 1684 696 1761 venit,
742 1702 862 1746 nec
916 1697 1209 1764 unquam
1256 1676 1452 1740 firma
1497 1671 1834 1758 perdurat.
1943 1668 1990 1733 J
1995 1687 2104 1732 am
2150 1683 2307 1731 vero
2354 1681 2557 1747 quam
2609 1661 2708 1725 sit

491 1787 715 1860 inane,
748 1802 954 1869 quam
1002 1779 1245 1844 futile²⁸
1306 1774 1694 1840 nobilitatis
1740 1766 2028 1848 nomen,i
2072 1769 2225 1853 quis
2254 1786 2388 1832 non
2417 1762 2695 1830 videat?

491 1907 642 1972 quae
661 1898 686 1924 ⁶
733 1887 793 1950 si
824 1884 912 1949 ad
942 1880 1405 1948 claritudinem
1433 1877 1732 1953 refertur,
1760 1875 1981 1938 aliena
2008 1878 2139 1936 est.
2204 1868 2494 1935 Videtur
2512 1884 2706 1931 nam-

492 2009 621 2072 que
646 2009 798 2053 esse
825 1986 1166 2063 nobilitaS‚
1199 1982 1510 2068 quaedam
1539 1979 1624 2044 de
1674 1978 1930 2044 meritis
1962 1977 2239 2042 veniens
2282 1974 2435 2037 laus
2466 1988 2707 2054 paren-

489 2099 660 2158 tum.
779 2088 984 2167 Quod
1042 2088 1104 2152 si
1163 2084 1634 2150 claritudinem
1688 2081 2090 2166 praedicatio
2151 2077 2343 2153 facit,
2402 2073 2528 2138 illi·
2570 2073 2711 2140 sint

493 2196 679 2259 clari·
700 2211 986 2258 necesse
1018 2196 1125 2256 est
1156 2190 1274 2274 qui
1303 2187 1779 2273 praedicantur.
1874 2182 2106 2263 Quare
2154 2177 2581 2264 splendidum
2611 2182 2709 2253 te,

553 2349 576 2375 ⁶·
617 2342 781 2403 Vulgi.
976 2348 996 2374 ⁸
1028 2329 1360 2392 Iulianarum-³.
1554 2342 1574 2372 θ
1614 2339 1776 2401 Vulgi.
1985 2344 2013 2368 ¹²
2045 2334 2188 2385 Leve.
2317 2337 2343 2363 θ
2378 2327 2670 2378 Νοῑυίιίίαε.ι

1416 2450 1446 2472 0

1754 2450 1783 2470 O

521 2585 534 2596 .
554 2524 617 2570 14
652 2521 889 2585 Uterque
911 2521 1108 2572 Thuan.
1132 2520 1268 2585 Reg.
1294 2520 1432 2572 Vict.
1446 2519 1730 2582 secundus,
1753 2525 1810 2568 et
1831 2518 1937 2569 Ms.
1959 2514 2216 2566 Rittersb.
2249 2511 2460 2563 estimas
2482 2522 2583 2559 esse
2599 2508 2708 2570 glo-

485 2591 808 2662 ηθωῃῑι-Ιό
829 2587 844 2614 ‘
863 2587 965 2634 Pro
987 2587 1197 2635 maxima
1233 2590 1398 2649 parte.-
1440 2584 1709 2634 Hactenus
1732 2584 1860 2635 editi
1885 2590 1941 2633 et
1959 2589 2182 2644 uterque
2206 2580 2404 2628 Thuan.
2427 2572 2711 2634 habebant,

479 2665 702 2727 proxima
718 2667 734 2699 .·
768 2651 859 2700 sed
884 2652 1162 2700 lectionem
1186 2651 1385 2700 codicis
1405 2650 1668 2699 Victorini
1703 2647 1918 2699 secundi
1955 2653 2011 2696 et
2035 2645 2187 2708 Regii
2213 2641 2360 2707 sequi
2383 2639 2566 2688 maluit
2585 2637 2708 2685 Val-

485 2716 641 2792 lmus,
679 2723 734 2764 ut
756 2730 787 2764 e
810 2715 996 2780 quibus
1014 2715 1306 2765 hauriretur
1328 2729 1511 2764 sensus
1536 2711 1910 2777 praestantiora!
1950 2711 2127 2760 Editor
2150 2706 2323 2771 Daph.
2373 2706 2475 2754 Pro
2495 2701 2708 2752 maxima

488 2782 739 2831 exhibent
759 2781 957 2845 Delpb.
981 2788 1038 2831 et
1066 2780 1366 2830 flach—16
1399 2781 1506 2829 Me.
1532 2781 1789 2831 Rittersh.
1822 2777 2048 2840 gloriam.

1483 2876 1701 2927 NOTAE

488 2956 680 3008 babeat
694 2957 949 3009 rationem
966 2959 1151 3008 summi
1171 2959 1315 3022 boni,
1339 2964 1399 3008 ut
1423 2957 1564 3022 poti·

492 3049 552 3083 us
587 3036 659 3093 sit
680 3050 844 3099 error,
877 3037 1123 3101 ‚adeoque
1161 3038 1353 3086 malum
1376 3035 1567 3087 :unde

485 3112 621 3169 ‘non
646 3111 850 3177 injuria’
873 3112 1042 3162 Poeta
1075 3113 1090 3140 ‘
1109 3109 1404 3174 Tragicus,’
1428 3109 1569 3160 scili-

492 3195 580 3241 cet
607 3188 903 3254 Euripides,
931 3190 996 3239 ab
1021 3188 1277 3239 Archelao
1316 3185 1567 3236 Macedo-

489 3279 610 3320 num
644 3266 789 3328 Rege
814 3279 1014 3313 summo
1039 3265 1091 3314 in
1114 3264 1319 3319 honore,
1340 3264 1566 3325 habitus,

487 3343 542 3391 iu
566 3341 932 3398 Andromacha
955 3343 1182 3392 cecinit:
1206 3341 1274 3393 Ὦ
1292 3341 1417 3406 δόξα,
1435 3340 1563 3406 δόξα,

489 3420 589 3471 διο.
610 3418 708 3466 hoc
726 3424 825 3478 est,
861 3417 877 3443 ‘
897 3417 945 3466 Ο
972 3418 1157 3482 gloria,
1179 3419 1363 3482 gloria,
1395 3416 1567 3468 fecisti

489 3493 718 3551 millibus
781 3494 1081 3542 mortalium
1138 3494 1328 3545 nullius
1386 3493 1563 3543 meriti

489 3584 732 3634 magnam
759 3567 959 3620 vitam?

513 3680 521 3701 2
552 3652 579 3687 ε
615 3645 735 3699 Qaae
767 3643 812 3692 si
853 3643 1001 3692 etiam
1033 3641 1244 3706 meritis]
1280 3656 1345 3692 11.
1369 3641 1564 3706 Agitur

489 3723 557 3772 de
581 3721 755 3787 gloria,
768 3734 894 3770 vera
916 3720 1112 3768 meritis
1131 3719 1358 3783 propriis
1376 3717 1565 3769 funda·

490 3805 566 3858 ta,
589 3811 706 3861 quae
734 3795 933 3845 idcirco
969 3809 1073 3843 non
1108 3795 1268 3844 babet
1306 3796 1562 3846 rationem

491 3873 675 3930 summi
701 3873 841 3934 boni,
875 3872 1013 3936 quod
1046 3872 1179 3936 haec,
1204 3878 1392 3936 utpote
1409 3879 1565 3923 extra

489 3964 610 4000 eum
625 3949 713 4014 qui
730 3951 1038 4013 bonoratur,
1057 3949 1182 3999 nihil
1206 3950 1330 4000 boni
1345 3951 1563 4015 adjiciat

498 4027 663 4077 menti
681 4027 792 4078 sive
813 4028 1147 4077 conscientiae
1171 4029 1453 4091 sapienti83
1477 4027 1565 4092 qui

499 4110 698 4168 tamen,
740 4111 926 4169 utpote
961 4105 1164 4169 peritus
1207 4118 1313 4153 suae
1353 4103 1563 4166 mentis,

495 4176 625 4232 nihil
665 4182 763 4237 sibi
796 4197 912 4233 esse
937 4182 1129 4232 bonum
1154 4180 1439 4243 existimat,
1464 4179 1566 4228 nisi

493 4259 634 4325 quod
671 4261 726 4311 in
759 4274 852 4309 sua
891 4264 1065 4309 mente
1101 4253 1285 4319 fuerit,
1319 4262 1376 4316 et
1415 4254 1566 4318 cujus

1649 2958 1834 3008 eadem
1858 2969 2005 3005 mens
2029 2953 2097 3004 sit
2117 2950 2347 3002 conscia.

1708 3032 1734 3067 ¹¹
1757 3035 1893 3089 Quod
1905 3033 1950 3082 si
1964 3033 2049 3081 hoc
2061 3031 2214 3094 ipsum
2227 3038 2512 3091 propagasse
2523 3037 2707 3083 nornen,

1641 3110 1891 3173 pulchrum
1911 3104 2126 3168 videtur]
2144 3104 2219 3154 At
2242 3102 2442 3164 demuS,
2468 3099 2609 3164 quod
2633 3107 2708 3148 ta-

1645 3201 1764 3238 men
1784 3201 1888 3241 ‚non
1911 3190 2011 3247 est,
2030 3182 2203 3247 iuquit
2227 3176 2581 3240 Philosophia,
2613 3175 2711 3239 ipsi

1647 3264 1805 3316 etiam
1832 3260 2056 3326 sapienti
2097 3257 2264 3315 videri
2300 3256 2511 3317 bonum,
2545 3259 2603 3302 et
2623 3267 2710 3302 ex-

1650 3341 1907 3399 trinsecus
1931 3337 2131 3388 laudari
2150 3342 2206 3385 et
2231 3333 2547 3383 intrinsecus
2572 3345 2713 3394 mag·

1648 3419 1703 3468 ni
1720 3417 1832 3468 fieri
1858 3433 1888 3466 a
1912 3414 2136 3479 populiS,
2155 3423 2371 3460 necesse
2388 3406 2511 3468 erit,
2527 3419 2717 3469 secun·

1648 3496 1770 3546 dum
1793 3495 1961 3558 legem
1982 3486 2378 3547 contrariorum,
2390 3496 2495 3532 non
2506 3479 2714 3531 laudari

1643 3576 1701 3620 et
1720 3584 1823 3620 non
1846 3567 2017 3630 magni
2047 3563 2162 3614 fieri
2201 3578 2232 3611 a
2270 3558 2497 3626 populu,
2539 3557 2714 3607 eidem

1643 3644 1873 3708 sapienti
1913 3656 2029 3691 esse
2049 3640 2273 3689 malum:
2312 3649 2473 3700 quare
2496 3648 2623 3682 cum
2651 3647 2715 3682 ex

1644 3720 1801 3770 dictis
1843 3718 2001 3781 longe
2025 3716 2211 3779 *plures
2257 3711 2366 3762 sint
2404 3710 2661 3770 homines,
2684 3723 2715 3758 a

1643 3795 1830 3863 quibus
1854 3795 1941 3844 ille
1963 3793 2170 3857 sapiens
2189 3790 2486 3855 ignoratum
2505 3801 2661 3850 quam
2685 3801 2716 3835 a

1644 3872 1828 3939 quibus
1845 3876 2185 3935 cognoscatur
2199 3864 2475 3916 laudabilis
2492 3865 2715 3914 honora-

1644 3949 1882 4013 bilisque,
1921 3938 2064 3996 idem'
2094 3944 2300 4009 sapiens
2344 3942 2462 4006 plus
2481 3939 2716 4007 ,habebit

1644 4026 1788 4089 mali,
1814 4039 1968 4090 quam
1990 4023 2175 4085 summi
2200 4020 2341 4070 boni.
2637 4078 2642 4083 ἱ

1659 4146 1668 4151 .
1711 4100 1725 4134 ¹
1756 4101 1920 4151 Futile
1942 4098 2207 4148 nobilitatis
2238 4095 2427 4159 nomen]
2465 4107 2554 4143 ιιι.
2589 4091 2710 4161 Agi-

1651 4182 1735 4228 t'ur
1782 4175 1849 4226 de
1895 4175 2059 4239 gloria
2104 4187 2228 4222 vera
2260 4171 2462 4221 meritis
2508 4169 2711 4230 alienis,

1647 4268 1840 4319 nempe
1865 4266 2070 4319 genere
2113 4249 2367 4300 fundata:
2391 4262 2523 4313 ‚quae
2562 4246 2712 4310 vulgo
