3049 4928
670 477 973 526 BOETl-III
1026 478 1120 527 DE
1168 477 1478 528 GONSOL.
1533 480 1982 533 PHILOSOPH.
2031 483 2176 532 MR.
2225 485 2275 533 1.

375 618 674 684 acerbatus,
711 621 926 672 Boetius
964 636 1085 671 vero
1110 626 1287 671 noster
1309 633 1440 670 mar·

378 697 497 760 tyrii
535 695 758 762 palmam
793 705 874 748 est
904 706 1233 749 consecutus.
1300 699 1440 748 Auc-

375 778 517 823 tores
542 775 667 824 mihi
691 774 977 826 affirmandi
999 775 1090 825 fidi
1114 783 1287 827 testes.
1319 776 1438 828 Joh.

373 852 598 915 Magnus
639 852 841 903 Gothus
881 853 1129 917 Archiep.
1166 855 1348 917 Uspal.
1385 855 1437 903 iu

375 926 616 979 Historia
647 930 937 980 Gothorum
975 936 1029 980 et
1061 932 1320 981 Sueouum
1345 930 1437 981 lib.

371 1018 457 1054 tx.
499 1019 616 1068 cap.
653 1009 735 1055 32.
780 1006 846 1056 de
879 1006 1243 1057 Theoderico:
1279 1009 1294 1036 ‘
1321 1008 1437 1057 Nec

370 1081 611 1131 dissimili
636 1081 811 1133 furore
841 1085 1057 1134 desaevit
1086 1085 1137 1133 iu
1163 1085 1433 1134 nonnullos

369 1157 593 1207 Romani
632 1160 853 1209 Senatus
897 1160 1187 1224 principes:
1222 1160 1277 1209 in
1315 1175 1438 1225 quo·

370 1249 484 1284 rum
543 1251 774 1297 numero,
822 1237 1061 1286 Boetium
1106 1244 1160 1287 et
1201 1238 1434 1302 Symma-

367 1311 541 1373 chum,
555 1312 869 1376 jampridem
897 1314 1036 1377 apud
1055 1313 1275 1377 Papiam
1305 1315 1434 1363 rele-

368 1392 544 1450 gatos,
574 1387 795 1438 interfici
814 1389 990 1452 jussit.
1055 1389 1300 1439 Boetium
1325 1390 1433 1454 qui-

367 1464 511 1529 dem,
552 1467 700 1531 quasi
749 1466 934 1516 librum
987 1467 1133 1517 illum
1179 1466 1433 1518 nobilissi-

366 1556 529 1605 mum,
585 1557 735 1607 quem
783 1542 847 1593 de
885 1543 1140 1593 Trinitate
1184 1544 1432 1594 adversus

366 1617 619 1669 Arriauos
654 1621 986 1685 conscripsit,
1014 1621 1066 1670 in
1101 1622 1214 1684 ejus
1251 1627 1431 1672 contu·

363 1695 574 1745 meliam
601 1698 1013 1761 composuisset!
1035 1698 1170 1748 Haec
1189 1699 1430 1764 Magnus.

365 1771 541 1823 Julius
562 1773 853 1823 Martianus
879 1790 1022 1838 vero,
1047 1777 1133 1841 qui
1157 1775 1332 1826 Boetii
1356 1776 1431 1825 vi·

365 1857 475 1898 tam
500 1849 703 1899 erudite
737 1852 1064 1920 conscripsit,
1095 1852 1298 1903 illustre
1319 1868 1433 1903 uar-

364 1931 451 1974 rat
490 1925 808 1976 miraculum.
843 1929 859 1956 ‘
883 1929 1051 1979 Ticini
1087 1930 1307 1993 incolae,'
1356 1931 1430 1981 in·

322 2037 329 2042 .
363 2001 570 2066 quiens,
625 2003 864 2069 ‘semper
901 2021 932 2054 a
967 2007 1240 2072 majoribus
1272 2007 1429 2057 tradi-

362 2085 473 2127 tum
520 2087 824 2130 constanter
866 2089 1184 2148 asseverant,
1226 2084 1430 2134 Severi-

361 2170 485 2206 num
508 2170 623 2206 cum
641 2158 812 2222 regius
833 2159 1120 2224 spiculator
1140 2161 1298 2210 letale
1321 2162 1428 2210 vul-

365 2247 467 2283 nus
502 2234 780 2297 iutulisset,
821 2244 1043 2303 utraque
1077 2253 1231 2288 mauu
1264 2238 1428 2289 divul-

361 2323 476 2359 sum
497 2317 656 2375 caput
678 2313 1001 2377 sustinuisse,
1028 2315 1428 2381 interrogatum-

360 2401 465 2451 que
498 2401 529 2436 a
568 2402 790 2452 quonam
825 2405 880 2440 se
914 2406 1217 2455 percussum
1250 2393 1430 2444 existi-

362 2472 534 2516 maret
555 2466 574 2514 Ρ
596 2467 662 2516 ab
679 2467 1245 2534 impiis,respondisse:
1270 2480 1427 2538 atque

360 2544 439 2594 ita
459 2557 577 2593 cum
600 2545 654 2593 iu
679 2537 901 2594 vicinum
921 2547 1167 2610 templum
1185 2548 1429 2613 venisset,

360 2627 420 2670 et
463 2618 616 2670 flexis
655 2622 874 2686 genibus
919 2629 1040 2671 ante
1073 2624 1238 2673 altare
1278 2638 1429 2677 sacra

356 2697 706 2762 percepisset,
762 2705 882 2763 post
932 2700 1199 2763 paululum
1253 2704 1427 2768 exspi-

360 2788 524 2824 rasse.
590 2774 866 2824 Extinctus
883 2774 1086 2826 divinos
1108 2776 1346 2840 honores,
1369 2779 1429 2828 il·

353 2853 436 2902 los
484 2850 729 2902 videlicet
762 2852 849 2916 qui
887 2853 1083 2903 sanctis
1112 2855 1426 2918 martyribus

353 2927 599 2979 exhiberi
621 2929 809 2990 solent,
833 2944 863 2978 a
894 2929 1081 2978 uostris
1120 2939 1427 2982 consecutus

357 3011 462 3066 est,
493 3003 628 3068 quod
665 3019 758 3069 pro
789 3004 1070 3055 Catholicis
1093 3014 1274 3057 contra
1311 3022 1426 3072 per-

355 3082 533 3132 fidiam
553 3081 697 3131 Arrii
721 3089 938 3131 mortem
963 3082 1306 3133 sustinuerit.'
1322 3083 1424 3137 Ac·

357 3159 540 3211 cidere
562 3159 675 3209 haec
699 3173 833 3208 anno
857 3159 1050 3209 Christi
1071 3159 1425 3224 quingentesi-

357 3249 445 3286 mo
495 3235 744 3299 vigesimo
788 3240 958 3298 sexto,
1002 3235 1218 3286 Joannis
1257 3236 1423 3300 Papae

356 3326 494 3363 auno
513 3325 600 3363 111.
633 3311 826 3364 Justini
849 3310 985 3374 Imp.
1007 3324 1088 3360 tx.
1109 3311 1303 3361 Theod.
1327 3313 1422 3362 ult.

355 3388 463 3440 Adi
485 3388 892 3438 Illustrissimum
923 3388 1205 3438 Baronium
1230 3388 1422 3440 Annal.

356 3474 483 3517 tom.
505 3479 608 3515 vu.
630 3464 717 3515 ubi
736 3466 876 3515 inter
899 3465 1019 3528 alia,
1034 3464 1314 3516 honorifico
1328 3468 1421 3517 sed

354 3542 544 3592 merito
558 3542 726 3605 elogio
743 3541 984 3591 Boetium
1000 3542 1286 3606 celebrans,
1298 3545 1423 3594 scri-

353 3618 469 3670 bit:
529 3619 547 3647 ‘
570 3618 673 3670 Qui
720 3618 856 3668 enim
913 3619 1181 3669 literarum
1233 3621 1424 3684 peritia

354 3696 607 3760 Dionysio
623 3710 807 3758 magno
822 3695 895 3746 illi
910 3696 1243 3761 Areopagitae
1261 3697 1423 3749 Athe·

353 3773 522 3822 niensi
551 3772 675 3836 jure
709 3771 814 3821 fuit
846 3771 1043 3838 absque
1065 3773 1261 3823 invidia
1282 3789 1421 3824 com·

357 3849 641 3911 parandus,
686 3848 904 3898 Boetius
960 3859 1018 3899 et
1062 3850 1190 3899 illud
1234 3866 1265 3900 a
1305 3852 1419 3902 Deo

354 3926 582 3990 accepit,
610 3932 670 3976 ut
706 3934 761 3975 et
786 3940 977 3990 genere
1000 3927 1182 3977 mortis
1206 3926 1421 3992 insuper

353 4010 409 4053 et
430 4003 617 4066 insigni
654 4002 954 4066 operatione
991 4004 1225 4054 miraculi
1249 4004 1418 4054 eidem

354 4078 517 4130 fuerit
537 4080 916 4144 exaequandus3
948 4080 999 4128 id
1036 4088 1289 4145 operante
1314 4081 1418 4131 Dei

354 4157 542 4218 summi
559 4157 812 4223 potentia,
834 4156 980 4206 dives
1000 4157 1052 4206 in
1070 4156 1306 4208 omnibus
1330 4158 1420 4224 qui

352 4232 603 4284 invocant
624 4232 779 4281 eum!
815 4233 1046 4283 Bernart.

418 4309 521 4361 Sed
560 4307 652 4358 sibi
682 4323 862 4374 semper
889 4310 1122 4360 mentiens
1147 4309 1416 4375 impruden-

2444 469 2578 536 443

1513 623 1585 671 tia
1607 637 1784 687 rerum,
1821 625 1994 674 merita
2015 641 2108 676 non
2126 631 2283 690 polest
2304 626 2579 693 immature]

1513 700 1670 750 Hunc
1687 702 1856 751 locum
1882 702 1956 752 ita
1979 719 2044 753 ex
2067 704 2297 754 editione
2319 705 2578 755 Florenti-

1512 791 1581 825 na
1607 776 1896 841 distingue:
1933 781 2014 828 sed
2033 779 2125 829 sibi
2144 795 2326 844 semper
2348 783 2579 833 mentiens

1510 851 1850 918 imprudentia,
1887 869 2045 905 rerum
2083 857 2253 907 merita
2294 873 2387 907 non
2423 863 2579 921 petest

1508 930 1778 982 immutare.
1835 934 1923 983 Ita
1944 933 2078 983 infra
2104 936 2200 984 hac
2218 935 2402 985 eadem
2420 936 2575 988 Pros.

1510 1013 1720 1059 noster:
1742 1010 1756 1037 ‘
1773 1010 2104 1061 Existimatio
2122 1012 2456 1075 plurimorum
2474 1027 2575 1063 nou

1510 1098 1682 1134 rernm
1723 1087 1926 1146 merita,
1965 1088 2065 1138 sed.
2102 1088 2328 1141 fortunae
2367 1095 2576 1155 spectat

1510 1162 1791 1212 eventum.'
1825 1163 1996 1215 Sitzm.
2499 1211 2502 1214 Α

1576 1238 1823 1289 Socratico
1844 1240 2051 1304 decreto]
2111 1242 2251 1293 Illud
2277 1249 2359 1293 est
2380 1251 2437 1295 et
2463 1246 2576 1308 pul-

1508 1313 1818 1364 cherrimum
1865 1316 2004 1380 apud
2046 1318 2320 1368 Platonem
2359 1318 2450 1370 lib.
2492 1334 2575 1369 vr.

1508 1389 1575 1439 de
1598 1391 1731 1455 Rep.
1796 1393 1914 1444 Quo
1937 1394 2155 1459 requirit
2180 1395 2230 1443 in
2254 1395 2574 1459 philosophis

1507 1466 1752 1516 Socrates
1774 1468 2042 1535 sancitque
2077 1468 2172 1528 Τὴν
2204 1469 2466 1534 ἀψεύδειαν,
2494 1471 2577 1520 καὶ

1505 1540 1564 1591 τὸ
1580 1541 1770 1594 ἑκόντας
1793 1541 1906 1593 εἶναι
1926 1547 2115 1607 μηδαμῆ
2136 1545 2478 1611 προσδέχεσθαι
2512 1545 2574 1595 τὸ

1506 1620 1687 1683 ψεῦδος,
1707 1621 1838 1671 ἀλλὰ
1856 1624 2030 1685 μισ-εῖν,
2042 1624 2132 1682 τὴν
2148 1623 2187 1672 δ’
2210 1621 2427 1682 ἀλήθειαν
2441 1621 2575 1687 πέρι

1504 1711 1628 1759 γεω,
1666 1697 1757 1746 ‘ut
1796 1698 2051 1748 mendacii
2086 1700 2250 1748 omnis
2273 1706 2461 1750 natura
2483 1714 2575 1749 ex·

1506 1781 1683 1837 pertes
1705 1774 1828 1837 sint,
1848 1789 2018 1840 neque
2045 1781 2229 1841 sponte
2253 1776 2575 1827 mentiantur

1504 1865 1767 1917 umquam,
1801 1852 1893 1901 sed
1917 1867 2122 1901 omnem
2146 1851 2354 1903 oderint
2377 1851 2574 1902 falsita-

1506 1933 1634 1990 tem,
1657 1927 1879 1992 diligant
1904 1929 2175 1979 veritatem
2196 1930 2228 1980 :⁹
2267 1929 2404 1994 quod
2428 1930 2571 1993 nihil,

1505 2009 1565 2053 ut
1585 2003 1753 2069 iuquit
1776 2005 1930 2068 paulo
1954 2011 2090 2069 post,
2113 2003 2387 2071 οἰκειότερον
2420 2004 2571 2071 σοφίᾳ

1503 2079 1742 2144 ἀληθείας,
1786 2087 1801 2110 “
1821 2081 2102 2145 Sapientiae
2159 2080 2378 2145 affinius,
2418 2097 2571 2147 quam

1502 2157 1758 2223 Veritas,’
1774 2158 2091 2209 inveniatur.
2129 2159 2440 2211 Aristoteles
2455 2161 2491 2210 l.
2505 2174 2570 2211 11.

1501 2237 1803 2300 Metaphys.
1844 2236 2230 2302 Philosophiam
2270 2245 2441 2303 vocat,
2476 2239 2572 2287 ἔτι·

1502 2313 1697 2378 στήμην
1712 2318 1800 2375 τῆς
1816 2316 2055 2379 ἀληθείας,
2076 2317 2092 2345 ‘
2111 2317 2350 2367 veritatis
2360 2317 2571 2368 scienti·-

1500 2391 1622 2442 am.'
1687 2393 1756 2442 Ρ.
1782 2393 2023 2457 Nigidius
2041 2393 2178 2456 apud
2200 2393 2462 2458 Agellium
2479 2393 2570 2444 lib.

1502 2482 1585 2521 x1.
1630 2483 1749 2535 cap.
1805 2476 1884 2520 11.
1927 2473 1959 2499 “
1990 2470 2085 2520 Vir
2131 2470 2332 2532 bonus,’
2378 2472 2570 2537 inquit,

1499 2545 1515 2573 ‘
1538 2552 1793 2609 praestare
1818 2545 1997 2610 debet,
2029 2560 2096 2595 ue
2114 2548 2427 2609 mentiatur3
2447 2562 2568 2612 pru-

1501 2619 1655 2684 dens,
1677 2635 1743 2670 ne
1765 2622 2087 2672 mendacium
2111 2623 2286 2674 dicat.'
2327 2625 2502 2675 Vallia.

1579 2697 1715 2746 Unde
1757 2698 1884 2748 haud
1924 2699 2109 2762 injuria
2150 2704 2337 2749 tuorum
2378 2700 2572 2764 quidam

1485 2771 1839 2838 familiarium]
1892 2775 2202 2838 Epicureum
2232 2776 2360 2826 illud
2381 2776 2569 2840 dogma

1500 2848 1698 2899 diserte
1721 2847 1924 2899 refutat
1945 2850 2137 2900 Salvia.
2162 2850 2253 2900 lib.
2279 2856 2324 2902 1.
2345 2852 2411 2901 de
2425 2851 2565 2901 Gub.

1498 2925 1628 2989 Dei,
1670 2926 1923 2991 aliisque;
2004 2934 2061 2976 et
2117 2927 2315 2978 Arnob.
2373 2927 2463 2979 lib.
2518 2933 2566 2978 1.

1499 3004 1701 3054 Adver.
1741 3004 1979 3065 Gentes3
2018 3006 2324 3055 Lactantius
2358 3005 2566 3070 passim.

1497 3080 1674 3131 Sitzm.

1569 3157 1850 3218 Mqiestatis
1885 3156 2086 3220 crimen]
2150 3156 2353 3210 Arnob.
2385 3158 2477 3208 lib.
2515 3163 2566 3208 4.

1500 3233 1518 3262 ‘
1537 3233 1838 3297 Majestatis
1859 3239 1981 3282 suut
2002 3233 2140 3298 apud
2167 3248 2254 3283 vos
2277 3235 2372 3297 rei,
2391 3234 2481 3298 qui
2498 3233 2565 3283 de

1498 3310 1690 3360 vestris
1739 3324 1889 3359 secus
1928 3309 2430 3360 obmurmuraverint
2472 3310 2581 3359 ali--

1498 3387 1626 3452 quid
1652 3385 1925 3449 Regibus!
1961 3386 2113 3436 Idem.

1567 3463 1766 3527 Recipit
1809 3461 1962 3523 fumoe
2018 3461 2249 3526 pretium]
2307 3461 2563 3513 Nimirum

1497 3548 1823 3607 praeceptum
1850 3547 1933 3591 est
1955 3541 2186 3591 Stoicum
2205 3542 2222 3569 ‘
2242 3542 2326 3592 Ne
2349 3549 2403 3592 te
2426 3557 2564 3608 qun-

1493 3618 1680 3668 siveris
1710 3615 1900 3667 extra!
1961 3615 2216 3680 Ideoque,
2251 3617 2326 3667 ait
2358 3617 2567 3667 Macro-

1495 3694 1609 3746 bius
1637 3710 1756 3760 cap.
1783 3707 1841 3743 x.
1865 3693 1954 3743 lib.
1977 3706 2042 3743 ιι.
2080 3693 2132 3742 in
2169 3694 2423 3744 somnium
2453 3694 2567 3744 Sci-

1494 3773 1685 3838 pionis,
1726 3770 1984 3821 ‘Virtutis
2020 3768 2246 3820 fructum
2282 3771 2486 3834 sapiens
2508 3771 2563 3821 iu

1494 3847 1815 3899 conscientia
1855 3846 2019 3910 ponit,
2041 3845 2205 3895 minus
2224 3844 2487 3911 perfectus
2510 3847 2565 3896 iu

1494 3923 1693 3989 gloria.'
1756 3924 1827 3973 Et
1849 3922 2049 3971 Plinius
2066 3922 2239 3986 Epist.
2258 3936 2385 3974 vm.
2410 3923 2503 3973 lib.
2520 3937 2562 3973 1.

1486 4002 1570 4052 ‘Si
1586 4002 1765 4051 alieuae
1780 4012 1986 4063 quoque
2004 3997 2188 4047 laudes
2204 4012 2383 4062 parum
2400 4000 2566 4065 aequis

1493 4077 1705 4127 auribus
1730 4074 1903 4138 accipi
1940 4074 2133 4135 solent,
2166 4088 2319 4138 quam
2344 4074 2562 4125 difficile

1493 4159 1574 4204 est
1627 4151 1887 4212 obtinere,
1941 4163 2009 4198 ue
2063 4149 2281 4201 molesta
2321 4151 2562 4200 videatur

1492 4230 1663 4280 oratio
1696 4228 1761 4278 de
1792 4240 1849 4276 se
1888 4231 1982 4275 aut
2004 4225 2071 4273 de
2093 4224 2198 4273 suis
2222 4224 2560 4275 disserentis?

1492 4309 1631 4360 Nam
1683 4317 1802 4356 cum
1844 4300 1945 4367 ipsi
1987 4300 2266 4365 honestati,
2307 4306 2416 4351 tum
2468 4303 2561 4353 ali·
