3049 4928
548 602 802 656 terarum,
853 606 1010 657 super
1071 592 1401 641 immaturum
1460 590 1616 641 funus

546 671 933 735 consumpturis
979 670 1178 720 viscera
1235 683 1351 718 mea
1396 668 1617 718 flammis

549 749 791 813 injicere,
825 762 996 813 neque
1028 748 1160 796 hanc
1195 747 1404 810 impiam
1429 745 1618 795 vivaci·

549 833 713 875 tatem
751 826 899 874 novis
933 825 1148 888 insuper
1181 824 1319 874 curis
1350 820 1617 887 fatigare?

550 902 703 951 Idem.

616 978 747 1034 Quid
773 992 848 1027 me
869 976 1088 1039 felicem]
1121 975 1305 1026 Senec.
1341 975 1395 1024 in
1431 974 1617 1038 Agam.

546 1070 623 1105 vs.
648 1058 764 1105 741.
801 1055 817 1083 6
843 1055 982 1108 Quid
1023 1068 1107 1104 me
1148 1055 1347 1104 vocatis
1372 1054 1619 1119 sospitem

551 1132 715 1182 solam
733 1147 762 1180 e
784 1133 911 1182 meis
931 1133 1142 1182 Umhrae
1162 1147 1390 1182 meorum
1406 1132 1442 1182 i'
1468 1134 1620 1184 Idem.

613 1209 789 1259 stabili
811 1225 903 1258 non
925 1215 1027 1259 erat
1049 1210 1132 1259 ille
1164 1210 1346 1273 gradu]
1385 1211 1619 1260 Pruden-

549 1285 654 1334 tius
690 1286 742 1335 in
777 1284 995 1336 Proefat.
1037 1287 1126 1335 lib.
1158 1300 1220 1336 ιι.
1256 1294 1438 1337 contra
1472 1288 1618 1351 Sym-

548 1363 818 1412 machum:
854 1366 870 1392 6
896 1364 1176 1413 Mortalem
1197 1366 1342 1414 Deus
1378 1366 1620 1429 increpat

548 1439 655 1492 Qui
679 1439 749 1490 sit
772 1454 872 1489 non
897 1441 1073 1490 stabili
1094 1439 1237 1489 fide!
1271 1441 1424 1491 Idem.

612 1515 798 1565 Pansa
819 1521 860 1564 l.
889 1516 1004 1565 Visa
1022 1521 1093 1565 est
1105 1516 1302 1578 mulier]
1333 1517 1449 1566 Non
1482 1516 1618 1565 absi-

546 1591 681 1639 milis
703 1597 786 1640 est
812 1591 1142 1641 Prodicianoe
1177 1591 1385 1640 virtutis
1407 1592 1620 1655 pictura

547 1666 688 1730 apud
698 1666 1620 1730 Χουσρὴουῐοωᾏπομνημονευμάτων

544 1742 636 1793 lib.
658 1757 722 1792 ιι.
759 1743 861 1793 Sed
881 1743 1060 1793 eadem
1080 1744 1218 1807 apud
1240 1745 1508 1796 Philonem
1527 1760 1617 1796 ex·

546 1822 776 1884 pressius
796 1822 883 1871 lib.
910 1820 1139 1883 Μίσθωμα
1153 1820 1325 1886 πόρνης
1340 1821 1405 1872 εἷς
1419 1821 1480 1871 τὸ
1498 1822 1619 1889 ἱερὸν

540 1898 607 1958 μὴ
628 1896 995 1960 προσδέχεσθαι.
1068 1901 1335 1963 Recteque
1371 1900 1453 1949 hic
1494 1901 1616 1949 Phia

546 1975 779 2038 losophia
801 1976 1118 2025 consolatrix
1136 1975 1427 2035 inducitur;
1461 1977 1477 2004 ‘
1499 1992 1615 2041 quoe

545 2052 634 2101 ubi
663 2060 879 2115 pectore
904 2058 1117 2118 recepta
1139 2061 1221 2103 est
1243 2054 1521 2113 hominnm,
1544 2055 1617 2103 in-

546 2129 771 2178 honesto
794 2136 948 2195 atque
968 2131 1136 2180 inutili
1157 2129 1345 2180 affectu
1366 2130 1618 2194 dispulso,

544 2211 686 2254 totos
732 2206 785 2254 in
829 2206 994 2256 solido
1041 2207 1250 2257 virtutis
1297 2208 1617 2258 munimento

545 2282 837 2346 confirmat,
874 2283 1197 2348 potentiores
1242 2290 1382 2334 metu
1422 2299 1484 2334 ac
1522 2285 1615 2334 ‹lo-

546 2360 659 2409 lore
695 2358 934 2422 faciens,'
974 2360 1142 2425 inquit
1179 2361 1298 2410 Val.
1334 2361 1483 2411 Max,
1521 2360 1612 2410 lib.

544 2449 632 2486 111.
690 2451 805 2501 cap.
847 2442 899 2488 8.
988 2437 1292 2502 Philosophi
1335 2438 1473 2488 enim
1533 2446 1615 2488 est

530 2514 734 2574 ,mentis
767 2515 975 2565 morbos
1016 2530 1200 2565 curare
1241 2523 1399 2580 atque
1438 2518 1613 2580 expel-

543 2591 688 2640 lere:
726 2590 866 2656 ἔργον
878 2592 972 2657 ’γὰρ
989 2590 1078 2655 ἕξει
1099 2591 1233 2642 οὐδὲν
1247 2593 1374 2643 ἄλλο
1393 2592 1426 2653 ἢ
1448 2593 1615 2643 ἑαυτόν

548 2684 608 2716 τε
629 2667 709 2717 καὶ
741 2668 853 2719 τοὺς
887 2670 1068 2721 ἄλλους
1105 2669 1169 2720 εἷς
1202 2669 1290 2720 τὸν
1309 2671 1435 2720 κατὰ
1469 2669 1615 2733 φύσιν

540 2745 761 2810 ἀνθρώπῳ
798 2747 1098 2811 προσήκοντα
1124 2748 1231 2805 βίον
1272 2748 1610 2812 ἀποκαθαίρειν.

542 2822 694 2873 κοινός
713 2842 769 2873 τε
790 2822 979 2874 πάντων
1004 2824 1140 2874 ἔσται
1170 2824 1326 2890 πατὴρ
1346 2824 1427 2875 καὶ
1447 2828 1611 2874 waioa-

543 2900 723 2964 γωγὸς,
757 2903 1005 2967 διορθωτής
1035 2921 1091 2953 τε
1128 2903 1206 2952 καὶ
1237 2901 1506 2964 σύμβουλος
1534 2903 1613 2953 καὶ

544 2977 845 3039 κηδεμονικὸν
876 2982 1023 3030 πᾶσιν
1057 2978 1224 3029 ἑαυτὸν
1255 2978 1494 3044 παρέχων,
1533 2979 1612 3030 καὶ

540 3055 766 3120 συνεργὸς
819 3056 886 3106 ὢν
924 3056 1101 3108 παντὸς
1148 3057 1340 3118 ἀγαθοῦ.
1383 3059 1485 3106 τοῖς
1524 3056 1613 3118 μὲν

544 3130 813 3197 εὐημεροῦσι
858 3133 1180 3195 συνηδόμενος,
1214 3134 1317 3183 πολ·
1352 3131 1404 3182 δὲ
1435 3142 1610 3182 λυπου-

539 3207 696 3268 μένοις
730 3216 1126 3276 συνταλαιπωρῶν
1151 3211 1229 3262 καὶ
1264 3212 1610 3277 παραμυθούμε·

538 3303 618 3337 νος
638 3286 824 3338 αὐτούς.
892 3289 908 3317 6
936 3288 1051 3339 Nec
1074 3290 1212 3338 enim
1248 3290 1389 3339 aliud
1427 3305 1610 3340 munus

540 3363 653 3426 ejus
677 3364 814 3426 erit,'
841 3366 1011 3430 inquit
1035 3367 1334 3431 Simplicius
1360 3369 1412 3416 in
1436 3368 1610 3432 Epict.

542 3440 811 3490 Euchirid.
835 3458 883 3493 c.
906 3454 1066 3492 xxxt.
1098 3444 1114 3471 ‘
1134 3457 1290 3508 quam
1327 3451 1382 3493 et
1417 3460 1532 3494 sese
1555 3452 1611 3496 et

543 3517 673 3565 alios
700 3518 775 3565 ita
801 3532 1101 3582 repurgare,
1135 3526 1193 3569 ut
1222 3520 1381 3571 vitam
1404 3530 1609 3572 naturas

540 3593 776 3641 humanae
822 3595 1219 3646 convenientem
1279 3604 1458 3661 agant,
1503 3615 1610 3649 om-

541 3670 788 3734 niumque
819 3675 1101 3721 communis
1127 3680 1276 3735 pater
1300 3675 1401 3725 erit
1425 3682 1482 3725 et
1505 3693 1611 3741 pae-

539 3747 794 3810 dagogus,
839 3758 894 3798 et
939 3759 1222 3812 corrector,
1268 3760 1326 3801 et
1368 3756 1609 3803 consilia·

544 3826 671 3887 rius,
705 3839 864 3888 seque
898 3833 1190 3875 curatorem
1223 3830 1478 3891 praebebit
1501 3847 1610 3881 om·

542 3901 704 3962 nium,
753 3909 807 3950 et
861 3903 1070 3966 adjutor
1112 3906 1215 3954 erit
1256 3908 1419 3956 omnis
1468 3908 1606 3959 boni.

542 3977 1002 4040 Congratulabitur
1025 3980 1087 4030 iis
1111 3984 1297 4047 quibus
1320 4000 1403 4034 res
1424 4000 1608 4036 secun-

540 4052 625 4100 dae
667 4062 805 4116 sunt,
841 4057 1004 4106 vicem
1050 4059 1250 4110 dolebit
1289 4063 1609 4112 calamitoso·

541 4143 672 4192 rum,
685 4144 874 4196 eosque
891 4136 1281 4186 consolabitur!
1318 4140 1434 4187 Nec
1451 4140 1607 4188 alium

537 4206 659 4254 olim
682 4208 750 4256 ob
790 4224 933 4259 usum
958 4213 1276 4276 proceribuS,
1316 4223 1375 4263 ut
1410 4216 1609 4265 Pericli

543 4283 900 4349 Anaxagoras,
923 4285 1225 4338 Alexandro
1247 4288 1606 4355 Antisthenes,

544 4359 692 4421 Lysis
760 4363 1138 4427 Pythagoricus
1212 4367 1605 4432 Epaminondae,

1238 445 1455 495 NOTAE
1506 444 1910 495 VAmoRUM
1963 444 2040 493 lN

1691 590 1920 655 Scipioni
1961 589 2255 653 Panaetius,
2288 588 2647 642 Athenodorus
2693 596 2748 641 et

1694 668 2033 733 Apollonides
2047 668 2212 720 Stoici
2228 682 2290 718 ac
2304 667 2601 717 Demetrius
2612 667 2750 717 Peri-

1694 744 1959 809 pateticus
1994 744 2205 807 Catoni,
2236 743 2604 794 Athenodorus
2625 745 2750 794 alter

1691 819 1951 884 Augusto,
1987 819 2191 870 Licinio
2217 820 2396 870 Silano
2420 819 2749 883 Heliodorus,

1692 898 1876 947 Bareae
1897 898 2094 947 Sorano
2114 898 2372 961 Egnatius
2393 897 2573 959 Celer,
2608 897 2751 947 Paeto

1690 976 1936 1025 Thraseae
1981 976 2283 1027 Demetrius
2325 975 2579 1039 Cynicus,
2622 975 2750 1038 Epa·

1693 1053 1936 1117 phrodito
1954 1053 2253 1117 Epictetus,
2275 1053 2436 1104 Canio
2452 1053 2488 1104 J
2494 1053 2601 1103 ulio
2623 1068 2755 1115 suus,

1691 1131 1906 1182 Juliano
1930 1132 2065 1181 Caes.
2089 1131 2369 1181 Sallustius
2390 1145 2455 1181 ac
2479 1130 2755 1191 Maximus,

1693 1208 1992 1273 magnisque
2008 1209 2145 1288 xaliis
2184 1208 2308 1257 viris
2353 1207 2661 1273 Philosophi
2702 1211 2753 1257 in

1693 1283 1885 1338 familia
1907 1293 2088 1336 erant:
2126 1285 2213 1350 qui
2251 1301 2342 1336 eos
2386 1285 2441 1335 in
2476 1286 2599 1350 ipso
2636 1286 2752 1336 vitae

1693 1377 1846 1413 cursu
1882 1364 2165 1427 praeceptis
2205 1362 2477 1427 sapientioe
2524 1362 2755 1413 institue·

1693 1447 1838 1501 rent;
1890 1446 1948 1490 et
1990 1442 2215 1491 instante
2260 1449 2448 1505 morte,
2496 1439 2755 1492 labantem

1694 1523 1785 1567 aut
1824 1524 1969 1567 certe
2008 1526 2278 1568 nutantem
2313 1519 2541 1569 animum
2575 1526 2756 1570 contra

1693 1594 1796 1642 vim
1829 1592 2051 1645 fortunae
2076 1602 2133 1645 et
2153 1594 2250 1646 fati
2272 1596 2646 1646 necessitatem
2669 1595 2754 1646 fir-

1691 1679 1914 1722 marent.
1953 1672 2128 1721 Vallia.

1759 1750 1922 1798 Oculis
1950 1748 2251 1812 ardentibus]
2279 1748 2428 1812 Virg.
2453 1748 2655 1813 Georg.
2676 1762 2754 1799 tv.

1691 1824 1759 1875 de
1782 1825 2009 1876 Proteo:
2033 1827 2048 1853 ‘
2068 1825 2331 1876 Ardentes
2349 1826 2531 1876 oculos
2546 1825 2758 1876 intorsit

1690 1901 1881 1950 lumine
1906 1901 2125 1965 glauco)

1746 1979 1910 2029 Oculis
1920 1979 2213 2043 ardentibus,
2224 1983 2306 2044 ⁸50·
2325 1984 2466 2042 atque
2482 1979 2759 2030 inexhausti

1687 2056 1892 2119 vigoris]
1928 2057 1988 2107 In
2015 2046 2276 2121 Panegyr.
2301 2057 2518 2108 Maxim.
2542 2067 2598 2106 et
2622 2058 2758 2107 Con·

1689 2141 1850 2182 stant.
1873 2135 2048 2188 dicto:
2083 2136 2098 2161 6
2122 2135 2194 2183 Te
2219 2148 2346 2183 vero
2379 2134 2432 2182 in
2459 2149 2564 2198 qno
2587 2134 2757 2183 adhuc

1689 2209 1804 2259 istae
1848 2219 1968 2259 sunt
2015 2212 2232 2272 integrm
2269 2210 2556 2273 solidaeque
2600 2210 2758 2269 vires,

1669 2287 1773 2336 .hic
1796 2287 1956 2337 totius
1977 2287 2211 2351 corporis
2238 2287 2400 2351 vigor,
2428 2287 2512 2337 hic
2535 2288 2759 2351 impera-

1692 2363 1854 2413 torius
1899 2364 2053 2413 ardor
2097 2364 2381 2426 oculorum,
2423 2364 2757 2413 immaturum

1690 2439 1852 2490 otium
1893 2454 2130 2505 sperasse
2174 2437 2449 2489 miramur!
2520 2440 2591 2492 Q.
2625 2440 2758 2490 Cur-

1691 2518 1794 2567 tius
1835 2518 1926 2568 lih.
1959 2531 2017 2567 Χ.
2051 2517 2119 2567 de
2155 2516 2452 2566 Alexandro
2490 2518 2758 2567 extincto:

1690 2595 1706 2622 ‘
1723 2595 1798 2644 Ut
1814 2595 2025 2644 tandem
2046 2608 2232 2643 curare
2246 2607 2436 2656 corpus
2458 2593 2758 2643 exanimum

1688 2671 1862 2721 amicis
1885 2671 2107 2733 vacavit,
2125 2670 2268 2720 nulla
2291 2670 2433 2732 tabe,
2454 2683 2524 2718 ne
2544 2668 2758 2720 minimo

1688 2747 1899 2811 quidem
1921 2748 2084 2797 livore
2106 2754 2411 2811 corruptum
2443 2744 2644 2809 videre,
2670 2745 2758 2810 qui

1688 2825 2027 2875 intraverant.
2081 2824 2249 2887 Vigor
2271 2836 2500 2888 quoque,
2522 2821 2611 2886 qui
2636 2836 2758 2872 con·

1688 2908 1794 2950 stat
1819 2914 1884 2950 ex
1908 2901 2115 2965 spiritu,
2151 2912 2252 2950 non
2293 2899 2609 2949 destituerat
2649 2899 2759 2949 val·

1687 2981 1830 3027 tum)
1863 2978 2035 3028 Sitzm.

1759 3057 1902 3105 Ultra
1922 3070 2209 3104 communem
2221 3054 2461 3104 hominum
2477 3053 2760 3117 valentinus]

1690 3132 1830 3182 Plin.
1855 3132 2024 3196 Epist.
2045 3133 2137 3182 lib.
2160 3146 2283 3182 vm.
2315 3132 2416 3194 Ep.
2441 3133 2541 3181 ult.
2579 3135 2595 3159 6
2622 3131 2758 3180 Lon·

1688 3222 1857 3274 geque
1882 3208 2135 3259 valentior
2158 3222 2300 3257 amor
2321 3207 2388 3256 ad
2414 3205 2757 3255 obtinendum

1690 3286 1826 3349 quod
1850 3285 2016 3336 velis.'
2080 3285 2276 3335 Noster
2299 3284 2384 3332 lib.
2405 3296 2494 3332 ιιι.
2521 3283 2693 3332 Prosa
2707 3285 2756 3331 9.

1689 3364 1705 3391 6
1727 3364 1832 3413 Sed
1867 3363 1965 3415 hoc
2004 3363 2157 3413 modo
2194 3377 2261 3411 ne
2296 3361 2614 3411 sufficientia
2644 3362 2758 3426 qui·

1686 3441 1805 3491 dem
1827 3442 2083 3505 contingit
2105 3442 2154 3491 ei
2179 3454 2333 3505 quem
2358 3440 2591 3488 valentia
2611 3439 2756 3488 dese·

1687 3518 1793 3567 rit.’
1860 3519 1932 3569 Et
1972 3520 2006 3569 l.
2049 3532 2124 3567 tv.
2174 3518 2338 3567 Prosa
2371 3520 2422 3566 2.
2471 3518 2489 3542 6
2524 3514 2754 3566 defuisse

1690 3595 1969 3645 valentiam
1993 3594 2237 3645 dubitare
2254 3608 2353 3642 non
2375 3593 2544 3656 possis
2559 3592 2595 3641 τ’
2618 3593 2753 3642 idem

1689 3672 1830 3721 valet
1853 3672 1989 3737 quod
2018 3675 2033 3700 ‘
2061 3671 2322 3736 potentia'
2353 3669 2500 3733 ῥώμη.
2571 3672 2753 3719 Roma·

1687 3763 1769 3798 uae
1798 3750 1941 3798 urbis
1963 3758 2172 3812 etymon
2209 3762 2333 3797 sane
2369 3750 2491 3798 hinc
2513 3747 2753 3797 derivant

1686 3827 1925 3876 Veteres.
1990 3826 2199 3875 Solinus
2222 3840 2270 3875 c.
2292 3829 2341 3874 2.
2377 3828 2393 3854 6
2413 3826 2547 3874 Sunt
2572 3827 2655 3891 qui
2682 3824 2749 3873 vi·

1686 3902 1800 3953 deri
1859 3904 2024 3952 velint
2090 3905 2267 3952 Romae
2330 3902 2639 3952 vocabulum
2685 3903 2749 3952 ab

1685 3984 1932 4033 Evandro
1965 3985 2184 4048 primum
2216 3992 2413 4041 natum,
2449 3998 2570 4032 cum
2602 3983 2749 4046 oppi-

1684 4060 1805 4108 dum
1834 4061 1906 4110 ibi
1936 4059 2257 4122 offendisset,
2290 4059 2429 4124 quod
2449 4066 2745 4108 extructum

1685 4144 1857 4187 antea·
1894 4138 2187 4187 Valentiam
2242 4136 2452 4185 dixerat
2501 4137 2745 4200 juventus

1683 4215 1901 4264 Latina:
1929 4221 2237 4278 servataque
2255 4211 2635 4277 significatione
2655 4213 2744 4262 im·

1684 4291 1839 4355 positi
1888 4293 2028 4354 prius
2071 4290 2309 4353 nominis,
2351 4289 2508 4352 ῥώμην
2559 4290 2739 4339 Graece

1683 4372 1974 4421 Valentiam
2015 4370 2405 4434 nuncupatam?
2441 4403 2447 4408 -
2483 4367 2583 4419 Adi
2629 4368 2741 4417 Fes-
