3049 4928
553 418 644 486 98

554 579 1002 646 certissimam
1024 577 1153 646 tibi
1180 578 1413 646 sedem
1439 580 1687 646 nostris
1710 578 1788 646 in
1814 580 2115 648 laribus*
2179 580 2336 667 ipsa
2362 579 2706 664 delegeras
2722 579 2754 644 l

553 682 623 748 in
650 702 788 769 qua
813 703 1082 749 mecum
1112 701 1299 767 saepe
1328 684 1653 763 residenS,
1682 684 1768 750 de
1782 684 2159 751 divinarum
2185 684 2755 767 humanarumque

549 804 768 852 rerum
799 786 1080 853 scientia
1110 786 1489 852 disserebas
1507 788 1586 853 ’Ν
1657 787 1852 853 Talis
1882 787 2199 866 habitus}
2218 795 2238 827 ¹
2285 786 2583 870 talisque
2611 784 2759 850 vul-

550 891 663 954 tus
711 895 858 955 erat
908 909 1060 955 cum
1111 895 1334 956 tecum
1384 898 1638 958 naturae
1686 896 1986 957 secreta'
2045 891 2335 969 rimarer,
2383 907 2538 954 cum
2592 886 2759 956 mihi

551 991 847 1058 siderum
875 992 1026 1059 vias
1045 1004 1068 1032 ⁴
1105 992 1298 1059 radio
1331 993 1769 1075 describeres,
1823 1015 1974 1060 cum
2020 1013 2247 1062 mores
2295 998 2611 1070 nostros,⁸
2653 995 2759 1055 to-

550 1094 822 1179 tiusque
855 1095 1015 1161 vitae
1064 1096 1394 1162 rationem
1439 1097 1529 1162 ad
1581 1095 1888 1164 coelestis
1919 1097 2178 1172 ordinis
2224 1095 2576 1179 exemplar
2620 1093 2760 1158 for-

549 1197 819 1262 mares?
890 1197 1223 1264 Haeccine
1271 1199 1593 1283 praemia⁸
1666 1199 2014 1265 referimus
2074 1200 2202 1266 tibi
2258 1198 2758 1284 obsequentes'l

1246 434 1560 484 fion'rssn
1612 434 1710 484 DE
1756 434 2066 486 coNson.

1428 1430 1452 1466 ί
1488 1420 1752 1474 Habitum.
2331 1428 2351 1455 ⁰
2381 1420 2759 1474 Aaronom.

1470 1564 1831 1585 ‘mmm

604 1429 634 1454 ··
664 1421 820 1471 vomo
832 1397 1030 1472 neura-¹
1133 1430 1168 1465 ι·
1199 1420 1298 1473 Δις

544 1487 570 1519 ⁸
602 1487 860 1538 Moralem.

1881 1429 1906 1455 '
1927 1420 2203 1487 manicam.

546 1650 733 1701 nendae
764 1650 848 1700 hic
890 1650 1332 1716 interrogationes
1364 1665 1430 1701 ex
1485 1652 1590 1702 Ms.
1629 1651 1887 1702 Rittersh.
1937 1650 2070 1700 Talis
2105 1649 2296 1700 haban
2322 1680 2455 1700 .....
2473 1652 2655 1700 secreta
2685 1646 2757 1697 ri-

545 1721 735 1767 marer?
766 1731 874 1766 cam
909 1716 1030 1766 11ιίἡί
1053 1751 1068 1767 .
1087 1748 1131 1768 ..
1153 1714 1477 1768 describeres?
1512 1733 1620 1768 cum
1643 1752 1658 1768 .
1676 1753 1690 1768 .
1708 1753 1722 1768 .
1741 1752 1757 1768 .
1770 1713 2045 1779 formares?
2060 1716 2075 1740 '
2106 1716 2387 1767 Situm—2
2417 1715 2617 1766 'l'huam
2651 1713 2755 1781 pri·

1542 1849 1769 1903 NOTAE

535 1945 707 2010 ralis?
737 1962 853 2012 quae
873 1945 901 1976 '‘
923 1962 1094 1999 mores
1116 1952 1316 1999 nostros
1332 1947 1608 2015 totiusque
1691 1948 1839 1999 niunt
1855 1965 1873 1999 t
1893 1948 1923 1978 ¹
1950 1948 2032 1998 vel
2054 1962 2231 1999 earum
2272 1953 2506 1999 rectores
2541 1944 2757 1996 studere

541 2024 671 2074 vita:
694 2025 953 2074 rationem.
969 2025 1035 2075 ad
1061 2025 1286 2076 coelestis
1309 2025 1499 2075 ordinis
1521 2041 1610 2075 ex·
1689 2025 1963 2090 sapientia:
1989 2025 2297 2089 contigisset
2315 2023 2350 2088 ξ’
2383 2029 2641 2090 qnatenus
2666 2022 2759 2088 qui

533 2099 1009 2164 *emplar‘formatj’
1037 2103 1140 2152 hoc
1163 2109 1262 2165 est,
1287 2102 1351 2152 ad
1377 2103 1610 2152 volunta·
1691 2102 1745 2152 in
1769 2103 2127 2168 magistratum
2149 2107 2425 2163 venerunt,
2452 2100 2759 2163 Philosophi

543 2183 653 2227 tem
690 2178 942 2238 divinam,
973 2194 1088 2244 qua:
1134 2179 1271 2229 sicut
1319 2186 1402 2230 est
1445 2179 1613 2244 prima

541 2255 774 2305 omnium
799 2271 973 2320 causa,
1006 2257 1080 2306 sic
1118 2258 1288 2321 prima
1327 2265 1410 2307 est
1445 2258 1612 2307 actio-

545 2332 1026 2383 num'human‘arum
1051 2334 1245 2398 regula.
1315 2335 1455 2386 Hinc
1478 2334 1611 2384 Pro-

528 2408 862 2473 ‚pheta‘'Rex,
895 2408 1039 2459 Psal.
1067 2412 1183 2460 142.
1214 2411 1231 2438 ‘
1255 2409 1401 2461 Doce
1425 2425 1507 2460 me
1531 2408 1608 2460 fa-

542 2503 665 2538 cere
695 2489 1031 2538 ‚voluntatem
1074 2495 1235 2550 tuam,
1288 2490 1409 2555 quia
1459 2491 1610 2540 Deus

542 2579 691 2614 meus
713 2579 769 2615 es
793 2562 888 2616 tu.’
953 2546 1167 2615 Hinc'S.
1191 2564 1387 2615 Paulus
1409 2564 1532 2616 Act.
1557 2570 1610 2617 9.

546 2639 830 2703 ‘'Domine,
849 2638 973 2705 quid
998 2654 1082 2690 me
1101 2641 1179 2690 vis
1196 2637 1370 2691 facere
1384 2640 1420 2689 Ρ
1465 2641 1610 2693 Hinc

544 2716 704 2767 etiam
739 2723 919 2767 noster
954 2716 1157 2768 Auctor
1183 2718 1217 2768 l.
1242 2732 1306 2768 11.
1327 2719 1465 2771 Met.
1489 2718 1609 2768 ulti-

542 2809 659 2843 mo:
696 2795 713 2822 ‘
727 2794 787 2845 Ὀ
809 2793 936 2844 felix
953 2794 1212 2845 hominum
1230 2811 1411 2860 genus,
1429 2797 1470 2847 si
1497 2800 1610 2848 ves·'

543 2877 661 2920 tros.
673 2869 867 2920 animos
886 2886 1045 2936 amor,
1061 2886 1163 2936 quo
1183 2872 1371 2924 coelum
1393 2871 1611 2938 regitur,

542 2946 733 3011 regat?

605 3032 627 3057 ²
663 3025 896 3077 Hoeccine
944 3026 1169 3091 proeniia]
1219 3039 1307 3076 m.
1351 3023 1607 3076 Boethius

540 3102 774 3152 meminit
814 3109 1193 3168 praeceptorum
1230 3101 1608 3166 philosophico·

539 3193 675 3241 rum,
707 3194 923 3245 qnorum
947 3186 1092 3229 tanta
1112 3184 1198 3229 est
1218 3177 1285 3228 ad
1308 3178 1608 3242 Rempubli·

540 3269 655 3304 cam
679 3256 875 3320 optime
909 3255 1366 3306 administrandam
1388 3254 1607 3322 utilitas,

539 3338 600 3380 ut
623 3331 760 3382 idem
782 3332 1035 3384 Boethius
1075 3347 1194 3382 cum
1232 3330 1349 3397 ipsa
1369 3332 1605 3382 Philoso-

539 3409 665 3472 phia
707 3411 896 3460 merito
946 3408 1198 3474 conqueri
1246 3409 1485 3460 videatur
1540 3409 1608 3461 de

540 3485 648 3534 suis
690 3485 1112 3536 calamitatibus:
1163 3483 1181 3513 ‘
1216 3485 1485 3550 haeccine,’
1532 3486 1608 3536 in·

540 3562 672 3627 quit,
698 3562 715 3591 ⁸
739 3561 961 3626 praemia
999 3560 1273 3613 referimus
1309 3563 1410 3614 tibi
1455 3563 1607 3614 obse·

540 3640 814 3706 quentes'?
868 3641 1097 3703 Summa,
1117 3643 1348 3706 inquam,
1369 3649 1453 3694 est
1474 3656 1609 3706 prae·

540 3724 812 3782 ceptorum
831 3717 1306 3782 philosophicorum
1342 3716 1408 3769 ad
1443 3717 1607 3768 Rem·

539 3794 803 3858 publicam
822 3793 1020 3858 optime
1058 3793 1338 3858 regendam
1375 3794 1606 3859 utilitas:

541 3868 680 3934 quod
701 3869 779 3918 his
805 3868 969 3919 veluti
999 3869 1484 3935 principiisnitatur
1507 3871 1607 3921 vir·

540 3952 644 4010 tus,
670 3955 736 3995 nt
759 3948 1036 4011 praesentis
1056 3949 1132 3999 sic
1148 3947 1347 4000 'futnrae
1373 3948 1605 4001 'felicita-

539 4023 610 4072 tis
632 4037 830 4074 semen.
895 4024 1034 4077 Hinc
1073 4026 1230 4077 Plato
1259 4028 1304 4078 'l.
1329 4044 1378 4080 v.
1412 4028 1479 4079 de
1502 4029 1608 4079 Re-

539 4097 667 4164 pub.
715 4109 1033 4165 suggerente
1088 4102 1203 4169 ipsa
1244 4104 1605 4170 Philosophia,

540 4177 637 4240 ait,
667 4179 681 4206 ‘
707 4177 888 4228 beatas
907 4177 1021 4230 fore
1056 4180 1399 4245 respublicas,
1430 4181 1475 4230 si
1511 4195 1603 4233 eas

540 4253 625 4302 vel
643 4253 858 4304 studiosi
876 4257 1149 4321 sapientia:
1169 4265 1412 4322 regerent
1423 4258 1455 4321 ;'
1479 4272 1606 4324 qua-

540 4336 695 4381 tenus
718 4329 1022 4400 Philosophi
1044 4333 1094 4385 in
1118 4334 1479 4400 magistratum
1516 4347 1605 4385 ve·

1689 2178 1840 2230 fiunt.
1911 2180 2052 2230 Hiuc
2076 2178 2339 2244 ‘ejusdem
2362 2175 2496 2238 viri,‘
2513 2175 2758 2226 nimirum

1690 2255 1926 2306 Platonis
1946 2256 2153 2319 dialogo
2175 2268 2252 2306 vr.
2287 2252 2353 2304 de
2374 2253 2601 2318 Republ.
2630 2255 2647 2281 ⁴
2665 2267 2759 2303 ore

1686 2332 1818 2382 hanc
1836 2332 2161 2397 sapientibus
2178 2331 2508 2397 capessendae
2520 2328 2616 2380 Rei
2625 2329 2757 2394 pub-

1688 2408 1808 2458 licae
1853 2410 2198 2459 necessariam
2242 2423 2447 2459 causam
2488 2422 2606 2458 esse
2648 2421 2758 2457 mo·

1689 2485 1829 2535 nuit'
1862 2486 2219 2550 Philosophia,
2256 2487 2272 2515 ⁴
2297 2499 2363 2536 ne
2395 2484 2645 2550 improbis
2665 2485 2760 2535 ssa·

1690 2565 1995 2631 gitiosisque
2017 2564 2218 2616 civibus
2240 2564 2444 2615 urbium
2468 2565 2654 2614 relicta
2669 2577 2760 2627 gu-

1688 2641 2206 2707 bernacula,pestem
2225 2641 2376 2691 bonis
2392 2655 2454 2691 ac
2469 2640 2756 2704 perniciem

1688 2716 1947 2769 inferrent
1962 2717 1997 2769 :’
2031 2725 2093 2769 nt
2114 2719 2254 2769 enim
2296 2718 2480 2783 optimi
2516 2716 2756 2768 modera·
2808 2722 2809 2725 ’

1691 2803 1832 2848 tores
1847 2798 1953 2848 suis
1972 2799 2253 2864 preceptis
2270 2796 2623 2862 exemplisque
2641 2795 2759 2845 sub-

1691 2873 1830 2925 ditos
1870 2874 1937 2924 ad
1975 2876 2227 2926 virtutem
2265 2873 2497 2934 ducunt:
2532 2872 2609 2923 sic
2634 2872 2756 2922 mali

1690 2965 1785 3001 suo
1806 2953 1987 3002 saltem
2010 2951 2249 3015 exemplo
2264 2949 2329 2999 ad
2345 2949 2545 2999 vitium.
2581 2949 2598 2977 ‘
2619 2949 2754 2998 Nam

1681 3025 1764 3075 'ita
1800 3025 2042 3091 profecto
2087 3025 2204 3087 est,’
2230 3024 2405 3090 inquit
2447 3023 2661 3089 Lipsius
2699 3024 2754 3073 in

1687 3101 2010 3153 Praefatioue
2023 3102 2391 3163 Politicorum,
2421 3099 2439 3129 ‘
2463 3106 2610 3150 arcta
2622 3114 2758 3165 qua·

1687 3177 1809 3228 dam
1844 3185 2032 3229 catena
2059 3178 2290 3229 devincti
2315 3191 2511 3238 sumus,
2546 3175 2635 3241 qui
2659 3176 2753 3226 im·

1686 3269 1930 3320 peramur
1961 3271 2080 3306 cum
2113 3255 2426 3319 imperante.
2494 3254 2567 3303 Et
2603 3259 2665 3303 ut
2699 3252 2754 3303 in

1684 3348 1903 3398 corpore
1943 3348 2090 3384 mens
2127 3346 2252 3383 sana
2290 3340 2382 3382 aut
2416 3332 2601 3381 insana
2638 3346 2756 3382 esse

1678 3420 1789 3462 'non
1825 3418 2024 3476 potest,
2059 3411 2155 3461 nisi
2200 3417 2260 3460 nt
2305 3409 2502 3473 pariter
2540 3409 2755 3473 vigeant

1678 3493 1783 3537 *aut
1818 3488 2099 3552 langueant
2134 3486 2244 3550 ejus
2288 3483 2614 3535 functiones:
2650 3496 2754 3533 non

1686 3562 1815 3613 item
1837 3563 1889 3613 in
1910 3565 2007 3615 hac
2042 3563 2297 3614 societate
2334 3560 2602 3626 princeps.
2665 3557 2752 3611 Ad

1690 3639 1937 3690 virtutem
1969 3641 2059 3690 ille
2094 3639 2287 3704 praeit?
2352 3636 2648 3702 sequimur:
2683 3633 2752 3684 ad

1688 3717 1865 3768 vitia?
1893 3718 2218 3768 inclinamus.
2305 3713 2453 3765 Bene
2496 3714 2755 3778 beateque

1689 3794 1833 3860 agit?
1865 3793 2127 3847 floremus.
2205 3791 2578 3858 Improspere?
2628 3790 2757 3840 labi·

1686 3885 1802 3921 mur
1824 3878 1917 3922 aut
1939 3871 2131 3922 ruimus
2158 3885 2280 3921 ‘cum
2311 3869 2423 3919 illo.
2487 3866 2668 3932 Atque
2691 3872 2754 3917 ut

1689 3964 1721 3998 a
1741 3949 1866 4000 Sole
1886 3949 1940 3999 in
1960 3948 2203 4014 subJecto
2232 3949 2331 3998 hoc
2365 3946 2494 3997 orbe
2531 3948 2622 3996 lux
2659 3953 2754 3998 aut

1672 4025 1952 4077 ·tenebrae:
2001 4027 2078 4078 sic
2113 4040 2145 4076 a
2174 4025 2411 4091 principe
2455 4023 2597 4089 apud
2634 4024 2755 4074 sub·

1674 4102 1824 4153 ditos
1846 4117 2007 4169 prava
2025 4105 2281 4171 pleraque
2303 4111 2395 4154 aut
2421 4110 2585 4154 recta.
2632 4102 2752 4152 Ca:-

1684 4197 1769 4232 sar
1812 4182 1905 4232 ille
1951 4197 2056 4233 non
2099 4183 2330 4232 animose
2375 4181 2562 4246 magis,
2594 4195 2753 4246 quam

1684 4272 1810 4309 vere
1854 4256 2022 4309 dixit:
2072 4259 2357 4308 Procerum
2409 4263 2583 4306 motus
2637 4257 2752 4305 haec

1687 4339 1879 4387 cuncta
1899 4341 2202 4402 sequuntur.
2252 4333 2548 4385 Humanum
2572 4330 2754 4400 paucis
