3049 4928
786 402 883 451 nn
932 398 1255 450 noni-mo
1306 400 1397 450 ΕΤ
1446 390 1626 451 mus
1673 394 2036 450 sommus.
2421 386 2512 453 45

310 545 591 614 Boethii
612 547 953 632 quondam
980 547 1200 624 uxori,
1233 549 1302 611 et
1321 542 1702 628 Symmachi
1729 544 1915 621 filiae,
1939 542 2008 608 id
2037 543 2363 628 reliquum
2388 546 2513 611 fuit

307 653 394 717 ad
422 653 635 718 vitam
665 659 736 716 et
765 652 851 717 ad
879 652 1302 719 miseriarum
1334 646 1696 726 cumulum,
1739 652 1811 712 ut
1855 646 2087 711 servili
2136 652 2205 712 et
2250 649 2505 713 rustico
2552 692 2561 700 -

304 754 543 820 habitu
599 754 850 832 induta,
897 774 1052 839 quae
1104 751 1450 837 egentibus
1479 751 1842 826 facultates
1892 770 2057 815 suas
2092 765 2508 835 erogaverat,

302 876 542 941 panem
572 864 935 941 ceteraque
968 857 1053 922 ad
1086 857 1334 922 victum
1380 855 1763 920 necessaria
1792 855 1877 919 ab
1911 853 2224 920 hostibus
2254 854 2511 920 mendi-

305 964 518 1024 caret:
612 960 857 1025 domos
910 959 1089 1023 enim
1136 956 1621 1023 circumeundo
1676 957 1992 1042 foresque
2059 956 2513 1040 oppulsando,

305 1063 534 1131 cibum
585 1063 737 1128 dari
797 1063 927 1129 sibi
979 1062 1379 1146 suppliciter
1426 1061 1849 1143 precabatur,
1879 1061 1977 1126 nil
2021 1079 2301 1144 prorsus
2352 1062 2509 1129 huic

301 1165 684 1248 ignominiae
716 1185 799 1231 ea
822 1185 895 1230 re
929 1164 1261 1230 afferente.
1366 1164 1458 1228 Et
1506 1169 1679 1228 certe
1711 1162 1920 1229 Gothi
1966 1163 2039 1227 in
2083 1162 2506 1231 Rusticianae

301 1274 590 1333 mortem
663 1268 1240 1351 conspiraverant,
1296 1266 1399 1331 illi
1461 1264 1858 1350 objicientes
1903 1266 2109 1349 quod,
2168 1269 2508 1353 exercitus

303 1367 603 1434 Romani
675 1368 965 1433 ducibus
1015 1368 1334 1452 pecunias
1399 1367 1714 1449 largiens,
1776 1367 2188 1433 Theodorici
2243 1375 2507 1434 statuas

300 1471 781 1553 disturbasset,
832 1472 1089 1539 caedem
1133 1471 1520 1557 Symmachi
1558 1469 1772 1554 patris
1815 1468 2228 1554 Boethiique
2281 1474 2509 1538 mariti

297 1576 463 1640 ulta.
557 1575 825 1641 Totilas
852 1580 1073 1639 tamen
1094 1568 1296 1639 ¹nulla
1324 1575 1496 1639 hanc
1528 1571 1704 1638 affici
1733 1572 1974 1657 injuria
2010 1574 2337 1656 permisit,
2388 1576 2510 1641 sed

301 1697 448 1743 eam
477 1679 791 1762 aliasque
821 1697 1052 1742 omnes
1083 1679 1170 1742 ab
1202 1677 1606 1742 contumelia
1635 1677 1965 1741 immunes
1996 1678 2445 1744 conservavit.

849 1945 1361 2013 SEPTIMUM
1437 1945 1964 2030 SAEcULUM3

773 2134 1106 2200 Nimirum
1137 2136 1223 2200 ab
1254 2154 1430 2200 anno
1458 2135 1612 2201 600.
1649 2136 1735 2201 ad
1765 2155 1869 2202 an.
1897 2138 2048 2203 700.

375 2296 595 2375 Beda,
615 2294 1042 2362 Venerabilis
1061 2296 1282 2361 dictus
1301 2302 1578 2381 propter
1591 2297 1751 2363 vitae
1773 2297 2202 2377 sanctitatem
2221 2316 2513 2364 morum-

307 2419 432 2483 que
481 2398 899 2483 gravitatem,
946 2399 1115 2462 tanti
1159 2398 1321 2463 fecit
1360 2398 1748 2479 Boethium,
1785 2400 2071 2486 ejusque
2116 2401 2511 2480 doctrinam,

310 2510 384 2566 ut
408 2502 929 2567 commentarios
959 2501 1310 2584 scripserit
1345 2502 1416 2565 in
1447 2501 1725 2567 Bo'ethii
1755 2503 2001 2567 librum
2044 2502 2127 2567 de
2155 2503 2509 2570 Trinitate.

311 2602 416 2668 De
448 2604 693 2668 eodem
726 2603 1013 2670 Bo’ethio
1042 2603 1363 2676 honorate
1395 2609 1464 2670 et
1484 2605 1844 2671 honorifice
1866 2605 2081 2670 multa
2110 2605 2370 2690 passim
2389 2606 2510 2672 hic

308 2711 538 2771 auctor
566 2706 917 2790 praedicat.

855 2920 1330 2989 OCTAVUM
1410 2922 1897 2990 SAECULUM
1916 2941 1934 3003 ς
2035 2999 2039 3004 p

775 3112 1109 3179 Nimirum
1144 3117 1230 3180 ab
1263 3135 1433 3181 anno
1461 3117 1616 3182 700.
1646 3117 1734 3181 ad
1764 3136 1867 3180 an.
1897 3114 2047 3180 800.

344 3298 349 3303 ·
393 3282 660 3350 Paulus
710 3282 1086 3361 DiaconuS‚
1118 3283 1236 3367 qui
1264 3289 1502 3368 rogatu
1531 3282 1932 3367 Adelburgae
1975 3281 2139 3347 filiae
2171 3280 2510 3346 Desiderii

312 3384 523 3469 Regis
567 3386 779 3450 multa
809 3386 897 3450 ad
949 3385 1265 3469 Eutropii
1292 3385 1638 3451 historiam
1670 3385 1954 3465 addidit,
2002 3385 2174 3449 libro
2222 3385 2507 3467 septimo

311 3487 507 3572 hujus
570 3488 986 3572 appendicis,
1043 3477 1401 3573 postquam
1472 3490 1762 3555 dixisset
1821 3488 1868 3555 J
1873 3506 2158 3553 oannem
2223 3485 2509 3569 Papam,

312 3589 769 3669 Theodorum,
800 3589 1293 3673 Importunum,
1339 3597 1413 3655 et
1449 3590 1853 3674 Agapitum,
1873 3587 2261 3654 consulares
2300 3588 2507 3664 viros,

311 3691 657 3776 aliumque
702 3689 1073 3776 Agapitum
1139 3692 1511 3761 Patricium
1549 3692 1649 3758 ad
1704 3692 1751 3758 J
1757 3692 2045 3757 ustinum
2098 3689 2394 3771 Legatos
2434 3690 2509 3760 in

309 3790 542 3858 itinere
586 3794 963 3859 demoratos
993 3793 1223 3873 fuisse,
1253 3795 1479 3866 addit:
1555 3800 1577 3830 ‘
1595 3793 2072 3860 'Theodoricus
2122 3791 2309 3856 rabie
2361 3811 2505 3856 suae

310 3896 691 3979 iniquitatis
741 3896 1151 3975 stimulatus,
1201 3889 1672 3983 Symmachum
1706 3895 2255 3962 exconsulemſsac
2285 3894 2507 3960 Patri-

315 3997 519 4078 cium,
579 4006 647 4065 et
697 3998 1063 4064 Boethium
1117 4002 1449 4066 seniorem
1499 4006 1568 4068 et
1620 4001 2070 4077 exconsulem,
2118 3991 2507 4064 Catholicos

314 4099 514 4181 viros,
542 4099 774 4185 gladio
802 4099 1202 4168 trucidavi&
