3049 4928
542 402 672 468 518

544 563 680 612 enim
705 568 825 612 sunt
849 562 959 611 sive
980 577 1081 612 nou
1105 570 1224 612 sunt
1248 577 1312 614 ex
1340 566 1453 614 Deo
1486 579 1604 630 pru-

542 640 737 690 cednnt
770 647 824 689 et
856 640 908 689 in
953 642 1068 689 Deo
1104 641 1354 704 resident,
1392 656 1507 693 cum
1534 651 1607 694 ta-

540 733 660 767 men
683 733 782 768 non
804 719 871 768 sit
892 720 980 768 ilia
1013 734 1129 783 quae
1151 727 1289 781 sunt,
1324 735 1493 785 neque
1518 723 1606 773 itta

542 810 658 859 quae
681 810 784 844 non
808 803 947 858 sunt,
967 810 1135 862 neque
1158 797 1208 845 in
1232 797 1334 846 inis
1359 798 1602 850 resideat.

541 874 599 924 Si
632 874 771 923 enim
813 874 961 924 Deus
1007 875 1168 924 solum
1216 883 1352 924 esset
1394 876 1604 942 ubique,

537 950 654 1016 ipse
673 957 811 1000 esset
829 952 999 999 omnia
1018 959 1071 1000 et
1096 951 1348 1000 resideret
1370 951 1423 1000 in
1447 954 1605 1001 omni·

540 1026 666 1076 bus:
702 1033 758 1076 at
779 1029 896 1092 quia
920 1027 1058 1077 idem
1082 1028 1192 1091 ipse
1229 1042 1477 1093 nusquam
1500 1037 1605 1091 est,

540 1117 754 1153 necesse
789 1109 872 1153 est
902 1105 1076 1152 omnia
1108 1118 1205 1167 per
1226 1105 1392 1167 ipsum
1416 1104 1527 1155 fieri
1550 1114 1607 1155 et

542 1181 732 1243 inipso
769 1181 1030 1243 residere3
1065 1183 1183 1246 quia
1208 1183 1472 1233 antecedit
1495 1185 1604 1232 ubi-

542 1272 641 1321 que
665 1257 807 1307 ilium
845 1257 1056 1308 adesse:
1092 1268 1249 1323 atque
1285 1273 1455 1308 rursus
1493 1263 1603 1311 haec

539 1334 721 1384 eadem
763 1350 876 1384 esse
920 1336 1072 1399 longe
1116 1337 1182 1384 ab
1227 1350 1288 1384 eo
1325 1335 1445 1399 alia,
1486 1337 1604 1399 quia

542 1412 876 1476 consequitur
898 1426 1014 1461 eum
1037 1427 1283 1476 nusquam
1304 1412 1448 1461 esse-⁹
1500 1414 1602 1462 Sed

541 1487 663 1551 quid
691 1488 887 1537 ethnici
911 1503 1001 1538 nos
1020 1490 1316 1538 morantur?
1359 1489 1605 1539 Sublimis

537 1565 626 1613 itte
649 1565 955 1615 Christianae
977 1565 1267 1628 Theologiae
1305 1568 1516 1627 angelus
1539 1567 1604 1615 de

542 1640 647 1689 div.
703 1639 947 1688 nominib.
1007 1656 1054 1689 c.
1103 1656 1151 1689 v.
1209 1640 1363 1690 finem
1409 1641 1602 1691 faciat:

542 1716 636 1765 Καὶ
656 1716 786 1767 ἔστιν
806 1718 855 1779 ἐξ
888 1718 1032 1775 αὐτῆς
1063 1718 1140 1766 καὶ
1164 1719 1214 1767 ἑν
1234 1719 1355 1783 αὐτῇ
1383 1719 1460 1767 καὶ
1491 1720 1606 1768 αὐτὸ

538 1793 597 1840 τὸ
615 1791 748 1843 εἶναι.
783 1795 860 1843 καὶ
900 1795 949 1843 αἱ
976 1798 1070 1844 τῶν
1095 1794 1240 1844 ὄντων
1261 1796 1419 1857 ἀρχαί.
1443 1796 1522 1845 καὶ
1542 1797 1607 1846 τὰ

540 1868 659 1919 ὄντα
695 1869 867 1921 πάντα.
912 1870 989 1920 καὶ
1030 1872 1095 1921 τὰ
1135 1871 1346 1923 ὁπωσοῦν
1384 1876 1455 1935 τῷ
1492 1872 1606 1923 εἶναι

539 1946 914 2009 διακρατούμενα.
960 1948 1038 1997 καὶ
1067 1951 1210 1998 τοῦτο
1248 1949 1481 2012 ἀσχέτως,
1529 1951 1607 1999 καὶ

539 2023 928 2086 συνειλημμένους,
967 2025 1044 2074 καὶ
1083 2026 1276 2077 ἑνιαίως.
1315 2028 1393 2076 καὶ
1422 2030 1517 2091 ’γὰρ
1556 2030 1606 2077 ἐν

538 2100 702 2160 μονάδι
721 2103 813 2151 πᾶς
838 2102 1022 2165 ἀριθμὸς
1040 2104 1241 2154 ἑνοειδῶς
1262 2106 1604 2168 προϋφέστηκε.

538 2177 617 2226 καὶ
656 2176 760 2239 ἔχει
779 2177 932 2228 πάντα
951 2180 1137 2243 ἀριθμὸν
1157 2181 1188 2240 ἦ
1207 2182 1353 2242 μονὰς
1384 2184 1434 2232 ἐν
1463 2182 1609 2249 ἑαυτῇ

537 2257 768 2316 μοναχῶς.
786 2255 864 2304 καὶ
880 2258 972 2306 πᾶς
987 2257 1173 2320 ἀριθμὸς
1186 2260 1359 2319 ἥνωται
1372 2258 1459 2321 μὲν
1474 2262 1524 2307 ἐν
1544 2265 1608 2325 τῇ

537 2330 718 2391 μονάδι.
740 2333 844 2380 καθ’
876 2332 988 2382 ὅσον
1008 2333 1057 2382 δὲ
1078 2337 1165 2393 τῆς
1190 2336 1389 2396 μονάδος
1410 2336 1604 2399 πρόεισι.

538 2407 661 2456 κατὰ
668 2410 892 2459 τοσοῦτον
905 2410 1193 2476 διακρίνεται,
1215 2412 1291 2461 καὶ
1305 2412 1603 2473 πληθύνεται.

538 2486 615 2534 καὶ
634 2487 683 2536 ἐν
699 2488 871 2552 κέντρῳ
883 2492 1029 2539 πᾶσαι
1052 2491 1100 2540 αἱ
1112 2494 1200 2541 τοῦ
1214 2491 1391 2542 κύκλου
1401 2496 1608 2559 γραμμαὶ

536 2563 660 2612 κατὰ
668 2565 780 2625 μίαν
788 2564 950 2616 ἕνωσιν
958 2570 1349 2630 συνυφεστὴκασι.
1366 2572 1442 2619 καὶ
1451 2570 1608 2622 πάσας

537 2639 640 2702 ἔχει
647 2640 706 2690 τὸ
715 2645 907 2703 σημεῖον
915 2645 966 2692 ἐν
974 2645 1123 2706 ἑαυτῷ
1130 2646 1217 2696 τὰς
1227 2646 1398 2696 εὐθείας
1408 2649 1612 2698 ἑνοειδῶς

537 2717 779 2779 ἦγωμένας
800 2721 911 2784 πρός
930 2740 986 2770 τε
1016 2723 1246 2785 ἀλλήλας,
1278 2724 1357 2772 καὶ
1378 2723 1493 2788 πρὸς
1512 2724 1608 2782 τὴν

535 2795 648 2857 μίαν
668 2797 842 2862 ἀρχὴν,
862 2801 943 2863 ἀφ’
963 2797 1020 2858 ἧς
1041 2804 1285 2865 προῆλθον.
1309 2801 1385 2850 καὶ
1412 2802 1461 2850 ἐν
1482 2793 1612 2862 αὖτῷ

536 2870 624 2934 μὲν
639 2875 710 2934 τῷ·
726 2874 898 2938 κέντρῳ
933 2880 1171 2926 παντελῶς
1202 2877 1415 2936 ᾖνωνται.
1448 2877 1608 2942 βραχὺ

454 2945 456 2948 ⁴
537 2947 589 2998 δὲ
622 2949 762 2999 αὐτοῦ
785 2952 1051 3014 διαστᾶσαι,
1084 2952 1241 3018 βραχὺ
1260 2954 1410 3004 δὲκαὶ
1438 2955 1607 3020 διακρί·

536 3048 712 3080 νυνι-αι.
746 3033 934 3093 μᾶλλον
975 3032 1026 3082 δὲ
1071 3035 1357 3090 ἆποστᾶσαι,
1399 3037 1606 3095 μᾶλλον.

536 3106 616 3157 καὶ
639 3106 818 3169 ἃπλός,
839 3110 942 3158 καθ’
975 3109 1086 3159 ὅσον
1100 3112 1172 3172 τῷ
1190 3109 1365 3175 κέντρῳ
1384 3111 1608 3170 πλησιαί-

534 3185 669 3249 τεραί
690 3185 794 3249 εἶσι,
830 3188 953 3236 κατὰ
986 3190 1215 3238 τοσοῦτον
1250 3189 1329 3239 καὶ
1361 3190 1504 3252 αὐτῷ,
1526 3190 1607 3239 καὶ

534 3261 771 3321 ἀλλήλαις
801 3264 1014 3322 ἧνωνται.
1049 3267 1125 3314 καὶ
1160 3271 1263 3315 καθ’
1296 3266 1410 3316 ὅσον
1446 3269 1607 3318 αὐτοῦ.

535 3339 659 3388 κατὰ
686 3342 913 3390 τοσοῦτον
933 3341 1010 3390 καὶ
1029 3341 1256 3401 ἀλλήλων
1287 3343 1604 3402 διεστήκασιν.

534 3414 551 3441 ‘
575 3415 670 3462 Est
695 3422 865 3465 autem
885 3434 947 3465 ex
975 3420 1088 3480 ipsa
1114 3421 1348 3468 bonitate
1376 3425 1532 3484 atque
1555 3421 1606 3468 in

537 3505 601 3539 ea
625 3492 790 3552 ipsum
832 3493 1139 3555 simpliciter
1163 3509 1277 3543 esse
1302 3495 1605 3559 entiumque

537 3566 831 3629 principia:
891 3576 1046 3631 atque
1093 3571 1232 3619 entia
1287 3573 1489 3620 omnia:
1551 3580 1606 3622 et

537 3656 655 3706 quae
672 3642 929 3704 quomodo
945 3643 1074 3692 libet
1093 3645 1284 3707 passim
1304 3646 1419 3708 ipsa
1435 3661 1607 3696 essen·

538 3718 613 3768 tia
654 3720 1012 3768 continentur.
1077 3721 1231 3781 Sunt,
1266 3721 1494 3785 inquam,
1530 3724 1605 3773 ibi

532 3795 649 3845 haec
674 3796 928 3858 absoiute,
964 3796 1328 3861 collectimque
1364 3805 1419 3848 et
1442 3801 1605 3852 unite.

536 3872 747 3935 Nempe
800 3872 853 3919 in
910 3872 1108 3921 unitate
1153 3887 1393 3923 numerus
1441 3877 1606 3925 omnis

535 3955 734 4014 praeest
757 3947 1115 3997 unit'ormiterz
1152 3949 1411 4014 habetque
1436 3953 1605 4001 unitas

536 4038 740 4074 omnem
781 4025 833 4072 in
873 4041 927 4073 se
965 4040 1231 4075 numerum
1256 4029 1606 4090 singulariter.

537 4100 826 4167 Omnisque
847 4117 1085 4152 numerus
1107 4105 1277 4153 unitus
1300 4105 1504 4169 quidem
1528 4112 1609 4155 est

533 4177 587 4226 in
612 4178 841 4227 unitate:
879 4187 1134 4242 quatenus
1170 4194 1295 4228 vero
1336 4181 1454 4229 inde
1487 4195 1605 4243 pro-

537 4255 796 4319 greditur,
829 4264 1044 4305 eatenus
1091 4257 1406 4305 discernitur
1446 4265 1606 4322 atque

536 4328 933 4398 multiplicatur.
999 4332 1064 4381 In
1121 4340 1303 4382 centro
1365 4334 1606 4384 similiter

1246 422 1462 471 No'rAE
1511 422 1914 474 VARIORUM
1965 426 2045 473 IN

1679 581 1857 618 omnes
1879 568 2058 618 circuli
2091 569 2245 619 lineae
2275 563 2428 620 simui
2448 570 2738 634 conjunctae

1678 645 1993 695 consistunt:
2031 646 2303 711 ipsumque
2320 653 2575 710 puuctum
2594 648 2744 697 habet

1678 734 1855 770 omnes
1879 722 1932 770 in
1955 736 2011 772 se
2030 730 2203 771 rectas
2219 723 2384 772 lineas
2401 724 2558 772 simul
2580 726 2746 773 unitas
2800 741 2821 754 1

1681 806 1786 848 tam
1841 798 2063 849 invicem
2116 813 2268 864 quam
2313 799 2381 848 ad
2435 801 2747 863 principium

1680 889 1856 937 unum,
1879 889 1944 924 ex
1978 890 2078 940 quo
2118 876 2319 939 pariter
2354 887 2744 939 processerunt.

1677 951 1795 1002 Jam
1820 965 1944 1000 vero
1966 951 2020 1000 in
2043 952 2157 1015 ipso
2180 961 2365 1001 centro
2389 956 2608 1015 penitus
2633 959 2749 1003 sunt

1678 1028 2001 1091 conjunctas:
2040 1041 2220 1091 parum
2257 1042 2382 1077 vero
2418 1028 2748 1078 discedentes

1677 1104 1818 1167 iude,
1843 1118 2023 1168 parum
2062 1119 2267 1169 quoque
2300 1104 2443 1153 inter
2473 1119 2534 1153 se
2558 1105 2747 1154 discer-

1679 1186 1900 1229 nuntur:
1938 1180 2136 1243 longius
2174 1187 2346 1228 autem
2387 1179 2512 1228 inde
2556 1179 2749 1227 distan-

1679 1265 1778 1314 tes,
1801 1257 2030 1320 tongins:
2066 1265 2219 1320 atque
2238 1256 2570 1319 simpliciter,
2594 1271 2749 1320 quau-

1677 1341 1784 1382 tum
1810 1340 1993 1383 centro
2016 1334 2287 1382 viciniores
2306 1341 2446 1396 sunt,
2468 1340 2674 1383 tautum
2696 1343 2748 1382 et

1676 1412 1775 1475 ipsi
1793 1417 1846 1460 et
1865 1412 2084 1461 invicem
2100 1418 2220 1460 suut
2240 1409 2531 1475 coujunctae
2552 1429 2568 1462 ε
2596 1427 2748 1477 quau·

1677 1495 1786 1537 tum
1811 1502 1981 1538 rursus
2004 1488 2069 1538 ab
2088 1490 2197 1551 ipso
2210 1489 2510 1551 discedunt,
2537 1497 2748 1540 tantun·

1676 1563 1793 1613 dem
1831 1570 1887 1613 et
1922 1565 2061 1613 iuter
2099 1580 2153 1613 se
2197 1564 2427 1615 distant.'
2482 1566 2606 1615 Nec
2642 1575 2749 1614 tan-

1680 1648 1787 1689 tum
1827 1641 2003 1689 similis
2049 1649 2132 1692 est
2172 1643 2318 1690 Deus
2360 1650 2568 1704 centro,
2613 1642 2747 1707 quod

1678 1718 1820 1766 entia
1842 1718 2014 1767 omnia
2037 1733 2102 1767 ex
2140 1732 2223 1779 eo,
2263 1726 2513 1783 tanquam
2543 1719 2697 1768 linere
2720 1733 2748 1767 e

1679 1803 1861 1844 centro
1879 1802 2141 1857 emanent,
2167 1797 2337 1860 sitque
2357 1811 2536 1845 eorum
2564 1796 2750 1859 princi-

1681 1872 1817 1934 pium
1843 1877 1899 1920 et
1914 1873 2093 1935 origo:
2119 1880 2178 1922 ut
2203 1878 2439 1922 centrum
2463 1872 2750 1923 linearum:

1680 1939 1772 1996 sed
1837 1948 2267 2011 quemadmodum
2326 1947 2752 1998 circumferentia

1679 2024 1897 2087 spbaerae
1922 2026 2268 2074 terminantur
2290 2026 2466 2089 liueae,
2486 2042 2622 2090 quas
2648 2041 2751 2076 om·

1678 2114 1772 2149 nes
1792 2101 1975 2150 eadem
1998 2101 2421 2152 circumferentia
2450 2103 2754 2166 complecti·

1680 2184 1782 2239 tur,
1803 2192 1973 2241 neque
1999 2179 2100 2227 ulla
2122 2194 2295 2227 earum
2335 2190 2414 2228 est
2452 2194 2608 2243 quam
2651 2194 2751 2228 nou

1679 2254 1961 2317 contineat,
2006 2256 2201 2319 qnippe
2247 2270 2364 2305 cum
2410 2258 2553 2305 nulla
2598 2266 2751 2306 extra

1679 2344 1789 2378 eam
1832 2331 1934 2392 sit;
1965 2340 2124 2395 atque
2155 2338 2213 2381 ut
2252 2333 2302 2381 in
2338 2332 2548 2396 sphaera
2582 2333 2752 2382 solida

1679 2414 1876 2472 partes,
1897 2425 2011 2475 quae
2047 2411 2185 2459 intus
2216 2418 2507 2470 moventur,
2533 2411 2751 2461 circum·

1677 2485 1903 2537 ferentia
1944 2488 2204 2537 continet:
2263 2487 2338 2536 ita
2394 2488 2589 2538 divinae
2638 2489 2752 2537 sub·

1679 2564 1888 2612 stantiae
1921 2563 2089 2612 forma
2122 2564 2175 2612 in
2217 2573 2437 2613 externa
2471 2579 2579 2614 non
2624 2565 2750 2614 diia-

1682 2638 1825 2687 bitur
1844 2653 1943 2688 nec
1968 2647 2239 2689 externum
2261 2641 2313 2689 iu
2353 2656 2409 2690 se
2445 2641 2572 2705 quid
2598 2644 2755 2691 susci·

1685 2716 1782 2778 pit,
1810 2716 1932 2779 quia
1955 2729 2112 2779 snpra
2148 2725 2203 2765 et
2235 2724 2387 2766 extra
2409 2719 2583 2766 omnia
2610 2718 2752 2766 entia

1683 2801 1782 2857 est,
1802 2802 1856 2843 et
1879 2805 2051 2845 tamen
2076 2795 2232 2844 rebus
2254 2796 2494 2844 omnibus
2521 2811 2752 2859 praeseus

1682 2879 1780 2921 est.
1826 2872 1979 2922 Unde
2017 2882 2165 2921 recte
2188 2871 2405 2921 Boetius
2429 2872 2508 2921 ait
2530 2887 2645 2922 eam
2679 2874 2752 2922 in-

1681 2955 1789 2999 star
1826 2949 1974 2998 molis
2011 2950 2226 3012 sphaerae
2262 2950 2433 2999 onmia
2478 2950 2751 3000 continere

1681 3034 1737 3075 et
1776 3026 2106 3089 concludere,
2148 3027 2520 3090 immotamque
2566 3027 2755 3091 ipsam,

1682 3105 1852 3153 centri
1892 3103 2076 3165 instar,
2125 3104 2417 3151 universum
2462 3103 2563 3151 boc
2611 3111 2752 3151 motu

1683 3180 1936 3245 modoque
1961 3180 2278 3243 incogitabili
2317 3180 2546 3242 agitare.
2616 3181 2753 3232 Quin

1681 3265 1735 3308 et
1754 3258 1874 3307 hinc
1897 3259 2000 3308 Dei
2015 3257 2418 3320 magnitudinem
2437 3259 2755 3320 potentiam-

1681 3349 1783 3400 que
1808 3334 2149 3384 Parmenides
2180 3333 2507 3397 praedicabat
2540 3334 2623 3383 bis
2656 3334 2756 3398 περὶ

1678 3413 1764 3460 τοῦ
1799 3410 1913 3460 ὅλου
1950 3412 2204 3470 versibus,
2247 3407 2484 3459 Πάνυ-σθεν
2514 3408 2751 3460 εὐκύκλου

1681 3487 1881 3552 σφαίρας
1902 3486 2168 3548 ἐναλίγκιον
2184 3487 2308 3547 ὅνγκῳ
2318 3488 2568 3536 Μεσσόθεν
2588 3486 2754 3537 ι’σοπα·

1678 3564 1763 3615 λὲς
1792 3562 1965 3623 πάντη.
1987 3563 2044 3613 τὸ
2080 3563 2173 3629 ’γὰρ
2195 3565 2306 3613 οὔτε
2336 3583 2386 3613 τι
2422 3564 2607 3628 μεῖζον,
2633 3567 2757 3615 Οὔτε

1679 3641 1985 3706 βεβαίοτερον
1999 3640 2149 3690 πέλει.
2194 3642 2209 3668 ‘
2237 3641 2754 3706 Persimiieaeqnaiis

1681 3734 1795 3768 nam
1834 3719 2052 3781 spbaerae
2091 3724 2172 3766 est
2212 3716 2442 3781 undique
2487 3719 2615 3766 moli
2653 3720 2755 3767 Un-

1681 3797 1835 3861 dique
1859 3795 1924 3843 de
1948 3794 2120 3843 medio
2140 3792 2306 3857 spatia
2329 3808 2480 3855 aeque
2505 3793 2676 3843 distat
2690 3793 2753 3843 ad

1681 3874 1812 3922 ima:
1848 3872 1949 3923 Illo
1972 3871 2042 3918 nii
2070 3870 2253 3933 majus,
2291 3869 2418 3918 nibil
2459 3876 2546 3918 est
2580 3879 2638 3920 et
2670 3870 2753 3920 fir·

1680 3950 1812 3998 mius
1837 3947 1963 3997 ino?
2017 3947 2159 3995 Male
2177 3947 2396 3995 Procius
2412 3948 2544 4010 legit
2564 3948 2654 3999 lib.
2668 3962 2752 3997 ιιι.

1679 4026 1856 4074 Theoi.
1880 4023 2020 4072 Plat.
2043 4021 2169 4070 Οὔτε
2188 4020 2238 4068 τὶ
2269 4019 2534 4085 eatam-spor.
2565 4022 2749 4072 falsum

1681 4101 1819 4149 enim
1845 4108 1926 4148 est
1944 4104 2056 4147 toto
2080 4096 2204 4145 nibil
2238 4097 2402 4145 miuus
2425 4111 2560 4147 esse.
2618 4099 2750 4147 Her-

1681 4192 1792 4226 mes
1816 4189 2023 4241 quoque
2061 4168 2182 4223 c.'9.
2247 4171 2317 4221 Τὰ
2335 4171 2430 4236 ’γὰρ
2464 4171 2630 4222 ὅνταὸ
2650 4172 2749 4223 θεὸς

1681 4253 1800 4317 ἔχει,
1844 4250 1921 4302 καὶ
1960 4252 2069 4300 οὔτε
2099 4251 2245 4298 αὐτοῦ
2285 4248 2419 4309 οὐδὲν
2455 4249 2611 4312 ἐκτὸς,
2639 4251 2746 4299 οὔτε

1680 4331 1820 4384 αὐτὸς
1838 4328 2035 4380 οὐδενός.
2085 4330 2102 4358 ‘
2123 4327 2255 4381 Quae
2278 4328 2414 4378 enim
2438 4336 2580 4394 sunt,
2603 4329 2742 4378 Deus
