3049 4928
1219 398 1550 459 ,Boss'rnu
1602 398 1697 447 DE
1745 398 2055 447 coNson.

890 546 1191 613 Ultimus
1222 545 1466 611 coelum
1494 543 1689 609 labor
1716 541 2023 621 irreflexo
2044 552 2071 593 Ρ

886 648 1178 719 Sustulit
1206 649 1406 726 colle,
1435 647 1850 732 pretiumque
1879 667 2114 713 rursus

885 753 1126 820 Ultimi
1156 752 1409 818 coelum
1444 751 1682 816 meruit
1710 751 1990 816 laboris.

886 859 990 924 Ite
1018 876 1196 922 nunc
1226 855 1453 935 forteS‚
1484 855 1597 920 ubi
1621 864 1646 903 ‘³
1695 855 1882 922 celsa
1921 857 2145 939 magni

884 961 1097 1026 Ducit
1124 959 1419 1044 exempli
1443 961 1559 1024 via
1581 981 1597 1025 z
1616 967 1639 995 ¹
1681 980 1798 1026 cur
1829 961 2075 1049 inertes

885 1062 1102 1151 Terga
1130 1062 1409 1127 nudatis
1432 1063 1461 1125 'l
1483 1070 1503 1098 ⁸
1548 1071 1868 1149 superata
1897 1063 2100 1129 tellus

887 1166 1126 1232 Sidera
1155 1165 1378 1231 donat.

2665 1170 2750 1235 35

538 1375 643 1420 erat
662 1386 946 1435 pressurum.
1010 1374 1216 1425 Ultimus
1234 1377 1424 1426 tandem
1444 1373 1576 1424 labor
1600 1372 1829 1424 Herculis
1849 1374 1902 1424 in
1919 1375 2004 1424 hoc
2022 1377 2256 1437 versatur,
2291 1375 2415 1437 quod
2434 1374 2566 1423 idem
2592 1375 2754 1436 porta-

536 1437 658 1486 verit
673 1439 837 1487 coelum
858 1439 970 1488 collo
989 1439 1211 1491 immoto.-
1244 1443 1367 1490 unde
1388 1441 1565 1490 iterum
1585 1442 1759 1491 meruit
1782 1442 1961 1498 mlum,
1996 1440 2144 1489 veluti
2164 1442 2423 1489 mercedem
2449 1438 2614 1488 ultimi
2629 1451 2750 1502 proe·

536 1503 703 1552 sertim
723 1505 797 1552 sui
828 1503 1021 1556 laboris.
1089 1507 1225 1568 Ergo
1247 1508 1398 1568 agite,
1428 1506 1650 1570 generosi
1680 1506 1908 1569 homines,
1942 1505 2309 1570 quandoquidem
2342 1520 2567 1566 magnum
2598 1518 2751 1552 exem·

531 1568 665 1630 plum
705 1569 834 1618 vobis
863 1575 1096 1620 monstrat
1133 1573 1228 1622 iter·
1259 1572 1489 1624 sublime:
1521 1587 1666 1637 quore
1700 1572 1927 1622 desidiosi
1966 1571 2215 1621 ostenditis
2252 1572 2441 1621 dorsum
2470 1565 2749 1635 fugiendo?

536 1639 666 1682 terra
685 1634 808 1684 victa
828 1637 911 1684 dat
932 1638 1114 1689 coelum.

1531 1751 1748 1805 NOTAE

537 1883 636 1944 tus,
679 1880 875 1933 idcirco
921 1898 1059 1934 nunc
1104 1883 1296 1935 dicitur
1346 1883 1604 1935 duntaxat

536 1957 553 1984 ⁴
576 1958 844 2009 humeros'
887 1961 1179 2012 Herculeos
1226 1963 1243 1991 ‘
1278 1962 1473 2027 spumis
1511 1977 1603 2012 no·

536 2035 710 2098 tasse,'
733 2051 859 2101 quos
881 2038 1167 2089 humeros‘
1192 2053 1463 2105 pressurus
1488 2045 1603 2089 erat

538 2113 673 2162 altus
691 2113 870 2163 orbisz’
892 2115 1131 2180 qnoniam
1150 2117 1408 2186 Hercules
1431 2116 1602 2168 fertur

538 2189 643 2240 suis
665 2190 890 2242 humeris
911 2195 1095 2244 coelum
1116 2200 1353 2260 portasse
1378 2213 1392 2245 ε
1427 2195 1568 2246 unde

602 2275 630 2309 Ρ
670 2269 879 2319 Ultimus
890 2273 1052 2321 coelum
1069 2272 1201 2322 labor·
1211 2273 1463 2339 irreflexo]
1488 2275 1601 2323 Du·

537 2343 801 2395 odecimus
828 2346 1073 2398 Herculis
1096 2350 1259 2401 labor.
1310 2350 1461 2400 Atlas
1484 2351 1599 2400 Rex

536 2420 867 2475 Mauritaniae,
901 2426 1085 2477 coelum
1130 2428 1355 2479 humeris
1378 2428 1600 2479 sustinu-

535 2500 640 2551 isse
664 2500 853 2566 fertur,
872 2519 1022 2568 quem
1040 2512 1100 2554 ut
1124 2512 1271 2557 tanto
1296 2520 1452 2556 onere
1470 2505 1598 2555 libe-

537 2586 679 2629 raret
720 2579 999 2646 Hercules,
1055 2584 1139 2633 hic
1185 2599 1305 2635 suos
1357 2585 1599 2634 humeros

535 2657 666 2707 coelo
689 2659 995 2722 supposuit3
1034 2675 1133 2725 quo
1167 2661 1350 2713 ultimo
1383 2677 1599 2726 proeser-

534 2732 628 2783 tim
650 2734 830 2785 labore
856 2736 1045 2787 meruit
1073 2739 1280 2802 coelnm,
1303 2744 1358 2790 et
1381 2740 1434 2789 in
1459 2741 1601 2790 Deo-

532 2824 648 2859 rum
671 2812 947 2875 collegium
985 2816 1287 2878 translatus,
1308 2816 1514 2878 Martis,
1539 2823 1599 2867 ut

533 2888 741 2952 quidam
768 2895 976 2954 putant,
998 2893 1167 2941 stella.
1232 2894 1399 2943 Porro
1433 2893 1597 2943 omni-

532 2980 620 3017 um
661 2966 879 3018 istorum
925 2970 1171 3020 Herculis
1228 2971 1466 3021 laborum
1510 2971 1599 3021 de-

533 3043 847 3107 scriptiones
867 3047 938 3095 ita
962 3046 1271 3113 frequentes
1301 3056 1422 3099 sunt
1456 3050 1596 3113 apud

531 3118 736 3184 poetas,
749 3127 808 3171 ut
823 3123 1014 3172 nullius
1030 3123 1199 3186 poetae
1217 3124 1314 3173 hac
1327 3125 1393 3173 de
1413 3139 1468 3173 re
1480 3139 1620 3185 con-‚

533 3198 733 3261 scripta
753 3201 984 3249 carmina
1008 3200 1285 3251 referenda
1308 3218 1424 3253 esse
1449 3209 1599 3267 puta-

531 3274 774 3324 verimus.
835 3276 939 3325 Sed
964 3279 1206 3327 omittere
1220 3278 1304 3328 hic
1318 3294 1419 3328 nou
1440 3279 1598 3331 debe·

531 3364 667 3414 mus,
688 3353 824 3417 quod
844 3353 1169 3405 doctissimus
1186 3356 1416 3407 Huetius
1434 3358 1486 3407 in
1510 3374 1599 3409 au·

532 3441 624 3477 reo
648 3444 741 3478 suo
763 3429 1241 3483 Demonstrationis
1264 3435 1598 3498 Evangelicae

532 3503 668 3554 libro
687 3504 754 3553 de
772 3505 1006 3556 Hercule
1023 3523 1190 3572 nuper
1207 3509 1393 3570 edidit,
1411 3525 1599 3577 nempe

532 3581 754 3643 Propo-s·
772 3596 851 3631 lv.
872 3583 937 3632 de
957 3583 1222 3635 lib.Josue
1240 3600 1291 3635 n.
1313 3591 1396 3635 13.
1429 3589 1445 3616 ⁴
1464 3590 1596 3639 Per-

532 3658 779 3722 vulgata,’
815 3660 1000 3724 inquit,
1033 3663 1048 3688 ‘
1076 3661 1189 3711 haec
1219 3670 1299 3710 est
1322 3662 1596 3715 doctorum

533 3734 795 3784 hominum
810 3736 1276 3799 sententia,plures
1286 3737 1445 3788 fuisse
1462 3741 1598 3791 Her-

532 3811 697 3873 cules,
721 3819 775 3861 et
800 3817 954 3875 gesta
973 3814 1195 3862 omnium
1220 3830 1251 3863 a
1285 3816 1486 3866 Graecis
1512 3816 1593 3868 fu·

530 3888 633 3937 isse
657 3888 710 3936 in
734 3903 889 3937 unum
921 3889 1223 3939 Thebanum
1260 3893 1469 3959 collata,
1500 3910 1594 3946 seu

530 3965 701 4029 potius
735 3964 955 4016 fortibus
991 3968 1280 4035 quibusque
1303 3972 1427 4021 viris
1453 3973 1592 4042 Her·

531 4044 664 4095 culis
685 4057 872 4094 nomen
895 4042 1058 4095 fuisse
1081 4047 1398 4111 impositum.
1460 4037 1590 4101 Tres

526 4122 716 4172 statuit
739 4120 1033 4184 Diodorus3
1068 4122 1392 4189 AEgyptium,
1420 4126 1592 4177 Creti-

1686 1883 2198 1950 gyptrum,Tyr1um,
2233 1889 2288 1934 et
2325 1882 2615 1942 Graecum3
2649 1879 2752 1945 qui·

1684 1961 1782 2011 bus
1800 1960 2007 2012 ludium
2033 1968 2292 2026 praeterea
2315 1960 2497 2010 addit
2483 1975 2536 2009 m
2551 1959 2747 2009 Indicis

1684 2053 1750 2087 ex
1773 2039 2141 2104 Megasthene.
2209 2039 2494 2089 Herculem
2536 2035 2626 2086 alii
2665 2049 2750 2085 an-

1684 2116 2031 2182 tiquissimum
2056 2115 2385 2166 arbitrantur
2407 2112 2752 2174 Phoenicium,

1681 2194 1962 2243 secundum
1990 2193 2310 2258 AEgyptinm‚
2333 2198 2654 2258 postremum
2690 2204 2749 2238 ac

1681 2272 2028 2321 recentiorem
2049 2271 2369 2320 Thebanum.
2415 2267 2638 2320 Quidam
2668 2265 2748 2316 ΙΕ-

1680 2348 1892 2411 gyptius
1921 2347 2048 2396 duos
2091 2352 2400 2410 agnoscunt,
2440 2343 2747 2394 Herodotus

1682 2426 1810 2476 duos
1831 2425 2254 2486 Graecos,Deum
2276 2421 2747 2486 alterum‚alterum

1684 2502 1914 2552 Heroiim
1935 2519 1951 2564 ;
1977 2503 2163 2552 Cicero
2180 2516 2304 2562 sex3
2328 2498 2603 2550 duodecim
2626 2497 2745 2558 alii3

1684 2580 1895 2645 quidam
1916 2580 2075 2629 etiam
2094 2580 2251 2642 longe
2272 2578 2467 2642 plures.
2512 2577 2625 2639 Ego
2644 2589 2748 2625 om·

1682 2660 1806 2708 nino
1839 2659 2067 2722 unicum,
2089 2671 2309 2722 eumque
2341 2658 2556 2708 Josuam
2586 2652 2746 2703 fuisse

1684 2742 1858 2787 statuo
1871 2755 1886 2799 3
1921 2750 2037 2785 nam
2058 2751 2172 2801 qnae
2198 2734 2498 2785 tribuuntur
2518 2732 2657 2793 aliis,
2679 2729 2742 2779 ad

1682 2817 1896 2867 Josuam
1914 2815 2084 2865 omnia
2102 2813 2370 2865 commode
2391 2811 2576 2863 referri
2595 2823 2743 2877 poss·

1680 2893 1863 2946 vides!

1743 2980 1769 3014 <¹
1809 2971 1926 3034 Ubi]
1951 2971 2071 3021 Non
2095 2971 2242 3019 locus
2265 2969 2351 3019 hic
2385 2966 2734 3033 significatur:

1682 3050 1808 3099 alias
1851 3048 2128 3099 dicendum
2160 3045 2345 3096 fuisset
2378 3046 2510 3110 ‘quo
2544 3044 2695 3094 ducit
2709 3042 2741 3094 :'

1684 3128 1778 3177 sed
1801 3128 1974 3192 potius
2003 3141 2160 3177 causa
2182 3141 2275 3176 cur
2297 3124 2651 3175 fortibusviris
2673 3124 2737 3173 sit

1683 3205 1929 3267 eundum,
1951 3204 2382 3269 quemadmodum
2408 3204 2594 3253 Cicero
2629 3202 2736 3252 dix-

1657 3283 1765 3333 ‘itx
1798 3283 1814 3311 ‘
1835 3282 1921 3331 ubi
1967 3283 2128 3331 semel
2167 3282 2282 3347 quis
2325 3281 2665 3346 pejeraverit,
2686 3280 2731 3330 ei

1684 3360 1827 3410 credi
1843 3365 2026 3423 postea
2046 3374 2144 3407 non
2169 3358 2418 3422 oportet!

1748 3443 1769 3469 ¹·
1789 3436 1941 3486 Ducit
1963 3436 2164 3499 exempli
2186 3434 2292 3497 via]
2323 3434 2738 3499 Agamemnonis,

1679 3512 1903 3576 Ulyssis,
1925 3516 1980 3560 et
2015 3511 2279 3574 Herculis,
2304 3525 2522 3575 quorum
2547 3511 2734 3561 labori·

1679 3590 1777 3639 bus
1799 3588 2067 3647 docemur,
2086 3588 2197 3637 vitii
2217 3588 2423 3652 quidem
2442 3586 2599 3639 facile
2621 3590 2734 3651 iter,

1680 3669 1772 3719 sed
1800 3684 2029 3719 amarum
2053 3668 2206 3718 finem
2227 3685 2243 3730 3
2269 3669 2478 3719 virtutis
2499 3684 2622 3719 vero
2646 3667 2734 3718 dif-

1677 3746 1868 3796 ficilem
1920 3746 2078 3809 viam,
2119 3746 2209 3795 sed
2263 3745 2472 3795 dulcem
2526 3745 2734 3796 exitum.

1674 3822 1875 3871 Seneca
1907 3822 1959 3871 in
2001 3822 2231 3871 Hercule
2275 3824 2448 3873 OEtaeo
2483 3837 2557 3871 vs.
2596 3826 2732 3871 1983.

1673 3898 1688 3925 ‘
1711 3898 1991 3963 Nunquam
2017 3899 2222 3963 Stygias
2249 3898 2419 3948 fertur
2442 3898 2508 3947 ad
2534 3899 2729 3948 umbras

1673 3974 1881 4039 Inclyta
1917 3975 2120 4025 virtus:
2190 3975 2353 4025 vivite
2397 3974 2582 4038 fortes,
2621 3976 2729 4025 Nee

1671 4054 1911 4104 Lethaeos
1950 4068 2090 4102 saeva
2135 4067 2230 4117 per
2273 4067 2448 4103 amnes
2471 4053 2581 4103 Vos
2625 4050 2728 4101 fata

1672 4131 1910 4179 tr:ahent
1979 4130 2072 4180 sed
2113 4146 2230 4179 cnm
2274 4145 2500 4181 summas
2538 4130 2718 4192 Exiget

530 4213 668 4259 cum,
704 4204 762 4249 et
792 4159 1113 4251 Thebanum.
1179 4203 1227 4249 Ἰ
1230 4217 1311 4251 res
1337 4202 1590 4254 Arrianus
1668 4207 1821 4256 horas
1844 4213 2118 4257 consumta
2151 4206 2260 4258 dies
2283 4207 2396 4258 Iter
2417 4206 2485 4298 ad
2522 4220 2720 4276 superos

537 4275 718 4327 lib.11.
752 4276 832 4327 de
853 4278 1103 4344 Expedit.
1136 4277 1455 4342 Alexandri,
1504 4282 1588 4334 ΗΞ-

1672 4284 1834 4347 gloria
1855 4283 2089 4388 pandet’
