3049 4928
511 400 640 467 190
1206 419 1518 469 noman
1571 421 1666 472 nn
1713 419 2024 470 consor„

508 555 743 631 horum
773 555 1029 649 aliquid
1057 565 1363 649 attingit‘?
1383 579 1410 618 ε
1452 586 1610 632 num
1640 568 1852 634 audes
1884 568 2172 653 alicujus
2216 571 2454 635 talium
2496 572 2718 655 splen-

508 669 666 735 dore
707 669 1018 753 gloriari?
1109 668 1223 734 An
1270 671 1492 735 vernis
1539 669 1819 735 floribus
1873 672 2019 753 ipse
2072 672 2547 756 distingueris?
2595 680 2710 740 aut

508 777 699 850 tua¹4
739 774 811 837 in
842 772 1120 838 aestivos
1159 772 1410 838 fructus
1439 773 1829 838 intumescit
1856 774 2171 839 ubertas?
2267 774 2453 854 Quid
2501 776 2716 842 inani-

507 879 634 943 bus
666 876 935 959 gaudiis
965 876 1265 958 raperis?
1315 875 1479 959 quid
1510 883 1784 942 externa
1805 877 1990 942 bona
2020 898 2142 961 pro
2173 881 2316 944 tuis
2364 880 2716 963 amplexa·

507 982 652 1046 ris?
743 980 1115 1064 Nunquam
1162 986 1285 1043 tua
1327 980 1532 1044 faciet
1560 998 1713 1043 esse
1744 979 2030 1058 fortuna,
2076 1001 2229 1064 quoe
2280 1001 2322 1045 a
2367 987 2435 1046 te
2478 987 2718 1048 natura

506 1103 729 1168 rerum
759 1083 923 1147 fecit
951 1083 1184 1146 aliena.
1272 1080 1621 1146 Terrarum
1656 1081 1934 1164 quidem
1971 1082 2247 1159 fructus,
2279 1082 2714 1147 animantium

508 1185 946 1270 proculdubio
977 1185 1293 1251 debentur
1324 1184 1683 1250 alimentis·
1774 1185 1913 1249 Sed
1944 1184 2025 1265 si,
2058 1185 2252 1269 quod¹
2266 1191 2522 1252 naturae
2544 1188 2715 1251 satis

513 1279 638 1373 est,
669 1289 925 1374 replere
948 1288 1388 1378 indigentiam
1429 1288 1626 1368 veliS‚
1657 1289 1823 1354 nihil
1855 1294 1963 1354 est
1993 1290 2175 1373 quod
2205 1287 2504 1370 fortunae,
2527 1290 2713 1368 affiu7

505 1377 757 1459 entiam
789 1397 1060 1478 petaS.¹⁵
1150 1391 1407 1457 Paucis
1436 1392 1611 1456 enim
1639 1391 2065 1475 minimisque
2106 1399 2347 1458 natura
2399 1399 2715 1460 contenta

505 1505 643 1563 est:
688 1496 884 1580 cujus
917 1496 1303 1561 satietatem
1322 1497 1384 1560 si
1407 1494 1769 1580 superfluis
1788 1515 2026 1580 urgere
2049 1497 2240 1573 veliS,
2267 1502 2387 1561 aut
2403 1496 2709 1580 injucun-

504 1601 683 1679 dum,
713 1599 894 1684 quod
918 1598 1266 1678 infuderis»,
1295 1599 1432 1678 fiet,
1459 1607 1582 1664 aut
1609 1599 1911 1668 noxium.
1976 1598 2023 1663 J
2028 1618 2330 1666 amvero
2362 1597 2712 1681 pulchrum

504 1704 711 1769 variis
762 1702 1013 1785 fulgere
1073 1698 1415 1767 vestibus*
1478 1707 1721 1785 putas:
1791 1721 2076 1786 quarum
2128 1702 2188 1765 si
2234 1708 2425 1783 grata
2474 1700 2712 1765 intuitu

507 1805 778 1890 speeies
796 1805 822 1842 1‘
865 1810 986 1883 est,
1016 1811 1136 1869 aut
1160 1804 1461 1870 materiae
1489 1812 1819 1884 naturam,
1872 1811 2002 1884 aut⁵
2031 1804 2361 1888 ingenium
2416 1803 2707 1868 mirabor

598 2009 626 2043 e
657 2002 747 2051 Ait
770 2001 1095 2067 Philosophia.
1195 2000 1222 2035 ¹·
1260 2003 1454 2053 Forma.

1420 2132 1477 2153 O!

501 2216 583 2267 An
605 2219 836 2267 tum—15
872 2215 1012 2266 Petis
1032 2214 1229 2280 Delph.
1262 2215 1569 2284 flach—16
1599 2218 1682 2269 An
1712 2232 1823 2269 vero
1854 2221 1902 2268 te
1930 2218 2100 2280 longus
2135 2214 2255 2268 edd.
2289 2212 2577 2279 praedictae.
2614 2209 2713 2261 Ms-

1500 2346 1723 2397 NOTAE

1754 2133 1788 2152 Ο

500 2460 659 2513 etiam
683 2477 834 2527 agros
857 2462 1124 2527 praedictae
1156 2461 1320 2513 menti
1345 2477 1454 2513 esse
1479 2461 1567 2511 de-

501 2540 626 2590 bere
649 2541 931 2604 pretiosos:
968 2540 1088 2606 qnia
1122 2555 1240 2591 cum
1277 2555 1400 2603 ager
1428 2539 1568 2589 dica-

499 2624 588 2666 tur
608 2616 943 2678 territorium,
966 2617 1105 2681 qnod
1138 2616 1438 2680 diligentius
1462 2616 1570 2665 cul-

501 2701 612 2743 tum
666 2691 842 2756 fruges
894 2691 1066 2752 affert,
1120 2707 1246 2757 ager
1276 2728 1279 2733 .
1310 2692 1570 2756 pretiosus

497 2771 663 2821 menti
683 2770 864 2820 haberi
881 2771 1082 2835 nequit,
1097 2770 1196 2819 nisi
1211 2777 1303 2819 aut
1320 2759 1413 2818 sua
1430 2785 1571 2833 mag-

495 2849 754 2912 nitudine,
775 2855 1031 2914 quatenus
1065 2848 1301 2898 terminis
1334 2848 1571 2911 longissi-

498 2925 596 2977 mis
620 2924 1092 2986 circumscribitur;
1124 2932 1216 2974 aut
1252 2940 1345 2974 sua
1379 2923 1564 2988 figura,

497 3009 750 3068 quatenus
789 3002 1004 3052 tumoris
1035 3016 1243 3066 experS,
1274 3016 1371 3050 eeu
1407 3001 1567 3066 cylin-

500 3078 594 3128 dro
640 3085 877 3144 aequntns
909 3076 1104 3138 fuerit3
1146 3086 1236 3127 aut
1276 3091 1369 3127 suo
1407 3083 1569 3141 motu,

499 3163 880 3220 quatenuvnon
904 3154 1057 3205 modo
1069 3153 1384 3214 fertiliS,sed
1408 3154 1568 3203 etiam

497 3231 794 3284 fructuosus
815 3230 1003 3282 fuerit:
1039 3231 1055 3260 ‘
1081 3246 1206 3296 agro
1232 3232 1364 3280 bene
1387 3230 1566 3294 culto,’

495 3310 670 3375 inquit
703 3310 919 3374 TulliuS,
945 3309 963 3339 ‘
983 3308 1057 3360 nil
1091 3314 1273 3374 potest
1307 3324 1423 3358 esse
1465 3322 1566 3359 nec

495 3405 595 3440 usu
648 3389 880 3453 uberius,
921 3405 1020 3441 nee
1065 3390 1244 3454 specie
1298 3386 1569 3438 ornatius?

498 3465 664 3531 Atqui
696 3467 836 3515 nullo
859 3481 922 3516 ex
947 3467 1025 3515 his
1048 3466 1217 3515 modis
1255 3479 1382 3528 ager
1402 3463 1568 3514 menti

497 3543 736 3593 humanae
761 3545 1019 3607 pretiosus
1041 3549 1373 3604 esse-potest.
1443 3543 1564 3590 Non

497 3634 589 3670 sua
607 3620 964 3683 magnitudine
984 3637 998 3670 ι
1031 3634 1149 3669 nam
1169 3621 1185 3649 ‘
1204 3619 1381 3682 Luna}
1403 3619 1420 3646 ‘
1438 3619 1567 3682 Sol,’

497 3700 512 3727 ‘
539 3697 759 3760 Sidera,'
790 3696 1060 3759 fCoelumss
1095 3712 1213 3762 quae
1257 3702 1429 3744 tamen
1465 3695 1564 3761 ipsi

497 3773 658 3825 menti
703 3772 933 3836 pretiosa
976 3768 1081 3821 no'n
1124 3772 1563 3836 videntur‚‘pul-

498 3848 742 3898 cheri-imi
766 3848 940 3912 operis
964 3849 1136 3912 portio
1155 3847 1171 3872 ’
1192 3857 1314 3899 sunt
1332 3850 1566 3914 quolibet

500 3940 628 3990 agro
661 3925 844 3989 major.
913 3926 1031 3976 Non
1071 3927 1227 3976 etiam
1268 3920 1361 3975 sua
1393 3926 1565 3990 figura

498 4003 656 4065 plana
674 4018 693 4052 :¹
719 4001 971 4066 siquidem
995 4017 1169 4054 maret
1207 3996 1343 4066 qnod
1377 4002 1564 4051 nihilo·

498 4078 667 4129 minus
702 4085 848 4129 tanto
883 4080 935 4128 in
963 4082 1131 4143 pretio
1162 4094 1267 4129 non
1304 4086 1406 4141 est,
1438 4076 1561 4128 dum

499 4155 831 4220 tranquillum
875 4162 959 4206 est
1016 4162 1073 4206 et
1118 4169 1378 4217 serenum,
1416 4155 1564 4218 aquis

499 4231 687 4296 aequali
726 4231 960 4294 pondere
997 4230 1222 4291 libratis,
1259 4244 1364 4278 non
1401 4230 1570 4279 solum

499 4321 640 4373 agro,
662 4307 754 4357 sed
779 4306 1010 4373 quolibet
1034 4305 1137 4355 alio
1169 4319 1388 4370 corpore
1411 4305 1566 4370 plano

1652 2461 1852 2527 planius
1875 2467 1987 2512 est:
2020 2462 2037 2490 ‘
2063 2459 2187 2526 quid
2212 2459 2346 2510 euim
2377 2462 2483 2507 tam
2509 2456 2715 2521 planum

1650 2540 1895 2603 videtur-,²
1929 2540 2004 2589 nit
2026 2540 2224 2588 Tullius
2243 2552 2306 2587 11.
2343 2535 2509 2585 Acad.
2532 2534 2548 2562 ‘
2565 2548 2716 2598 quam

1649 2631 1791 2666 mare
1812 2618 1829 2666 ?
1863 2630 1927 2666 ex
1948 2630 2050 2680 quo
2071 2615 2225 2664 etiam
2246 2627 2425 2677 aequor
2447 2611 2575 2660 illud
2597 2609 2717 2674 poe-

1653 2699 1722 2743 tae
1748 2693 1972 2743 vocant!
2030 2693 2075 2742 N
2082 2705 2148 2741 on
2172 2690 2399 2754 deniqne
2435 2702 2528 2737 suo
2551 2692 2717 2748 motu,

1653 2771 1764 2820 sive
1801 2770 1816 2798 ‘
1839 2768 2065 2835 floren&
2102 2769 2210 2817 sive
2249 2767 2412 2816 etiam
2450 2763 2716 2829 ‘fructuo-

1649 2863 1735 2897 sus
1753 2846 1784 2897 :'
1799 2847 2035 2912 quoniam
2055 2843 2229 2906 flores,
2247 2842 2550 2906 fructusque
2570 2854 2718 2904 agro-

1650 2940 1764 2974 rum
1788 2931 1939 2974 extra
1964 2922 2217 2971 hominem
2250 2925 2404 2979 sunt3
2437 2923 2528 2967 aut
2564 2918 2606 2965 si
2629 2915 2719 2963 ho-

1648 3018 1761 3053 rum
1808 3017 1928 3066 pars
1984 3001 2221 3066 quaedam
2274 2999 2443 3063 ipsum
2497 2995 2716 3046 hominis

1648 3095 1836 3144 corpus
1880 3080 2047 3129 instar
2082 3075 2315 3127 alimenti
2355 3073 2560 3134 subeat,
2602 3072 2716 3121 haec

1649 3163 1753 3206 tam
1779 3170 1943 3219 parva
1966 3169 2083 3204 esse
2115 3153 2294 3214 debet,
2315 3158 2375 3201 ut
2402 3149 2480 3198 ‘si
2511 3155 2714 3198 natnrae

1650 3231 1945 3281 satietatem
1963 3228 2235 3294 superfluis
2254 3241 2440 3290 urgere
2458 3224 2605 3286 velis,
2627 3229 2718 3272 aut

1650 3308 2007 3373 injucundum,
2028 3307 2164 3371 quod
2199 3303 2471 3365 infuderis,
2493 3301 2605 3363 fiat,
2627 3308 2718 3350 aut

1648 3384 1894 3436 noxium?
1960 3382 2234 3433 Lucretius
2267 3383 2302 3432 1.
2324 3395 2377 3431 v·
2444 3381 2459 3407 ‘
2486 3377 2641 3429 Quod
2676 3376 2717 3425 si

1649 3461 1763 3526 quis
1805 3475 1931 3510 vera
1974 3462 2133 3522 vitam
2178 3457 2382 3507 ratione
2425 3454 2717 3519 gubernet:

1647 3539 1858 3587 Divitiae
1892 3537 2111 3601 grandes
2145 3536 2335 3585 homini
2370 3540 2511 3595 sunt,
2544 3533 2718 3581 vivere

1649 3630 1824 3678 parce,
1848 3615 2012 3679 AEquo
2035 3614 2238 3663 animo,
2271 3625 2443 3676 neque
2465 3601 2603 3659 enim
2636 3615 2719 3658 est

1646 3709 1869 3759 unquam
1893 3693 2115 3758 penuria
2141 3688 2326 3756 parvi!
2499 3718 2504 3725 ι

1644 3804 1652 3809 -
1708 3769 1722 3803 ¹
1757 3771 2015 3820 Pulchrum
2058 3768 2211 3818 υανὶἱε
2240 3766 2439 3828 fulgere
2485 3763 2716 3826 vestibus]

1651 3863 1703 3897 v.
1739 3845 2075 3908 Philosophia
2109 3843 2315 3908 probat,
2354 3855 2524 3906 neque
2560 3840 2716 3888 etiam

1649 3932 1819 3973 vestes
1857 3922 2022 3971 menti
2066 3926 2263 3970 nostrae
2301 3916 2561 3967 habendas
2603 3929 2717 3966 esse

1646 4001 1934 4064 pretiosas;
1970 3997 2105 4062 quod
2123 4012 2246 4062 quae
2271 3996 2287 4022 ‘
2310 3995 2534 4045 vestium
2566 4000 2722 4057 grata

1643 4075 1834 4125 intuitu
1858 4075 2058 4138 species
2093 4071 2213 4134 est,'
2235 4073 2347 4120 haee
2382 4084 2487 4120 non
2511 4069 2578 4118 ad
2601 4083 2718 4118 nos-

1647 4160 1782 4202 tram
1816 4157 2062 4213 mentem,
2084 4149 2176 4198 sed
2211 4154 2304 4198 aut
2335 4147 2403 4198 ad
2438 4146 2713 4199 ‘materiae

1648 4227 1922 4290 naturam,’
1944 4234 2036 4277 aut
2055 4228 2072 4277 ἕ
2094 4225 2159 4275 ad
2177 4225 2442 4289 ingenium
2458 4223 2482 4263 ἰ
2506 4229 2723 4287 ερεοῑειῐ,

1650 4304 1935 4355 ‘artificia’
2001 4304 2113 4353 Imo
2159 4301 2507 4367 pulcherrima
2556 4299 2710 4350 vestis
