3049 4928
488 421 619 488 132
1195 424 1500 475 som-1111
1555 422 1652 470 nn
1704 417 2014 468 consor„

492 581 846 647 bliothecae
904 573 1173 663 potius*
1217 580 1479 639 comtos
1515 570 1718 634 ebore
1767 586 1849 631 ac
1900 566 2077 628 vitro
2127 560 2448 646 parietes,
2498 573 2699 642 quam

492 693 624 751 tuae
656 683 902 748 mentis
927 678 1150 745 sedem
1182 678 1468 760 requiro.
1562 672 1640 735 In
1674 689 1806 753 qua
1833 685 1964 732 non
1991 668 2223 742 libros,
2264 663 2385 727 sed
2414 662 2485 727 id
2517 659 2701 743 quod

492 788 681 853 libris
740 786 1028 870 pretium
1082 779 1272 858 facit,
1316 778 1638 841 librorum
1688 770 2019 855 quondam
2076 776 2409 831 meorum⁸
2450 769 2702 828 senten-

494 892 624 956 tias
652 888 1016 955 collocavi.
1111 885 1200 948 Et
1226 889 1300 947 tu
1331 880 1600 965 quidem
1630 877 1716 940 de
1761 877 1897 940 tuis
1943 875 2009 937 in
2054 889 2404 938 commune
2446 870 2700 933 bonum

493 994 798 1059 meritisu
843 1010 1003 1055 vera
1032 987 1326 1072 quidem,
1370 982 1489 1047 sed
1536 999 1657 1065 pro
1698 977 2120 1042 multitudine
2170 981 2501 1059 gestorum
2535 971 2704 1046 tibi,t

495 1116 720 1182 pauca
749 1095 1009 1159 dix—isti.
1100 1092 1208 1156 De
1241 1088 1650 1172 objectorum
1684 1083 1806 1149 tibi
1838 1082 1942 1145 vel
1969 1081 2346 1154 honestate,
2372 1076 2482 1140 vel
2511 1074 2698 1138 falsi-

492 1185 726 1275 tate,¹‘*'
771 1199 1031 1265 cunctis
1060 1203 1218 1260 nota
1248 1189 1650 1257 memorasti.
1745 1186 1848 1249 De
1902 1183 2266 1249 sceleribus
2319 1177 2704 1243 fraudibus-

496 1324 628 1388 que
684 1304 1109 1368 delatorumw
1154 1303 1331 1362 recte
1389 1303 1459 1359 tu
1515 1290 1790 1375 quidem
1849 1288 2174 1352 strictimv
2236 1281 2701 1362 attingendum

497 1408 776 1492 putasti,
796 1406 969 1490 quod
1002 1425 1083 1468 ea
1111 1402 1351 1466 melius
1377 1397 1787 1477 uberiusque
1820 1388 2372 1473 recognoscentis
2395 1396 2426 1423 ²⁰
2478 1384 2705 1447 omnia

558 1599 578 1623 ⁸
612 1591 1063 1654 Philosophicorum.
1212 1589 1228 1618 ‘
1263 1586 1307 1635 A
1329 1591 1393 1633 te.

489 1657 715 1721 pressius.
844 1664 879 1689 ¹0
916 1652 1285 1703 Considerantis.

1523 1592 1552 1614 ¹⁶
1592 1583 1768 1629 Eorum
1787 1594 1890 1642 qua:
1914 1578 2030 1626 vitio
2057 1575 2378 1626 vertebantur.

2510 1578 2534 1601 ¹²
2572 1570 2706 1617 Com·

1491 1754 1703 1805 NOTAE

498 1862 516 1889 ‘
538 1861 733 1910 nihilne
767 1869 818 1909 te
852 1860 963 1923 ipsa
995 1859 1100 1908 loci
1133 1856 1295 1907 facies
1330 1852 1560 1903 movet?'

498 1937 782 2003 respondet
821 1936 1190 1999 Philosophia:
1226 1936 1242 1962 4
1276 1947 1380 1983 non
1424 1931 1564 1991 tam,'

1711 1858 1734 1883 '¹
1756 1851 1836 1899 De
1849 1851 1948 1899 tuis
1968 1849 2020 1898 in
2042 1860 2279 1910 emmane
2311 1846 2477 1895 bonum
2504 1842 2711 1904 meritis]

1648 1942 1731 1978 ιιι.
1766 1926 2018 1977 Boethius
2056 1926 2282 1984 dixerat,
2322 1924 2520 1972 nullum
2554 1936 2610 1971 se
2645 1919 2710 1969 ad

499 2015 688 2080 inquit,
707 2016 879 2079 ‘quam
902 2020 989 2062 tua
1003 2011 1197 2075 facies,'
1214 2012 1267 2060 in
1285 2008 1566 2075 qna,velut
1646 2004 2007 2067 magistratum
2031 2004 2131 2052 nisi
2154 2016 2426 2052 commune
2462 2000 2711 2049 bonorum

502 2091 556 2140 in
599 2092 827 2153 speculo,
858 2089 1046 2138 mentis
1088 2094 1192 2137 tuae
1235 2086 1461 2149 dejectio
1495 2084 1566 2131 vi·

504 2168 686 2216 detur:
726 2165 861 2231 quod
899 2174 1045 2213 tanta
1083 2161 1433 2225 Philosophia:
1468 2174 1567 2208 non

502 2245 570 2293 sit
593 2257 718 2293 cura
741 2251 980 2304 terrenae,
1010 2249 1202 2305 quanta
1224 2237 1453 2288 coelestis
1485 2252 1570 2300 pa·

507 2320 656 2381 triae3
713 2333 811 2367 nec
870 2325 1018 2366 tanta
1071 2316 1328 2381 corporis,
1378 2321 1573 2379 quanta

503 2395 695 2445 mentis
719 2410 747 2443 a
770 2395 932 2443 natali
952 2395 1060 2443 solo
1081 2393 1354 2443 exulantis.

569 2476 585 2505 ‘
612 2473 714 2522 Nec
761 2473 1053 2521 bibliothecae
1090 2470 1273 2535 potius]
1330 2484 1393 2519 ιι.
1435 2469 1570 2518 Boe'-

506 2549 647 2600 thius
687 2550 999 2612 quaesierat:
1035 2550 1049 2574 ‘
1073 2548 1303 2597 haeccine
1344 2552 1424 2595 est
1460 2546 1571 2594 bib·

504 2627 734 2676 liotheca
750 2641 902 2690 quam
921 2626 1261 2675 certissimam
1281 2624 1376 2673 tibi
1395 2622 1572 2672 sedem

507 2705 697 2755 nostris
717 2704 767 2753 in
785 2704 1000 2753 Laribus
1021 2704 1134 2766 ipsa
1151 2702 1419 2764 delegeras
1438 2701 1456 2747 ?
1490 2714 1571 2749 re-

507 2781 656 2846 ponit
701 2781 1069 2843 Philosophia:
1105 2780 1120 2807 ‘
1158 2793 1261 2827 non
1301 2775 1447 2837 tam,’
1478 2777 1572 2836 ait,

505 2860 521 2886 ‘
548 2859 900 2918 bibliothecae,
922 2872 1071 2922 quam
1090 2855 1279 2904 mentis
1303 2862 1406 2902 tnae
1428 2867 1575 2902 orna-

506 2943 704 2994 menta,
721 2933 1006 2982 sententias
1031 2933 1236 2981 scilicet
1259 2928 1575 2993 philosophi-

507 3026 613 3075 cas,
650 3010 895 3075 requiro.’
964 3011 1356 3059 consueverant
1398 3009 1574 3052 autem

508 3089 632 3136 olim
678 3095 922 3150 potentes
979 3097 1166 3135 ornare
1220 3095 1338 3129 suas
1398 3079 1577 3127 domos

509 3179 653 3228 auro,
678 3165 857 3224 ebore,
879 3171 970 3211 ant
995 3161 1178 3209 saltem
1201 3160 1355 3219 vitro,
1383 3171 1445 3205 eo
1479 3157 1579 3206 sci-

508 3242 635 3289 licet
658 3239 759 3289 fine
782 3255 881 3305 quo
906 3253 1041 3287 nnnc
1066 3238 1240 3300 plures
1276 3233 1573 3296 magnificas

513 3322 703 3372 habere
726 3321 887 3381 aedes,
908 3326 1210 3380 sumptuosa
1241 3329 1422 3380 parare
1455 3328 1576 3363 con-

511 3399 667 3461 vivia,
691 3409 964 3445 numerosa
997 3394 1278 3442 satellitum
1313 3392 1468 3441 turha
1494 3407 1579 3440 co-

511 3476 685 3526 mitari
711 3473 943 3527 student,
977 3476 1039 3517 ut
1072 3470 1122 3516 in
1155 3468 1345 3516 ceteris
1369 3467 1577 3515 homini-

513 3551 610 3601 bus
622 3546 1311 3604 admii·ationem,honorem,
1328 3544 1582 3605 timorem,

512 3637 569 3676 et
593 3631 800 3675 ceteras
824 3621 1079 3686 ejusmodi
1114 3619 1459 3683 cogitationes
1493 3634 1582 3668 ex·

512 3703 699 3753 citent.
765 3700 852 3749 Sic
871 3699 1022 3760 Virg.
1057 3698 1167 3747 AEn.
1200 3711 1239 3746 1.
1265 3701 1381 3747 ⁷29.
1444 3698 1461 3726 ‘
1496 3699 1582 3747 Fit

512 3777 765 3840 strepitus
789 3774 963 3835 tectis,
984 3787 1268 3837 vocemque
1290 3789 1384 3837 per
1407 3775 1582 3838 ampla

513 3854 755 3903 volutant
775 3850 959 3901 Atria:
994 3850 1295 3914 dependent
1309 3851 1484 3914 lychni
1507 3850 1579 3898 la-

516 3928 792 3995 quearibus
816 3928 980 3977 aureis
1015 3928 1259 3977 Incensi:
1297 3935 1352 3977 et
1371 3935 1580 3976 noctem

515 4006 735 4056 flammis
758 4004 953 4054 funalia
978 4004 1223 4069 vincunt!
1288 4003 1374 4052 Sic
1410 4003 1582 4051 Hora-

518 4086 622 4133 tius
664 4083 833 4132 Carm.
866 4083 903 4131 l.
944 4095 1005 4130 ιι.
1042 4080 1145 4130 Od.
1182 4085 1262 4129 18.
1292 4080 1517 4142 seipsum
1553 4093 1584 4126 a

518 4160 812 4223 potentibus
842 4159 1086 4218 secernit,
1124 4158 1139 4184 ‘
1167 4158 1285 4204 Non
1317 4155 1464 4215 ebur,
1499 4169 1585 4203 ne·

520 4250 619 4300 que
645 4251 854 4284 aureum
879 4237 1001 4283 Mea
1036 4232 1243 4282 renidet
1265 4233 1315 4279 in
1340 4231 1493 4280 domo
1521 4233 1588 4279 la-

521 4312 723 4374 cunar‚’
745 4318 840 4361 ὅτε.

1649 2082 1872 2130 omnium
1918 2080 2142 2130 studium
2200 2080 2483 2143 impulisse.
2571 2079 2587 2105 4
2634 2077 2711 2124 Tu

1651 2156 1808 2220 mihi:
1840 2157 2025 2221 inquit,
2058 2158 2073 2185 4
2105 2163 2162 2205 et
2195 2158 2279 2220 qui
2313 2163 2365 2204 te
2401 2154 2711 2218 sapientium

1652 2234 1912 2284 mentibus
1935 2234 2155 2283 inseruit
2188 2235 2350 2289 Dens,
2374 2232 2587 2292 conscii,
2609 2229 2716 2278 nnl-

1653 2315 1759 2363 lum
1800 2326 1884 2362 me
1925 2311 1988 2361 ad
2029 2311 2404 2375 magistratum,
2443 2308 2542 2356 nisi
2577 2319 2713 2357 com-

1655 2404 1807 2440 mune
1834 2391 2084 2440 bonorum
2116 2388 2341 2437 omniurn
2372 2385 2597 2435 studium
2629 2385 2718 2432 de·

1654 2467 1890 2516 tulissez’
1933 2464 2254 2530 respondens
2290 2461 2627 2525 Philosophia
2662 2459 2713 2508 id

1653 2557 1756 2592 non
1799 2542 1999 2592 fatetur
2027 2542 2202 2601 modo,
2243 2540 2333 2590 sed
2370 2542 2526 2588 etiam
2564 2552 2715 2593 exae-

1656 2627 1835 2684 gerat:
1870 2621 1886 2648 ‘
1910 2620 1978 2669 de
2015 2620 2158 2679 tuis,’
2189 2618 2280 2678 ait,
2314 2618 2329 2645 4
2360 2619 2411 2666 in
2448 2628 2716 2664 commune

1655 2698 1846 2748 bonum
1871 2699 2070 2747 meritis
2092 2710 2216 2745 vera
2238 2695 2465 2760 quidem,
2496 2693 2587 2741 sed
2626 2702 2716 2755 pro

1654 2776 1985 2826 multitudine
2009 2783 2273 2839 gestorum
2293 2772 2408 2833 tibi,
2427 2786 2594 2835 pauca
2611 2770 2724 2818 dix·

1655 2853 1776 2902 isti!

1719 2938 1740 2961 v
1766 2930 1846 2978 De
1889 2929 2169 2990 objectorum
2212 2926 2303 2976 tibi
2344 2927 2418 2975 vel
2458 2925 2719 2983 honestate,

1655 3005 1981 3068 velfalsitate]
2027 3020 2105 3054 tv.
2142 3003 2388 3055 Boethius
2424 3001 2721 3059 addiderat,

1659 3084 1988 3149 sibiobjecta
2022 3083 2182 3132 fuisse
2216 3094 2331 3131 curn
2354 3080 2590 3140 honesta,
2610 3085 2719 3126 tum

1659 3160 1824 3210 falsa:
1857 3161 2073 3209 honesta
2097 3159 2324 3223 quidem,
2339 3165 2397 3207 nt
2416 3157 2555 3220 qnod
2577 3156 2720 3202 inno·
2776 3186 2788 3197 .

1656 3245 1858 3287 centem
1895 3240 2140 3287 Senatum
2178 3235 2467 3300 majestatis
2505 3232 2722 3280 crimine

1661 3317 1970 3378 postulatum
1992 3312 2287 3362 defenderit
2306 3324 2366 3359 ac
2389 3309 2721 3357 liberaverit:

1661 3391 1676 3418 ‘
1696 3390 1979 3453 Senatum,’
2011 3390 2200 3454 inquit,
2231 3391 2247 3425 4
2275 3387 2493 3436 dicimur
2525 3385 2723 3433 salvum

1662 3482 1776 3517 esse
1812 3466 2094 3517 volnisse2'
2137 3464 2271 3514 falsa
2306 3476 2448 3521 vero,
2488 3472 2549 3511 nt
2586 3460 2725 3525 quod

1662 3543 1871 3606 magicis
1908 3544 2106 3593 artibus
2128 3541 2394 3598 studeret:
2431 3540 2446 3566 ‘
2471 3539 2540 3586 oh
2564 3537 2726 3586 anibi-

1663 3616 1810 3681 tum,’
1842 3620 1935 3680 ait,
1971 3622 1987 3648 ‘
2012 3618 2285 3682 dignitatis
2329 3612 2604 3677 sacrilegio
2644 3627 2727 3660 me

1661 3696 2027 3746 conscientiam
2052 3695 2301 3758 polluisse
2320 3690 2530 3740 mentiti
2553 3697 2676 3738 sunt
2695 3687 2729 3738 :'

1665 3774 1851 3837 quibus
1901 3773 2222 3836 respondens
2267 3767 2605 3830 Philosophia
2655 3777 2731 3814 as·

1662 3851 1788 3900 serit
1811 3851 2067 3900 neminem
2103 3851 2269 3898 latere
2293 3847 2386 3896 illa
2418 3853 2473 3893 et
2507 3845 2728 3893 honesta

1662 3934 1716 3976 et
1735 3926 1888 3980 falsa:
1924 3927 1940 3955 ‘
1957 3925 2192 3986 cunctis,’
2218 3924 2406 3988 inquit,
2431 3922 2447 3950 4
2466 3927 2593 3970 nota
2620 3934 2729 3968 me-

1662 4003 1910 4052 morasti?

1730 4088 1760 4112 '¹
1783 4081 1861 4129 De
1895 4078 2163 4143 sceleribus,
2184 4075 2534 4138 fraudibusque
2554 4074 2732 4125 delato-

1663 4155 1790 4218 rum]
1843 4169 1895 4204 v.
1920 4155 2168 4204 Boethius
2189 4153 2418 4211 dixerat,
2450 4164 2508 4198 se
2543 4146 2731 4213 injuste

1624 4290 1626 4292 V
1667 4233 1897 4280 delatum
1924 4248 1953 4280 a
1976 4231 2188 4292 Basilio,
2212 4229 2480 4292 Opilione,
2505 4232 2562 4274 et
2590 4227 2730 4276 Gau·

1667 4307 1867 4367 dentio,
1905 4321 2123 4370 quorum
2160 4306 2354 4369 primns
2387 4304 2482 4352 ‘in
2515 4303 2732 4352 delatio·
