3049 4928
544 366 677 431 450

551 529 792 584 miserum
819 526 1077 591 vilemque
1101 525 1395 577 calcamus.’
1430 528 1580 577 Idem.

613 607 874 668 Justusque
905 606 1014 653 tulit
1059 605 1251 654 Crimen
1290 605 1465 667 iniqui]
1515 605 1606 652 Se-

549 696 666 731 nec.
691 683 744 730 in
769 683 931 744 Hipp.
950 697 1025 730 vs.
1048 685 1163 729 981.
1201 687 1214 710 ‘
1234 683 1415 730 Tristis
1441 683 1605 730 virtus

547 773 794 823 perversa
841 760 957 808 tulit
992 759 1214 808 Praemia
1253 758 1418 808 recti?
1479 760 1608 806 Lac-

551 843 687 886 tant.
722 836 810 885 lib.
838 836 901 884 de
925 837 1011 885 Ira
1035 837 1157 895 Dei,
1197 851 1313 898 cap.
1341 840 1417 885 16.
1449 837 1463 863 ⁸
1487 837 1607 883 Ple-

550 927 749 977 runque
783 912 1026 961 scelerati
1074 911 1331 961 feliciores
1373 922 1512 971 sunt,
1553 918 1610 961 et

550 989 673 1038 boni
693 989 1006 1049 miseriores,
1039 994 1094 1037 et
1122 988 1254 1050 justi
1290 988 1356 1034 ab
1402 988 1607 1050 injustis

549 1066 762 1128 impune
785 1069 1073 1115 vexantur!
1135 1064 1333 1113 Confer
1358 1067 1607 1113 Senecam

553 1144 776 1192 alterum
802 1143 865 1191 de
881 1142 1235 1191 Providentia.
1275 1143 1423 1189 Idem.

634 1220 841 1269 Misera-s
875 1219 1051 1282 respice
1091 1218 1266 1281 terras]
1321 1219 1508 1271 Seuec.
1558 1219 1611 1266 in

555 1294 679 1345 OEd.
715 1310 788 1346 vs.
815 1299 926 1344 112.
963 1295 1188 1344 ‘Viduas
1212 1296 1403 1344 colonis
1429 1296 1608 1357 Respi-

551 1372 626 1421 cis
654 1379 820 1421 terras
840 1371 1356 1420 miseranda'l'bebe.’
1422 1371 1612 1422 Horat.

551 1449 700 1500 libet.
727 1450 897 1499 Carm.
916 1449 1017 1497 Od.
1041 1462 1106 1497 ιι.
1142 1448 1157 1475 ⁴
1177 1449 1295 1496 Sive
1313 1447 1609 1509 neglectum

554 1541 714 1589 genus
755 1536 813 1575 et
850 1531 1066 1588 nepotes
1109 1524 1347 1587 Respicis
1393 1523 1612 1574 auctor!

551 1603 706 1653 Idem.

621 1678 815 1728 Pausa
836 1684 884 1728 5.
956 1678 1074 1726 Haec
1116 1677 1195 1726 abi
1229 1677 1498 1726 continuato
1530 1679 1608 1725 do-

555 1758 654 1805 lore
694 1755 950 1817 delatravi]
1018 1755 1149 1803 MsS.
1192 1754 1435 1804 dilatravi.
1523 1753 1612 1802 Ita

555 1831 726 1891 Agell.
770 1831 924 1879 lib.1.
963 1830 1124 1878 Noct.
1163 1829 1389 1879 Atticar.
1427 1845 1544 1890 cap.
1564 1834 1612 1879 2.

553 1909 567 1934 ‘
595 1905 1022 1955 Theorematibus
1067 1912 1266 1953 tantum
1322 1905 1611 1967 nugalibus,

557 1992 612 2032 et
635 1982 913 2046 puerilium
936 1982 1271 2045 Isagogarum
1295 1991 1611 2031 commenta·

555 2058 781 2109 tionibus
848 2058 1177 2118 dilatrautes,
1249 2058 1610 2123 objurgatione

549 2135 696 2198 justa
720 2133 1003 2183 incessuit!
1042 2136 1190 2184 Idem.

622 2212 751 2272 Non,
774 2209 848 2259 nti
872 2211 1252 2274 Atheniensium]
1286 2212 1428 2262 Male
1451 2213 1517 2263 ob
1558 2213 1611 2261 id

553 2287 853 2353 frequenter
871 2288 1086 2337 audiunt
1104 2287 1461 2353 Athenienses,
1475 2289 1611 2354 quod

555 2379 656 2413 non
678 2365 859 2413 saltem
885 2364 1190 2427 depulsione
1227 2366 1416 2414 civium
1452 2367 1611 2415 bene-

554 2443 856 2493 meritorum
883 2443 1044 2493 loetati
1080 2440 1294 2506 fuerint,
1328 2443 1418 2492 sed
1452 2444 1609 2493 etiam

554 2532 656 2566 non
695 2533 812 2567 raro
846 2533 935 2566 eos
976 2518 1105 2567 mori
1153 2518 1440 2581 cciigerint.
1506 2519 1611 2566 Ex-

555 2595 729 2655 empla
762 2602 881 2642 sunt
907 2594 1073 2643 ubivis
1097 2594 1275 2643 obvia:
1313 2601 1369 2644 et
1403 2594 1469 2642 de
1509 2595 1609 2643 Os-

556 2670 798 2717 tracismo
836 2669 1061 2732 ipsorum
1105 2671 1262 2719 etiam
1296 2660 1610 2721 Aristoteles

555 2746 664 2808 agit
687 2746 737 2794 in
764 2746 1016 2796 Politicis.
1055 2748 1203 2796 Idem.

617 2824 995 2887 Atheniensium]
1062 2825 1397 2887 Areopagum
1454 2825 1610 2873 Solon

553 2913 619 2947 ex
638 2901 978 2962 optimatibus
1003 2901 1369 2964 primariisque
1394 2901 1612 2949 Atheni·

555 2976 752 3024 ensium
766 2977 905 3039 viris,
931 2977 1118 3024 civium
1140 2974 1384 3036 suffragio
1407 2976 1611 3037 electis,

556 3052 803 3100 constitui
829 3053 1170 3116 componique
1209 3050 1483 3115 probavit:
1518 3052 1611 3100 sed

552 3140 617 3173 ue
660 3128 693 3175 ii
736 3128 1042 3176 insolentius
1087 3143 1201 3176 sese
1245 3135 1486 3190 gererent
1522 3134 1614 3177 aut

554 3204 884 3264 tyrannidem
910 3212 1233 3268 usurparent,
1258 3207 1448 3268 populo
1471 3205 1613 3268 judi-

558 3279 710 3327 caudi
757 3279 1098 3345 judicumque
1155 3282 1368 3331 aliorum
1405 3282 1613 3344 judicia

554 3357 787 3405 mutandi
806 3359 1257 3423 abrogandivejus
1278 3366 1613 3423 potestatem·

552 3447 655 3493 que
677 3431 824 3481 Fecit.
891 3434 1041 3485 Quod
1068 3450 1183 3483 cum
1206 3436 1500 3499 aliquandiu
1534 3435 1610 3484 fe·

553 3510 726 3558 liciter
782 3513 1140 3571 successisset,
1196 3513 1406 3561 tandem
1464 3514 1611 3563 victis

560 3584 705 3632 Darii
745 3586 1020 3634 Persarum
1063 3589 1200 3649 regis
1239 3587 1302 3635 ad
1344 3589 1609 3638 Maratho-

553 3675 688 3720 nem,
723 3661 915 3710 Xerxis
959 3661 1022 3710 ad
1057 3663 1367 3712 Salaminem
1398 3674 1454 3713 et
1486 3666 1610 3715 Pla-

553 3741 681 3785 taeas
706 3737 890 3801 copiis,
932 3739 1262 3788 Atheniensis
1301 3742 1522 3804 populus
1546 3743 1609 3791 iis

551 3816 783 3866 victoriis
799 3819 981 3879 elatuS,
997 3820 1062 3868 ab
1080 3819 1326 3880 Aristide,
1347 3822 1609 3884 Ephialte,

553 3893 760 3943 Pericle
787 3894 997 3960 aliisque
1022 3898 1316 3959 δημαγωγοῖς
1350 3899 1454 3946 suis
1495 3913 1609 3960 per·

554 3972 744 4031 motus,
783 3985 886 4018 non
915 3973 1025 4034 jam
1065 3976 1343 4036 optimates
1385 3974 1607 4023 nobiles-

552 4058 671 4107 que,
695 4045 787 4094 sed
814 4048 1067 4110 quoslibet
1102 4066 1128 4097 e
1165 4049 1494 4099 multitudine
1517 4051 1607 4113 ju-

553 4120 705 4170 diciis
769 4121 1039 4185 praefecit:
1081 4126 1165 4188 qui
1211 4141 1327 4173 cum
1385 4126 1608 4187 pecunia

549 4198 768 4263 aliisque
806 4199 1007 4248 artibus
1045 4199 1284 4249 facillime
1310 4214 1605 4264 corrumpe·

555 4284 750 4339 rentur,
788 4276 970 4325 mirum
1018 4291 1132 4341 quae
1177 4278 1332 4326 exilia
1372 4291 1603 4342 quasque

1252 381 1466 430 NoTAE
1518 380 1920 429 VARIORUM
1970 379 2048 427 ΙΝ

1681 525 1850 575 caedes
1886 524 2099 589 optimis
2134 523 2277 588 viris,
2318 538 2447 589 quas
2489 524 2599 575 urbi
2636 517 2755 590 ipsi'*

1680 602 2005 650 calamitates
2045 601 2396 664 importarint.
2463 601 2526 650 Id
2564 602 2740 665 legere

1681 686 1763 727 est
1786 678 1922 741 apud
1958 678 2247 727 Isocratem
2281 680 2483 741 passim,
2526 689 2580 727 et
2615 679 2733 728 Plu·

1687 754 1916 802 tarchum
1955 755 2005 802 iu
2042 755 2255 803 istorum
2289 757 2572 816 δημηογῶν
2590 756 2735 805 vitis:

1682 831 2011 894 referturque
2064 831 2204 894 apud
2248 830 2594 880 Aristotelem
2652 830 2736 879 lib.

1686 908 1896 955 Politic.
1919 920 1979 955 tt.
2010 907 2167 956 Solon
2191 908 2412 956 maxime
2448 906 2630 970 populi
2654 920 2738 967 po·

1687 981 1901 1032 tentiam
1922 985 2145 1043 auxisse,
2177 983 2239 1032 τὰ
2254 980 2529 1045 δικαστήρια
2547 980 2738 1039 ποιήσας

1684 1061 1738 1108 ἐκ
1758 1057 1957 1109 πάντων.
1993 1058 2092 1107 ἐπεὶ
2110 1059 2204 1124 ’γὰρ
2222 1059 2352 1108 τοῦτ’
2373 1060 2563 1120 ἴσχυεν,
2586 1059 2735 1121 ὥσπερ

1683 1134 1889 1198 τυράννῳ
1908 1139 1974 1197 τῷ
1996 1135 2122 1197 δήμῳ
2143 1133 2464 1200 χαριζόμενοι,
2494 1134 2589 1193 τὴν
2609 1142 2740 1182 Ιπολι·

1684 1212 1815 1261 τείαν
1852 1212 1917 1262 εἷς
1948 1212 2040 1271 τὴν
2062 1214 2141 1261 νῦν
2177 1210 2493 1276 δημοκρατίαν
2513 1208 2745 1268 κατέστη-

1686 1304 1792 1337 σαν.
1861 1289 1925 1337 Id
1966 1298 2066 1354 est,
2111 1289 2264 1337 ‘dum
2302 1289 2500 1338 nullum
2545 1302 2649 1336 non
2683 1286 2745 1335 ad

1688 1383 1865 1417 causas
1880 1367 2200 1431 judicandas
2226 1367 2503 1423 admittit..
2535 1367 2746 1417 Postea-

1687 1459 1838 1509 quam
1864 1444 1998 1493 enim
2036 1444 2089 1493 id
2113 1444 2352 1506 invaluit,
2385 1445 2609 1509 populo,
2647 1451 2751 1493 tan·

1685 1537 1834 1585 qnam
1856 1529 2094 1584 tyranno,
2110 1520 2489 1583 gratificantes,
2508 1521 2748 1585 rempub-

1685 1598 1838 1645 licam
1864 1598 1914 1645 in
1938 1612 2068 1660 eam,
2092 1611 2206 1661 quae
2239 1612 2377 1646 nunc
2400 1604 2503 1659 est,
2523 1597 2751 1647 multitu·

1687 1670 1820 1721 dinis
1846 1679 2161 1735 potestatem
2198 1672 2532 1736 perduxere!
2600 1673 2750 1725 Quod

1686 1750 1761 1797 ita
1785 1751 1879 1798 lib.
1906 1764 1984 1799 tv.
2025 1759 2312 1813 aversatur,
2350 1756 2409 1799 ut
2439 1765 2561 1799 eum
2602 1752 2748 1813 Reip.

1687 1831 1880 1872 statum
1906 1825 2166 1887 tyrannidi
2187 1829 2474 1887 cotnparet.
2547 1824 2642 1873 Kal
2674 1824 2752 1873 ἔσ-

1683 1918 1759 1948 τιν
1790 1902 1817 1947 ὁ
1848 1902 2059 1950 τοιοῦτος
2091 1902 2231 1963 δῆμος
2265 1899 2502 1963 ἀνάλογον
2544 1904 2642 1951 τῶν
2675 1920 2752 1962 μο-

1684 1979 1885 2040 ναρχιῶν
1911 1979 1975 2041 τῇ
1994 1976 2241 2039 τυραννίδι.
2273 1976 2342 2026 διὸ
2364 1978 2442 2027 καὶ
2473 1977 2535 2027 τὸ
2568 1977 2676 2037 ἦθος
2695 1979 2751 2026 τὸ

1685 2052 1816 2114 αὐτὸ,
1831 2052 1911 2103 καὶ
1936 2052 2074 2116 ἄμφω
2095 2053 2353 2102 δεσποτικὰ
2366 2057 2462 2103 τῶν
2476 2053 2750 2111 βελτιόνων.

1684 2130 1766 2180 καὶ
1782 2132 1845 2181 τὰ
1866 2131 2162 2194 ψηφίσματα,
2180 2131 2334 2196 ὥσπερ
2354 2132 2455 2180 ἐκεῖ
2470 2132 2536 2180 τὰ
2553 2121 2751 2193 ἔπι-νάγ-

1682 2222 1825 2269 ματα·
1845 2208 1922 2257 καὶ
1940 2210 1966 2256 ὁ
1983 2208 2277 2271 δημαγωγὸς,
2292 2208 2370 2257 καὶ
2388 2210 2414 2256 ὁ
2430 2208 2597 2272 κόλαξ,
2611 2209 2658 2257 οἱ
2675 2209 2753 2257 αὗ-

1683 2288 1757 2336 rol
1780 2288 1858 2337 καὶ
1880 2286 2125 2348 ἀνάλογον.
2155 2286 2233 2336 καὶ
2261 2284 2470 2348 μάλιστα
2484 2287 2528 2336 δ’
2545 2285 2752 2351 ἑκάτεροι

1683 2368 1789 2430 παρ’
1814 2365 2049 2431 ἑκατέροις
2074 2365 2334 2428 ἰσχύουσιν.
2369 2362 2415 2415 οἱ
2432 2364 2523 2426 μὲν
2539 2366 2753 2427 κόλακες,

1682 2444 1807 2510 παρὰ
1828 2444 2078 2509 τυράννοις·
2126 2444 2171 2495 οἱ
2204 2442 2255 2493 δὲ
2291 2443 2586 2505 δημαγωγοὶ,
2629 2442 2751 2507 παρὰ

1681 2525 1781 2573 τοῖς
1793 2522 1952 2584 δήμοις
1962 2525 2062 2572 τοῖς
2071 2521 2313 2571 τοιούτοις.
2332 2521 2479 2570 Αἵτιοι
2491 2519 2546 2568 δέ
2557 2519 2651 2568 εἶσι
2668 2520 2753 2569 τοῦ

1683 2597 1799 2648 εἶναι
1818 2600 1882 2648 τὰ
1903 2598 2185 2661 ψηφίσματα
2207 2597 2357 2662 κύρια,
2379 2597 2512 2646 ἀλλὰ
2544 2597 2613 2659 μὴ
2643 2596 2750 2646 τοὺς

1684 2670 1851 2738 νόμους
1888 2672 2037 2736 οὗτοι,
2080 2674 2236 2725 πάντα
2279 2672 2538 2736 ἀνάγοντες
2575 2673 2641 2723 εἷς
2671 2673 2750 2723 τὸν

1685 2757 1846 2814 δῆμον.
1915 2755 1976 2803 Id
2021 2762 2123 2815 est,
2158 2753 2649 2816 ‘Proportioneque
2672 2762 2747 2799 re·

1685 2830 1910 2893 spondet
1950 2828 2239 2891 hujusmodi
2278 2827 2534 2890 Populus,
2584 2842 2616 2876 e
2660 2841 2742 2875 nu·

1684 2921 1826 2956 mero
1862 2905 2270 2968 principatuum,
2308 2903 2627 2966 Tyrannidi:
2662 2918 2745 2952 un-

1686 2985 1750 3030 de
1789 2990 1844 3031 et
1880 2993 2049 3030 mores
2091 2981 2248 3028 iidem
2286 2989 2440 3029 sunt:
2488 2981 2742 3044 amboque

1685 3060 1736 3108 hi
1763 3066 1931 3108 status
1965 3057 2296 3106 dominantur
2327 3057 2657 3106 melioribus:
2692 3062 2743 3105 et

1687 3134 1967 3199 plebiscita
1991 3143 2130 3195 sunt,
2165 3141 2220 3182 ut
2246 3142 2299 3182 et
2326 3134 2431 3181 illic
2456 3133 2661 3182 edicta:
2696 3138 2744 3180 et

1684 3212 1772 3277 qui
1828 3211 2145 3259 multitudini
2218 3210 2501 3270 blanditur,
2565 3218 2624 3258 et
2674 3217 2746 3272 ty·

1687 3287 1835 3335 rauni
1871 3293 2161 3335 assentator
2202 3285 2357 3333 iidem
2393 3292 2532 3347 sunt,
2569 3292 2627 3334 et
2651 3284 2742 3332 sibi

1687 3363 2038 3426 respondent:
2097 3369 2252 3426 atque
2308 3367 2526 3426 uterque
2583 3361 2743 3424 gratia

1688 3440 1963 3503 plurimum
2004 3439 2173 3498 valet3
2209 3444 2503 3486 assentator
2537 3438 2741 3501 quidem

1682 3516 1820 3578 apud
1848 3522 2138 3578 tyrannum,
2176 3521 2351 3561 orator
2375 3518 2553 3561 autem
2582 3526 2742 3575 popu·

1685 3592 1808 3639 laris
1833 3590 1967 3654 apud
1988 3588 2276 3652 hujusmodi
2302 3589 2573 3651 populum.
2622 3588 2746 3636 Cau·

1685 3682 1740 3715 sa
1778 3681 1902 3714 vero
1947 3666 1996 3713 bi
2035 3673 2289 3727 sunt,cur
2329 3665 2610 3727 plebiscita
2633 3669 2741 3712 rata

1686 3743 1791 3791 sint
1811 3748 1866 3790 et
1887 3756 1988 3791 non
2012 3742 2172 3803 leges,
2194 3755 2309 3788 cum
2343 3738 2408 3787 de
2444 3738 2604 3788 rebus
2642 3753 2741 3788 om·

1688 3821 1837 3869 nibus
1863 3820 1929 3869 ad
1954 3819 2201 3881 populum
2224 3814 2493 3881 referant?
2560 3816 2634 3864 Et
2655 3815 2740 3863 de·

1686 3911 1825 3946 mum
1847 3895 2117 3946 concludit
2138 3892 2386 3956 ejusmodi
2425 3893 2608 3955 populi
2647 3897 2743 3940 sta·

1688 3979 1794 4023 tum
1813 3986 1911 4020 non
1931 3986 2043 4020 esse
2065 3973 2247 4034 Remp.
2260 3967 2417 4017 Ὅπου
2434 3968 2532 4032 ’γὰρ
2544 3967 2610 4030 μὴ
2623 3966 2744 4027 νόμοι

1688 4049 1943 4113 ἄρχουσιν,
1963 4049 2046 4099 οὐκ
2068 4048 2172 4097 ἔστι
2191 4047 2420 4097 Ιπολιτεία.
2455 4048 2532 4095 δεῖ
2545 4046 2640 4111 γὰρ
2668 4045 2745 4094 τὸν

1685 4125 1771 4188 μὲν
1825 4127 1968 4186 νόμον
2022 4125 2184 4188 ἄρχειν
2223 4123 2425 4173 πάντων.
2516 4127 2532 4151 ‘
2560 4125 2740 4186 Neque

1687 4205 1822 4251 enim
1867 4203 2166 4265 respublica
2209 4207 2308 4262 est,
2351 4201 2435 4249 ubi
2468 4201 2611 4263 leges
2646 4212 2737 4245 non

1686 4281 1986 4343 imperant:
2024 4286 2236 4342 oportet
2274 4277 2411 4327 enim
2457 4278 2640 4340 legem,
2688 4273 2733 4318 in
