3049 4928
541 437 842 485 Bon'rnu
895 438 993 486 DE
1041 438 1349 487 ool-1801..
1394 436 1836 488 PHILOSOPH.
1889 439 2031 490 mn.
2078 441 2127 487 1.

254 577 525 630 deuntibus
578 581 845 647 Hesperus
891 583 1060 633 astris.
1080 581 1093 603 '
1145 584 1298 634 Colu-

254 657 399 706 mella
436 656 527 707 lib.
560 661 639 708 10.
671 658 816 708 ‘Ore
839 674 1055 711 eortisco
1097 660 1300 724 Hespe-

255 746 350 796 rus,
383 734 490 783 Eoo
526 740 725 783 remeat
756 749 870 785 cum
899 735 1109 786 Lucifer
1140 735 1300 786 ortu!

255 807 490 859 Martiau.
523 811 755 873 Capella,
770 810 837 859 de
855 811 978 875 Nup
987 818 1025 861 t.
1043 812 1300 876 Philolog.

255 886 269 911 ‘
288 885 550 950 Hesperus
582 889 824 938 intactam
860 895 1034 940 servet
1067 890 1195 940 licet
1219 905 1303 939 us·

254 975 346 1026 qne
367 964 607 1026 puellam,
630 966 865 1030 Nuptam
906 965 1104 1015 videbis
1138 966 1301 1015 Phos-

255 1038 436 1100 phore!
487 1041 646 1091 Idem.

313 1115 691 1183 stsrondzssnoe]
723 1119 916 1169 Senec.
943 1120 995 1170 in
1016 1119 1301 1183 Hippolyt.

256 1204 322 1239 vs.
340 1195 450 1242 963.
516 1197 531 1223 ‘
553 1195 629 1244 Ut
647 1205 785 1244 nunc
810 1209 955 1244 canae
972 1194 1163 1259 frigora
1180 1194 1301 1244 bru·

256 1279 344 1314 moe
366 1267 580 1319 Nudent
603 1270 808 1335 sylvas.’
842 1271 996 1321 Idem.

313 1341 523 1407 Stringis
540 1349 690 1397 liccem
727 1348 937 1398 breuiore
971 1349 1126 1412 mora]
1160 1348 1299 1399 Vide

254 1417 422 1471 Senec.
465 1423 521 1480 in,
571 1424 784 1487 Tliyest.
839 1440 915 1475 vs.
972 1430 1087 1475 839.
1132 1432 1186 1475 et
1223 1425 1300 1474 ibi

256 1497 404 1549 Mart.
426 1500 552 1553 Ant.
579 1503 807 1555 Del-rio.
841 1505 992 1554 Idem.

316 1575 428 1626 Cam
448 1576 647 1638 fervida
688 1582 869 1629 venerit
902 1579 1068 1643 astas]
1109 1581 1298 1632 Seuec.

257 1650 305 1699 in
325 1652 482 1717 Hipp.
506 1670 579 1705 vs.
600 1659 717 1705 965.
784 1657 800 1683 ‘
814 1656 1000 1705 AEstivi
1023 1657 1169 1706 Colla
1190 1658 1300 1705 leo-

257 1727 327 1775 nis
345 1728 579 1781 Cererem
591 1746 782 1796 magno
796 1733 1025 1785 Fervore
1044 1732 1302 1797 coquant.’

316 1880 478 1930 Noctis
509 1884 690 1934 dividis
726 1884 892 1948 horas]
924 1885 1047 1935 Seu.
1073 1885 1131 1949 iu
1160 1884 1304 1936 Med.

261 1968 325 2005 vs.
353 1962 396 2005 5.
469 1960 484 1986 ‘
508 1960 822 2025 Clarumque
859 1960 1012 2009 Titan
1065 1960 1303 2010 dividens

261 2033 361 2083 orbi
392 2035 563 2087 diem.’
615 2037 931 2087 Claudianus
976 2035 1041 2085 de
1076 2034 1299 2101 Apono:

259 2107 377 2159 ‘Ille
400 2120 546 2175 pater
569 2127 762 2174 rerum,
778 2112 865 2178 qui
895 2113 1090 2162 saecula
1115 2113 1306 2162 dividit

262 2187 416 2249 astris,
450 2188 598 2239 Inter
634 2188 808 2253 «prima
843 2189 952 2253 poli
998 2196 1054 2238 te
1098 2202 1304 2254 quoque

262 2273 391 2312 sacra
425 2264 608 2316 dedite
666 2265 920 2329 Apuleius
960 2266 1026 2314 de
1061 2265 1302 2316 Mundo:

262 2338 453 2391 ‘Quam
510 2344 714 2407 pulcrae
758 2348 815 2392 et
854 2341 1112 2392 foecundae
1161 2342 1303 2393 horae

262 2426 584 2476 procreantur
602 2433 740 2470 nune
759 2420 966 2470 aestivos
989 2434 1206 2483 vapores
1225 2434 1306 2471 re·

264 2493 524 2559 solventes,
569 2511 715 2546 nunc
744 2497 954 2560 pruinas
990 2497 1171 2547 hiemis
1207 2497 1308 2547 cir·

266 2569 641 2623 cumferentes?
688 2572 904 2621 Diernm
946 2574 1104 2622 etiam
1144 2572 1308 2622 nocti·

263 2655 435 2707 umque
473 2648 747 2697 curriculis
781 2647 1055 2697 ordiuntur
1088 2660 1307 2710 menses,

265 2725 434 2773 texunt
457 2740 639 2787 annos,
659 2725 778 2775 anni
802 2726 988 2776 seriem
1024 2724 1309 2775 conficiunt

266 2798 587 2850 saeculorum?
656 2799 911 2851 Conferes
968 2800 1169 2851 utiliter
1210 2801 1308 2850 Isi-

265 2867 368 2920 dori
388 2874 668 2927 Pelusiotae
696 2876 869 2940 Epist.
894 2881 940 2926 1.
966 2876 1054 2926 lib.
1073 2880 1123 2925 4.
1159 2876 1311 2925 Idem.

325 2948 419 2999 Τιια
435 2952 508 3000 vis
529 2954 715 3002 varium
733 2959 960 3015 temperat
983 2951 1184 3014 annum]
1219 2953 1312 3002 Se·

267 3036 368 3074 nec.
395 3028 444 3076 in
476 3030 643 3094 Hipp.
667 3044 819 3079 versu
841 3035 955 3080 968.
1023 3031 1039 3059 ‘
1058 3030 1312 3095 viresque

272 3113 378 3150 suas
398 3104 681 3168 Temperet
703 3105 896 3155 annus!
928 3106 1083 3155 Idem.

326 3176 526 3230 Reuehat
550 3182 687 3230 mitis
705 3182 952 3246 Zephyrus
959 3183 1185 3247 frondes]
1220 3184 1313 3234 Se-

270 3264 386 3302 neca
415 3257 466 3305 in
488 3258 774 3322 Hippolyt.
796 3274 874 3309 vs.
898 3263 981 3310 12.
1047 3262 1062 3288 ‘
1090 3262 1198 3312 Qui
1237 3276 1316 3309 ro-

272 3328 417 3378 rifera
437 3334 665 3383 mulcens
691 3348 815 3382 aura
831 3334 1106 3399 Zephyrus
1131 3351 1315 3386 vernas

273 3415 441 3457 evocat
468 3409 690 3461 herbas!
723 3412 872 3462 Idem.

333 3482 529 3549 Quoeque
548 3486 810 3550 Arcturus]
846 3488 862 3516 ‘
883 3486 1160 3539 Arcturus·
1195 3491 1321 3539 stel-

274 3555 319 3605 la
340 3571 416 3611 est
438 3573 555 3626 post
576 3566 724 3615 Ursae
749 3566 989 3629 caudam,
1022 3568 1147 3616 alias
1183 3569 1199 3596 ‘
1217 3570 1318 3617 Bo-

275 3640 379 3686 otes
396 3637 409 3657 '
459 3648 514 3688 et
537 3642 552 3668 ‘
577 3640 980 3706 Arctophylax!
1066 3644 1322 3707 vegetius

277 3707 358 3758 lib.
395 3717 445 3761 4.
488 3716 553 3764 de
589 3732 647 3766 re
686 3718 895 3767 militar.
942 3733 988 3768 e.
1031 3723 1113 3768 30.
1148 3722 1163 3749 ⁴
1192 3721 1326 3769 Post

281 3783 403 3836 Idus
424 3790 743 3854 Septembris
764 3795 929 3843 oritur
960 3794 1216 3851 Arcturus
1239 3811 1322 3844 ve·

286 3858 714 3917 hementissimum
736 3869 912 3920 sidus.’
947 3871 1097 3920 Idan.

311 3971 321 3977 -
340 3939 505 3991 Omnia
544 3950 671 3993 certo
684 3946 793 4009 fine
824 3946 1111 4007 gubernans,
1150 3945 1324 3995 Homi-

285 4026 391 4064 num
406 4021 520 4068 solos
539 4023 720 4087 respuis
739 4023 895 4086 actus]
914 4027 1095 4073 Senec.
1119 4024 1170 4071 in
1199 4024 1327 4085 Hip-

286 4092 440 4155 polyt,
465 4110 538 4146 vs.
557 4102 672 4150 968.
735 4099 875 4148 ‘Sed
912 4114 1007 4147 cur
1043 4098 1182 4147 idem
1224 4099 1327 4149 Qui

284 4169 423 4216 tanta
446 4173 599 4235 regis,
632 4175 728 4223 sub
764 4189 866 4239 quo
908 4176 1041 4223 vasti
1082 4173 1329 4223 Pondera

280 4244 446 4294 mundi
490 4248 678 4299 librata
718 4265 835 4300 suos
892 4252 1107 4299 Ducunt
1153 4250 1326 4312 orbes,

255 4345 266 4353 -
286 4311 531 4371 bominum
555 4326 764 4377 nimium
798 4327 1020 4378 Securus
1057 4327 1203 4389 ades,
1225 4341 1328 4375 non

405 4398 571 4463 Delpu.
597 4413 640 4452 et
670 4407 784 4454 γαν.
806 4408 936 4454 Clas·

1282 4408 1458 4458 Bo'e'th.

2301 417 2440 490 449³

1377 582 1632 633 sollicitus
1678 582 1938 634 Prodesse
1973 582 2148 648 bonis,
2182 585 2428 635 nocuisse

1376 660 1524 709 malis
1541 659 1581 709 ?'
1614 661 1766 710 Idem.

1440 737 1571 785 Num
1590 751 1678 786 eur
1707 740 1869 786 tantas
1899 737 2080 786 lubrica
2117 742 2279 787 vereat
2301 738 2427 787 For-

1373 818 1490 863 tuna
1506 814 1654 878 vices]
1686 814 1806 863 Seu.
1829 815 1881 864 in
1906 813 2185 878 Hippolyt.
2213 830 2288 864 νε.
2318 819 2433 864 974.

1375 890 1391 918 ‘
1412 891 1514 939 Res
1536 890 1779 940 humanas
1815 890 1998 940 ordine
2039 892 2177 942 nullo
2202 892 2436 941 Fortuna

1375 966 1531 1029 regit,
1548 968 1845 1031 spargitque
1863 982 2012 1016 manu
2031 967 2251 1016 Munera
2272 981 2438 1030 caeca,

1374 1029 1554 1107 pejora
1589 1042 1806 1093 fovens!
1871 1043 1936 1092 In
1984 1042 2143 1092 Herc.
2183 1043 2303 1093 Fur.
2347 1059 2434 1093 vs.

1373 1124 1488 1170 524.
1521 1121 1539 1149 ‘
1561 1119 1610 1168 Ο
1634 1121 1868 1169 Fortuna
1905 1119 2028 1170 viris
2066 1119 2243 1169 invida
2285 1119 2440 1169 forti·

1374 1196 1492 1257 bus,
1515 1196 1684 1246 Quam
1707 1210 1809 1245 non
1846 1210 1996 1261 atqua
2031 1196 2176 1246 bonis
2210 1197 2435 1260 praemia

1374 1271 1600 1322 dividis?
1632 1273 1783 1321 Idem.

1436 1348 1642 1398 Lubrica
1646 1348 1872 1411 fortuna]
1909 1348 2149 1399 Caecilins
2171 1349 2308 1412 apud
2332 1347 2435 1397 Mi·

1374 1429 1486 1473 nut.
1533 1424 1777 1487 Felicem,
1807 1425 1863 1473 in
1898 1424 2023 1474 Oct.
2057 1424 2259 1474 ‘Variis
2283 1432 2336 1473 et
2361 1426 2439 1472 lu·

1376 1501 1538 1551 bricis
1556 1500 1760 1551 casibus
1792 1502 1963 1552 soluta
1994 1501 2193 1566 legibus
2217 1499 2434 1551 fortuna

1377 1578 1706 1629 dominatur!
1738 1578 1891 1628 Idem.
2387 1629 2390 1630 γ

1442 1656 1628 1704 Premit
1650 1657 1858 1704 insontes
1878 1655 2057 1705 Debita
2090 1655 2256 1705 sceleri
2294 1654 2443 1703 noxia

1371 1731 1533 1795 ρωποι]
1568 1731 1786 1781 Senecae
1811 1730 1989 1780 similis
2024 1737 2106 1780 est
2135 1730 2351 1796 querela
2389 1729 2440 1777 in

1378 1808 1542 1858 Herc.
1585 1810 1704 1859 Fur.
1743 1822 1818 1857 vs.
1838 1811 1953 1857 251.
1988 1807 2342 1870 ‘Prosperum
2382 1819 2443 1854 ac

1376 1885 1504 1935 felix
1530 1885 1702 1934 scelus
1726 1885 1906 1934 Virtus
1928 1890 2166 1944 vocatur,
2204 1881 2443 1931 sontibus

1379 1967 1568 2025 parent
1592 1960 1734 2023 boni,
1753 1960 1852 2012 Jus
1876 1966 1960 2009 est
1983 1960 2033 2009 in
2059 1957 2234 2020 armis,
2259 1957 2445 2020 oppri-

1319 2092 1324 2098 ,
1379 2038 1473 2086 mit
1495 2038 1637 2100 leges
1653 2034 1840 2087 timor-⁹
1873 2036 1959 2086 Sic
1981 2035 2234 2085 Minntius
2252 2034 2402 2083 Felix
2426 2049 2441 2081 ε

1379 2116 1395 2142 ‘
1417 2115 1538 2164 Non
1561 2119 1760 2164 tantum
1783 2120 2023 2177 aequatur
2044 2110 2279 2177 nequitia
2295 2111 2446 2160 meli·

1379 2190 1579 2253 oribus,
1601 2189 1692 2239 sed
1719 2196 1774 2240 et
1796 2189 2015 2240 colitur:
2051 2194 2111 2238 ut
2132 2188 2184 2237 in
2209 2187 2447 2252 pluribus

1381 2268 1601 2329 nescias,
1622 2273 1790 2316 utrum
1826 2267 1897 2315 sit
1935 2280 2110 2315 eorum
2133 2263 2447 2315 detestanda

1381 2345 1631 2408 pravitas,
1656 2357 1722 2392 an
1748 2341 1974 2405 optanda
1993 2340 2258 2390 felicitas!
2313 2338 2448 2387 Vide

1382 2428 1648 2485 praeterea
1689 2419 1915 2470 Salvian.
1957 2417 2046 2469 lib.
2078 2432 2117 2467 1.
2186 2416 2266 2467 De
2306 2414 2449 2466 Gub.

1383 2498 1509 2558 Dei,
1530 2498 1582 2546 in
1603 2496 1827 2560 princip.
1860 2496 2011 2546 Idem.

1450 2573 1520 2623 At
1538 2572 1752 2636 perversi
1771 2572 1980 2620 resident
2018 2571 2136 2618 celso
2175 2569 2338 2618 Mores
2376 2582 2449 2615 so-

1384 2648 1471 2711 lio]
1539 2649 1720 2697 Senee.
1776 2647 1831 2695 in
1887 2646 2165 2709 Hippolyt.
2222 2660 2296 2693 vs.
2336 2647 2452 2691 978.

1384 2730 1400 2756 ‘
1427 2725 1606 2774 Vincit
1664 2730 1870 2772 sanctos
1914 2722 2032 2771 dira
2072 2721 2255 2785 libido,
2292 2720 2451 2769 Fraus

1387 2799 1593 2850 sublimi
1617 2804 1804 2862 regnat
1827 2799 1878 2847 in
1901 2800 2037 2860 aula,
2058 2797 2286 2847 Tradere
2310 2797 2452 2859 turpi

1387 2877 1555 2928 fasces
1577 2877 1798 2940 populus
1821 2874 2068 2926 Gaudet.’
2099 2875 2246 2925 'Min.
2263 2873 2412 2923 Felix
2436 2888 2450 2921 ι

1388 2955 1404 2982 ‘
1422 2954 1541 3004 Nisi
1564 2952 1702 3003 forte
1730 2967 1821 3002 vos
1859 2951 2080 3015 decipit,
2117 2950 2254 3016 quod
2280 2950 2449 2999 Deum

1390 3033 1686 3082 nescientes
1706 3029 1900 3080 divitiis
1921 3026 2155 3089 affluant,
2171 3024 2457 3075 honoribus

1391 3106 1634 3169 floreant,
1661 3108 1893 3170 polleant
1916 3102 2283 3168 potestatibus.
2353 3101 2458 3149 Mi-

1402 3183 1505 3233 seri
1530 3183 1580 3232 in
1604 3183 1705 3232 hoc
1730 3182 1883 3231 altius
1923 3180 2195 3241 tolluntur,
2235 3185 2294 3226 ut
2316 3175 2455 3225 deci-

1395 3259 1524 3308 dant
1549 3259 1724 3308 altius.
1787 3257 1859 3306 Hi
1884 3256 2021 3305 enim
2045 3262 2105 3304 ιιι
2144 3252 2367 3302 victimae
2392 3251 2457 3300 ad

1395 3335 1709 3398 supplicium
1733 3332 2055 3396 saginantur,
2092 3336 2152 3380 ut
2186 3329 2368 3379 hostiae
2393 3329 2460 3377 ad

1396 3425 1600 3475 poenam
1620 3407 1975 3459 coronantur.'
2013 3408 2164 3457 Idem.
2301 3436 2304 3441 -

1461 3485 1895 3549 Resident...solio]
1952 3484 2206 3534 Prudent.
2263 3484 2317 3532 in
2372 3480 2461 3530 fin.

1397 3558 1672 3627 Psychom.
1704 3564 1720 3591 ‘
1743 3562 1863 3612 Hoc
1887 3561 2084 3611 residet
2105 3561 2236 3611 solio
2258 3560 2461 3622 pollens

1397 3640 1688 3704 Sapientia,
1714 3646 1767 3689 et
1804 3654 1956 3689 omne
1994 3637 2278 3688 Consilium
2314 3635 2463 3698 regni

1399 3716 1541 3765 celsa
1564 3714 1795 3777 disponit
1822 3714 1886 3763 ab
1908 3713 2062 3775 aula!
2096 3713 2247 3767 Idem.

1471 3790 1699 3854 Galeam]
1735 3792 1938 3840 Seneca
1961 3789 2019 3838 in
2042 3788 2236 3839 octav·
2259 3803 2332 3837 vs.
2351 3791 2465 3836 446.

1400 3870 1415 3898 ‘
1435 3869 1621 3918 Calcat
1651 3869 1920 3932 jacentem
1946 3867 2163 3930 vulgus.’
2213 3866 2276 3915 In
2300 3859 2467 3914 Herc.

1402 3946 1510 3995 OEt.
1537 3959 1611 3994 vs.
1643 3948 1759 3994 637.
1792 3946 1807 3973 ‘
1831 3944 1972 3994 Colit
2008 3942 2093 3993 hic
2127 3942 2322 4005 Reges,
2359 3940 2465 3991 cal-

1404 4030 1492 4070 cet
1547 4029 1604 4070 ut
1644 4015 1838 4083 omnes',
1894 4020 2197 4085 Perdatque
2243 4020 2464 4082 aliquos,

1405 4100 1707 4161 nullumque
1742 4099 1903 4160 levet,
1927 4099 2148 4147 Tantum
2183 4104 2242 4146 ut
2279 4103 2466 4145 noceat

1405 4175 1552 4237 cupit
1587 4188 1699 4222 esse
1738 4173 1960 4236 potens.'
2025 4171 2262 4222 Macrob.
2303 4186 2342 4220 ι.
2380 4172 2468 4218 Sa·

1407 4250 1599 4301 turnal.
1624 4265 1740 4314 cap.
1764 4254 1844 4298 11.
1880 4250 1896 4276 ‘
1918 4247 1991 4297 Αι
2010 4263 2102 4297 nos
2128 4248 2260 4310 jugo
2300 4263 2330 4296 a
2364 4246 2468 4296 for·

1406 4334 1535 4375 tuna
1559 4327 1807 4390 imposito
1831 4325 2189 4388 subjacentem
2225 4332 2466 4386 tanquam

2237 4406 2334 4453 21²·
