3049 4928
562 404 693 470 396

1261 423 1566 473 Bonum
1617 424 1713 473 ΠΒ
1758 424 2063 475 CONSOB-

993 567 1091 634 Ut
1119 570 1457 654 quondam
1489 571 1686 636 celeri
1714 572 1893 659 stylo

987 671 1149 738 Mos
1179 678 1281 738 est
1310 691 1580 758 aequore
1610 674 1872 757 paginae

987 775 1164 855 Quae
1192 776 1408 841 nullas
1437 777 1685 843 habeat
1713 789 1938 856 notaS,

985 876 1271 944 Pressas
1297 879 1497 962 figere
1529 880 1776 945 literas,

993 982 1351 1048 Sed-mens
1381 985 1440 1048 si
1471 986 1760 1068 propriis
1780 982 1806 1021 ¹²
1848 985 2077 1069 vigens

983 1085 1171 1150 Nihil
1198 1087 1491 1153 motibus
1522 1089 1845 1174 explicat,

967 1188 1117 1254 Sed
1147 1195 1400 1256 tantum
1430 1193 1692 1276 patiens
1715 1192 1905 1276 jacet

982 1292 1189 1359 Notis
1222 1296 1494 1361 subdita
1524 1316 1900 1380 corporum,

979 1395 1362 1483 Cassasque
1392 1400 1459 1463 in
1491 1400 1751 1483 speculi
1780 1399 2004 1464 vicem'

977 1499 1226 1565 Rerum
1256 1501 1474 1567 reddit
1503 1502 1856 1585 imagines,

2659 1502 2737 1566 15

980 1602 1177 1668 Unde
1210 1605 1354 1670 haec
1387 1606 1487 1671 sic
1519 1607 1762 1671 animis
1790 1606 1974 1689 viget
2010 1649 2018 1666 ,

979 1704 1272 1772 Gemens
1304 1709 1532 1773 omnia
1560 1709 1791 1775 notio'l
1943 1721 1948 1728 ’

543 1900 788 1949 admodum
833 1898 1023 1950 Veteres
1052 1900 1260 1950 solebant
1291 1902 1469 1950 calamo
1508 1900 1656 1951 veloci
1686 1900 1954 1964 imprimere
1987 1900 2150 1948 literas
2193 1897 2246 1947 in
2295 1898 2461 1973 charta
2503 1896 2738 1974 ‹equ-abici,

542 1959 769 2027 nullisque
787 1966 1291 2016 anteachuracteribus
1310 1966 1563 2027 insignita.
1625 1966 1697 2015 At
1713 1966 1757 2014 si
1782 1980 1909 2014 niens
1928 1971 2091 2013 nostra
2119 1963 2240 2012 nihil
2260 1965 2430 2039 evolent
2443 1978 2641 2026 propria
2657 1977 2736 2011 sua

540 2029 846 2091 cogitatione,
885 2032 967 2079 sed
998 2030 1196 2080 obnoxia
1229 2032 1606 2093 impressionibus
1636 2045 1879 2094 corporum
1908 2031 1967 2078 ab
2001 2030 2077 2077 his
2105 2030 2255 2103 solum
2289 2033 2496 2104 patitur,
2525 2033 2573 2077 et
2594 2029 2736 2104 refiert

539 2093 773 2155 imag-ines
788 2095 983 2145 inutiles
999 2111 1155 2146 rerum
1176 2093 1458 2159 objectarum
1476 2098 1633 2146 instar
1650 2096 1863 2162 speculi3
1881 2110 1967 2145 cur·
1987 2095 2194 2157 cognitu>
2213 2094 2494 2142 universalis
2513 2107 2732 2154 omnium,

1528 2232 1743 2285 No'rAE

539 2325 806 2391 προλήψεις,
837 2344 867 2378 a
906 2331 1206 2395 corporibus
1238 2333 1396 2384 etiam
1421 2339 1597 2384 exter-

540 2405 619 2454 nis
642 2404 867 2470 imprimi
889 2408 1176 2460 mentibus:
1229 2425 1331 2461 non
1360 2425 1510 2461 secus
1534 2425 1596 2462 ac

539 2483 708 2532 literae
728 2492 970 2535 currente
993 2486 1190 2537 calamo
1224 2489 1596 2553 imprimuntur

536 2558 748 2611 chartae.
815 2563 956 2612 Hinc
978 2564 1160 2629 Stoici,
1192 2565 1360 2632 inquit
1380 2568 1434 2618 S.
1457 2566 1593 2632 Aug.

533 2637 569 2687 1.
587 2650 715 2688 vm.
753 2637 820 2690 de
850 2640 964 2690 Civ.
1003 2641 1069 2691 D.
1102 2657 1152 2693 c.
1184 2647 1233 2693 7.
1267 2646 1282 2671 ‘
1308 2652 1595 2708 posuerunt

528 2713 782 2777 judicium
805 2718 1042 2768 veritatis
1065 2719 1116 2769 in
1150 2721 1385 2772 sensibus
1409 2737 1592 2788 corpo-

531 2793 624 2855 ris,
649 2807 930 2860 eorumque
952 2795 1121 2846 infidis
1141 2804 1198 2847 et
1218 2797 1489 2850 fallacibus
1510 2815 1593 2850 re·

530 2869 666 2933 gulis
688 2872 858 2921 omnia
877 2888 992 2937 quae
1024 2873 1294 2925 discuntur
1326 2875 1594 2927 metienda

531 2959 648 2996 esse
679 2949 1029 3000 censuerunt?

593 3019 617 3054 ὓ
638 3021 738 3072 Sed
759 3039 890 3075 mens
906 3026 952 3075 si
967 3026 1194 3090 propriis,
1211 3027 1315 3093 ξω]
1364 3042 1429 3077 11.
1467 3029 1591 3080 Phi-

528 3099 762 3165 losophia
790 3100 985 3153 refutat
1017 3103 1313 3154 Stoicorum
1354 3106 1487 3154 hunc
1509 3118 1589 3155 er-

525 3190 696 3227 rorem
715 3179 1034 3243 argumentis
1059 3195 1127 3230 ex
1157 3182 1472 3247 Dialectica,
1503 3182 1589 3232 cui

524 3250 601 3302 illi
642 3254 917 3317 plurimum
956 3256 1260 3321 studebant,
1300 3258 1585 3310 desumtis:

525 3344 644 3380 nam
665 3330 717 3381 in
741 3332 1059 3397 Dialectica,
1085 3344 1281 3398 praeter
1319 3338 1584 3386 notionem

525 3415 632 3458 tam
677 3410 1020 3460 universalem
1064 3426 1214 3476 quam
1251 3412 1584 3478 singularem,

523 3490 783 3543 tractatur
804 3485 1273 3551 divisio‚definitio,
1296 3490 1586 3553 methodus,

523 3567 581 3627 et
606 3560 717 3625 ipsa
738 3561 972 3612 veritatis
1008 3578 1190 3613 norma
1212 3581 1225 3614 z
1282 3580 1394 3629 quae
1416 3567 1588 3614 omnia

521 3636 637 3688 fieri
681 3654 785 3689 non
819 3647 1051 3704 possunt,
1092 3640 1136 3690 si
1177 3656 1322 3691 mens
1364 3642 1587 3693 humana

521 3728 696 3765 omnes
736 3730 850 3765 suas
886 3717 1125 3766 notiones
1158 3718 1462 3782 corporibus
1501 3735 1586 3769 ac·

521 3798 701 3856 ceptus
742 3791 955 3844 referat.
1021 3793 1202 3844 Primo
1243 3796 1400 3859 enim,
1442 3797 1586 3847 nulla

521 3868 624 3919 erit
652 3870 796 3920 notio
831 3870 1153 3935 universalis,
1186 3872 1299 3924 sive
1332 3873 1583 3925 ‘cernens

518 3945 691 3997 omnia
708 3946 895 3998 notio?
927 3947 1182 4013 siquidem
1206 3952 1349 4001 notio
1375 3952 1581 4002 univer·

1676 2333 1695 2363 ‘
1717 2332 1916 2398 singula
1958 2330 2266 2397 prospicit?
2326 2329 2464 2397 quia,
2521 2332 2734 2394 praeter-

1676 2426 1828 2478 quam
1872 2410 2009 2477 quod
2053 2424 2199 2460 mens
2242 2409 2464 2458 bumana
2509 2406 2732 2471 seipsam

1676 2491 1988 2556 singularem
2025 2504 2127 2539 uon
2163 2486 2412 2552 prospicit
2450 2483 2733 2534 famulante

1676 2581 1913 2632 corpore,
1958 2565 2044 2630 qui
2089 2570 2233 2614 tactu
2271 2562 2487 2626 visuque
2532 2557 2733 2624 percipi

1675 2647 1924 2707 creditur,
1948 2644 2227 2708 triangulus
2252 2641 2545 2691 circulusve
2564 2637 2732 2702 singu-

1673 2722 1816 2785 laris,
1838 2722 1920 2772 hic
1947 2736 2127 2773 revera
2150 2719 2433 2783 triangulus
2452 2715 2734 2767 circulusve

1674 2813 1776 2848 non
1820 2804 1934 2848 est:
1992 2795 2406 2863 quandoquidem
2448 2792 2733 2858 triangulus

1675 2875 1950 2939 singularis
1973 2888 2074 2923 non
2097 2878 2307 2923 constat
2339 2872 2438 2921 nisi
2474 2870 2639 2920 tribus
2678 2868 2734 2917 li·

1673 2952 1807 3014 neis,
1844 2966 1961 3016 quae
2000 2949 2073 2999 ita
2099 2948 2235 2997 inter
2263 2961 2320 2996 se
2356 2946 2564 3007 coeant,
2583 2952 2644 2995 ut
2665 2959 2730 2994 ex

1674 3029 1751 3078 his
1773 3027 1904 3077 fiant
1928 3033 2037 3076 tres
2074 3024 2247 3090 anguli
2286 3023 2511 3088 oequales
2532 3021 2732 3072 duobus

1672 3104 1861 3155 rectis:
1899 3103 2126 3155 circulus
2145 3116 2266 3152 vero
2289 3116 2391 3151 non
2414 3106 2619 3150 constat
2634 3097 2731 3148 nisi

1673 3196 1778 3232 una
1815 3181 1952 3231 linea
1991 3179 2132 3230 circa
2166 3193 2323 3228 unum
2362 3185 2608 3242 punctum
2662 3176 2734 3225 ita

1666 3257 2045 3320 circumducta,
2083 3263 2141 3307 ut
2177 3271 2356 3305 omnes
2391 3256 2528 3305 illius
2551 3261 2727 3319 partes

1664 3337 1730 3386 ab
1783 3337 1881 3385 hoc
1922 3343 2119 3398 puncto
2176 3334 2448 3398 aequaliter
2502 3331 2729 3382 distent:

1664 3428 1782 3463 cum
1817 3419 1990 3463 tamen
2034 3410 2199 3461 omnis
2237 3409 2526 3472 triangulus
2568 3409 2729 3460 circu-

1666 3491 1815 3540 lusve
1859 3488 2078 3550 sensilis,
2119 3488 2253 3538 sicut
2294 3484 2568 3552 exquisitis
2604 3500 2719 3549 per-

1668 3565 1887 3632 spiciliis
1923 3565 2053 3629 sive,
2073 3571 2135 3615 ut
2178 3564 2480 3629 loquuntur,
2508 3562 2723 3613 ‘micro-

1668 3642 1869 3708 scopis’
1892 3642 2306 3692 animadvertere
2344 3654 2630 3705 possumus,
2650 3638 2722 3688 in-

1665 3719 1828 3770 finitis
1888 3732 2053 3784 prope
2115 3722 2320 3767 constet
2370 3716 2542 3781 lineis,
2602 3731 2722 3782 qua·

1664 3811 1779 3847 rum
1836 3794 1952 3845 aliae
2017 3809 2264 3859 egressae,
2316 3793 2432 3843 aliae
2482 3793 2720 3857 ingressae

1664 3872 1974 3940 praedictam
1996 3871 2169 3936 anguli
2191 3870 2438 3921 circulive
2460 3871 2721 3919 notionem

1661 3952 1970 4016 singularem
1986 3947 2297 4013 impediunt.
2359 3945 2564 4010 Tertio,
2583 3944 2718 3994 nulla

2663 985 2840 1051 10.

518 4023 641 4073 salis
661 4038 762 4074 non
785 4024 1072 4089 acquiritur
1104 4027 1358 4092 sensibus,
1395 4028 1581 4095 quibus
1659 4042 1866 4094 quoque
1891 4025 1993 4076 erit
2024 4025 2226 4087 divisio,
2249 4039 2353 4090 qua
2387 4038 2532 4074 mens
2564 4024 2581 4052 ‘
2600 4037 2712 4086 cog·

517 4099 764 4165 quicquid
787 4100 1094 4166 percipitur,
1114 4102 1242 4152 illud
1275 4111 1422 4154 certo
1450 4111 1581 4155 tem·
1658 4104 1771 4153 nita
1794 4102 1982 4153 dividit
1999 4102 2030 4150 =’
2078 4116 2193 4151 cum
2218 4101 2332 4151 haec
2367 4115 2470 4150 non
2508 4098 2603 4150 fiat
2623 4098 2713 4149 nisi

516 4190 647 4241 pore
681 4182 926 4241 certoque
959 4177 1077 4227 loco
1108 4178 1179 4227 ita
1201 4179 1578 4230 circumscribi·
1657 4188 1837 4231 mente
1855 4195 1918 4230 ea
1938 4195 2055 4245 quae
2080 4178 2314 4228 sensibus
2335 4176 2578 4226 videntur
2598 4188 2708 4225 con·

517 4260 622 4310 tur,
646 4260 705 4303 ut
733 4255 803 4304 sit
824 4254 1101 4318 singulare.
1157 4255 1416 4320 Secundo,
1435 4258 1580 4306 nulla
1645 4258 1834 4323 juncta
1857 4262 2150 4322 separante,
2182 4254 2311 4317 sive,
2350 4260 2410 4303 ut
2438 4252 2708 4327 loquuntur

518 4328 672 4379 etiam
701 4331 801 4380 erit
821 4330 966 4381 notio
984 4330 1276 4396 singularis,
1307 4347 1408 4399 qua
1428 4348 1575 4384 mens
1656 4333 1856 4399 Logici,
1873 4335 1888 4363 ‘
1905 4330 2293 4384 abstractione.'
2337 4330 2559 4395 Quarto,
2579 4327 2703 4378 nulla
