3049 4928
448 394 543 461 '28
1382 414 1442 460 ι’.
1491 413 1743 462 suurn

459 558 612 629 Nec
652 556 976 644 superfuit
1017 558 1135 624 'diu
1159 556 1447 638 scanni,
1495 558 1921 644 Symmacho,
1977 559 2300 639 Boethio,
2348 558 2662 677 Theodo-

456 664 678 745 ricus3
722 662 880 748 ipso
910 661 1089 730 enim
1117 662 1241 729 illo
1274 683 1453 731 anno
1481 669 1785 731 mortuus
1815 668 1943 729 est.

547 766 715 832 Post
743 763 1007 831 obitum
1039 765 1099 850 ej
1107 784 1187 831 us
1215 763 1713 846 Amalisuenta,
1742 765 2149 833 Theudorici
2174 767 2342 857 filia,
2377 765 2661 835 Athala-

441 858 583 937 ‘rici
613 874 844 949 mater,
864 869 1081 936 vidua
1108 868 1475 948 Eutharici,
1503 890 1739 937 omnes
1768 870 2044 937 Boethii
2073 876 2336 938 statuas
2368 876 2661 955 prostra-

457 980 567 1040 tas
592 972 838 1040 Romae
864 973 1106 1052 erexit,
1137 980 1205 1039 et
1230 973 1611 1041 haeredibus
1639 973 2112 1059 patrimonium
2137 973 2476 1040 incolume
2504 973 2663 1040 rod-

458 1076 654 1143 didit.
737 1075 1219 1143 Theodobatus
1241 1097 1517 1161 quoque
1547 1076 1727 1158 Rex,
1753 1094 1953 1162 quem
1980 1075 2454 1143 Amalisuenta
2469 1096 2663 1143 soror

458 1179 547 1247 ad
575 1197 847 1263 regnum
874 1188 1331 1264 promoverat,
1365 1179 1752 1247 Maximum
1781 1180 2124 1266 quendam
2148 1198 2242 1245 ex
2266 1185 2463 1260 gente
2491 1178 2664 1246 Ani-

459 1282 573 1350 cia
603 1281 690 1350 ad
713 1282 1200 1367 primiceriatus
1227 1285 1606 1369 provehens
1637 1285 2052 1371 dignitatem,
2090 1283 2338 1350 ascivit
2363 1284 2432 1349 in
2458 1283 2664 1367 regim

460 1384 698 1470 stirpis
727 1386 1103 1471 conjugem,
1134 1395 1211 1454 ut
1253 1395 1362 1455 est
1405 1387 1590 1473 apud
1636 1387 2126 1454 Cassiodorum
2177 1386 2302 1453 lib
2323 1400 2394 1450 v·
2438 1384 2663 1470 Epist.

459 1502 573 1555 ΧΙ.

548 1593 864 1680 Denique
895 1594 1395 1681 quadringentis
1440 1594 1867 1680 septuaginta
1912 1592 2075 1679 post
2117 1593 2334 1671 annis,
2366 1591 2498 1660 hoc
2538 1597 2667 1671 est,

460 1716 637 1763 anno
687 1695 955 1764 Christi·
982 1712 1298 1764 cuxcw.
1363 1697 1549 1764 Otho
1582 1715 1689 1763 ιιι.
1737 1695 2109 1782 Augustus,
2145 1715 2316 1764 ossa
2361 1694 2665 1773 Boethii,

460 1799 775 1883 sepulcro
831 1801 902 1867 in
965 1814 1105 1888 quo
1163 1822 1318 1869 eum
1367 1803 1440 1868 in
1490 1802 1671 1870 diem
1715 1821 1932 1888 usque
1991 1800 2228 1868 abdita
2277 1801 2666 1886 jacuerant,

460 1901 734 1981 educta,
767 1904 1050 1985 elevari,
1080 1910 1151 1972 et
1194 1906 1274 1971 in·
1308 1908 1544 1973 tumba
1586 1924 1959 1972 marmorea
2003 1904 2287 1971 exaltari
2312 1902 2496 1970 fecit.
2583 1903 2669 1970 Iu

461 2005 658 2090 cnjus
690 2008 782 2073 rei
809 2010 1198 2074 memoriam
1220 2007 1612 2088 δεξιώσει-ωε,
1639 2010 1703 2075 is
1735 2011 1852 2094 qui
1882 2008 2249 2074 Rhemensi
2275 2006 2668 2091 Archiepin-

459 2115 714 2192 copatu
743 2102 1067 2178 abdicato
1090 2111 1474 2198 Episcopus
1504 2112 1888 2191 Ravennas,
1915 2130 1997 2177 ac
2026 2110 2292 2177 tandem
2338 2107 2669 2175 Pontifex

462 2209 812 2279 Maximus
842 2221 1141 2282 assumto
1170 2217 1443 2305 nomine
1471 2217 1783 2283 Silvestri
1808 2232 1890 2281 n.
1918 2217 2142 2282 factus
2181 2218 2311 2293 est,
2354 2213 2485 2278 hoc
2516 2230 2668 2277 car·

457 2332 613 2380 men
640 2334 726 2381 eo
751 2323 1060 2401 tempore
1090 2319 1426 2386 condidit:

633 2466 859 2536 Roma
886 2478 1155 2558 potens,
1186 2475 1345 2540 dum
1365 2474 1526 2560 jura
1554 2493 1681 2541 suo
1711 2474 2012 2541 declarat
2043 2473 2115 2538 in
2138 2472 2321 2550 orbe,

628 2569 739 2639 Tu
765 2580 959 2662 pater
987 2582 1056 2642 et
1079 2577 1320 2661 patriae
1348 2577 1597 2658 lumen,
1626 2577 1942 2659 Severine
1964 2575 2236 2655 Boethi,
2333 2585 2340 2590 ’

632 2673 956 2742 Consulis
985 2677 1211 2746 officio
1243 2700 1460 2746 rerum
1494 2680 1804 2766 disponis
1831 2681 2153 2758 habenas»,

529 2866 536 2873 ⁶
640 2778 950 2852 Infundis
978 2782 1212 2849 lumen
1243 2784 1511 2864 studiiS,
1544 2790 1614 2851 et
1638 2784 1875 2861 cedere
1903 2785 2130 2852 nescis

633 2880 1024 2952 Graecorum
1052 2887 1379 2973 ingeniis:
1426 2888 1551 2954 sed
1581 2908 1772 2954 mens
1798 2886 2031 2953 divina
2059 2884 2334 2978 coercet

631 2986 1000 3072 Imperium
1029 2990 1286 3056 mundi.
1359 2988 1617 3057 Gladio
1638 2990 2017 3057 bacchante
2040 2988 2412 3078 Gothorum

635 3089 950 3158 Libertas
979 3081 1296 3159 Romana
1323 3093 1515 3178 perit.
1581 3093 1692 3159 Tu
1722 3091 1976 3159 Consul
2006 3099 2077 3159 et
2104 3092 2265 3157 exul

632 3193 936 3279 Insignes
967 3198 1202 3263 titulos
1229 3198 1556 3284 praeclara
1584 3204 1794 3265 morte
1822 3197 2164 3282 relinquis.

620 3296 833 3364 Nunc
863 3299 1075 3366 decus
1098 3301 1398 3387 Imperii,
1428 3320 1731 3369 summas
1749 3302 1864 3387 qui
1888 3304 2265 3386 praegravat
2292 3305 2498 3378 arteS,

631 3399 902 3490 Tertius
931 3401 1114 3469 Otho
1146 3423 1274 3469 sua
1303 3405 1578 3489 dignum
1608 3411 1679 3470 te
1699 3404 1973 3491 judicat
2000 3404 2178 3481 aula,

630 3505 1118 3592 AEternumque
1138 3508 1235 3573 tui
1267 3510 1499 3576 statuit
1524 3513 1950 3578 monumenta
1968 3506 2245 3586 laboriS,

630 3607 720 3675 Et
746 3611 911 3675 bene
940 3611 1372 3696 promeritum
1400 3611 1655 3677 meritis
1675 3615 1955 3677 exornat
1983 3609 2302 3692 honestis,

462 3763 777 3851 Exposui
803 3763 1113 3845 breviter,‘
1143 3763 1597 3834 Nobilissime
1625 3765 1943 3844 Iuvenis,
1973 3782 2056 3830 ea
2083 3779 2240 3849 quae
2270 3760 2359 3827 de
2392 3759 2536 3826 vita
2564 3758 2672 3826 1²1.

459 3864 692 3933 Anicii
746 3866 989 3932 Manlii
1038 3867 1372 3953 Torquati
1432 3868 1737 3936 Severini
1810 3867 2089 3935 Boethii
2156 3866 2384 3932 dicere
2443 3862 2672 3932 habui.

460 3971 790 4055 Superest
833 3976 913 4034 ut
941 3970 1027 4035 de
1052 3971 1186 4038 hoc
1215 3989 1422 4059 opere
1459 3992 1685 4059 pauca
1717 3972 2099 4057 subjiciam-
2186 3970 2357 4036 Sunt
2400 3965 2673 4053 quidem

459 4092 695 4138 omnes
724 4071 1006 4140 Boethii
1038 4075 1195 4142 libri
1223 4094 1468 4160 graves
1490 4084 1565 4143 et
1590 4076 1855 4157 eruditi,
1896 4076 2020 4142 sed
2048 4075 2123 4140 in
2150 4074 2261 4140 his
2287 4072 2375 4141 de
2403 4071 2672 4137 Conso-

460 4174 717 4242 latione
735 4175 1221 4265 Philosophiae,
1243 4182 1493 4248 nescio
1508 4180 1848 4266 quomodo
1861 4185 2091 4248 noster
2110 4182 2352 4245 auctor
2369 4177 2671 4261 seipsum

462 4277 717 4345 vicerit.
828 4276 938 4347 Ac
980 4288 1156 4369 puto
1208 4283 1513 4354 homines
1544 4300 1681 4369 quo
1728 4290 1883 4351 sunt
1922 4283 2118 4356 morti
2158 4279 2542 4362 viciniores,
2586 4298 2669 4346 ΘΟ
