3049 4928
535 395 667 464 508

540 571 677 606 nores
728 554 984 620 Prouehis]
1029 555 1314 621 Postquam
1363 558 1477 621 egit
1532 557 1599 607 de

544 634 782 698 principe
816 634 907 684 illa
943 633 1130 685 Anima
1163 635 1425 696 Universi,
1459 649 1598 684 nunc

544 709 610 758 de
632 712 1029 773 particularibus
1062 712 1237 763 dicere
1277 713 1615 776 aggreditur.-

544 786 777 837 Quarum
816 790 940 837 alias
963 788 1165 852 quidem
1202 788 1362 840 ἁπλῶς
1384 790 1600 839 Animas

543 869 716 924 vocat,
733 863 976 914 videlicet
993 867 1230 915 coelestes
1249 874 1304 915 et
1320 866 1599 927 angelicas,

545 938 687 990 Deos
754 941 992 991 nimirum
1049 942 1353 1004 mundanos,
1400 943 1599 1005 heroas,

543 1015 839 1079 Daemonas,
859 1019 944 1083 qui
963 1034 1202 1082 corpore,
1217 1022 1296 1069 vel
1320 1019 1463 1085 quasi
1485 1035 1599 1069 cor·

542 1106 693 1156 pore,
720 1094 863 1143 tenui
894 1097 1130 1148 nimirum
1166 1105 1223 1146 et
1244 1097 1442 1147 coelesti
1468 1112 1603 1161 prae·,

545 1168 642 1219 diti
659 1177 805 1221 sunt:
842 1172 1225 1225 intellectuales
1244 1175 1473 1240 nihilque
1493 1189 1601 1223 ma-

545 1245 693 1297 teriae
727 1248 997 1314 habentes,
1029 1251 1224 1301 medios
1270 1251 1409 1302 inter
1443 1251 1603 1315 ψυχὰς

542 1321 666 1378 θείας
697 1324 713 1351 ‘
735 1325 934 1375 divinas
954 1326 1183 1390 animas,'
1218 1344 1337 1394 quae
1362 1345 1392 1379 a
1425 1344 1601 1395 super·

544 1400 748 1450 eoelesti
800 1402 913 1452 loco
965 1403 1032 1452 ad
1102 1403 1410 1468 profundam
1482 1406 1601 1456 coeli

545 1478 785 1528 mentalis
824 1487 1027 1542 partem
1052 1489 1285 1543 agentes,
1316 1482 1489 1532 divino
1523 1483 1599 1532 lu·

546 1554 682 1606 mine
707 1555 948 1605 ardentes
983 1556 1150 1621 ipsum
1185 1557 1425 1607 veritatis
1462 1573 1604 1608 cam·.

547 1646 690 1694 pum,
713 1633 1085 1697 sapientiaeque
1105 1634 1293 1684 divinae
1322 1636 1600 1687 essentiam

543 1709 760 1771 propius
781 1710 1082 1771 intuentur;
1114 1717 1169 1760 et
1203 1710 1360 1774 ψυχὰς
1381 1711 1601 1775 ἀνθρωπί-

542 1802 645 1845 νας,
679 1788 695 1814 ‘
716 1787 997 1847 liunianas,’
1032 1803 1147 1852 quae
1171 1789 1237 1853 τῇ·
1254 1788 1364 1853 ὕλῃ,
1395 1790 1411 1817 ‘
1438 1797 1601 1840 mate-

547 1862 672 1911 riae'
703 1877 796 1912 seu
834 1864 1043 1926 corpori
1083 1863 1251 1915 affixae
1285 1873 1437 1916 sunt:
1472 1882 1601 1932 quos

545 1937 666 1986 ideo
721 1938 860 1988 Deos
898 1938 1252 1990 medioxumos
1303 1942 1604 2004 indigitavit

548 2013 866 2079 antiquitas:
904 2031 981 2065 eae
1023 2032 1144 2067 vero
1180 2019 1367 2068 animae
1399 2020 1452 2068 iu
1481 2021 1602 2070 reliq

547 2104 652 2153 qua
669 2091 784 2139 coeli
807 2098 956 2155 parte
978 2107 1142 2157 usque
1158 2094 1220 2143 ad
1242 2095 1603 2146 subcoelestem

547 2170 603 2220 et
623 2180 901 2216 concavum
922 2167 1035 2231 ejus
1054 2170 1220 2219 locum
1239 2170 1458 2234 degunt,
1490 2173 1602 2223 imi-

548 2248 724 2294 tantes
765 2243 965 2293 divinas
1015 2244 1228 2310 animas,
1267 2248 1436 2297 minus
1481 2264 1604 2298 vero

545 2333 699 2383 quam
724 2335 798 2369 eae
823 2328 1047 2371 mentem
1070 2321 1319 2386 divinam,
1336 2325 1603 2389 seuipsam

545 2396 705 2450 vitam
732 2397 1105 2463 veritatemque
1129 2401 1462 2466 participant.
1494 2403 1604 2453 Ali·

548 2489 605 2523 as
658 2490 801 2537 vero,
859 2478 874 2505 ‘
897 2478 1050 2526 Vitas
1113 2477 1369 2528 minores'
1433 2486 1606 2543 vocat,

547 2565 736 2615 nempe
771 2553 786 2580 ‘
806 2552 1104 2616 Humanas,'
1119 2569 1233 2619 quae
1253 2570 1354 2605 non
1377 2565 1604 2609 mentem

547 2639 753 2690 semper
776 2629 1113 2692 participant,
1137 2638 1195 2681 ut
1214 2631 1401 2683 divinae
1426 2641 1483 2682 et
1501 2648 1605 2683 coe-

547 2704 725 2767 lenes,
746 2704 836 2754 sed
864 2720 998 2755 nunc
1038 2709 1101 2757 ad
1139 2723 1271 2768 eam,
1295 2711 1606 2775 Deumque,

547 2792 684 2829 nunc
706 2778 773 2829 ad
801 2795 882 2831 res
906 2783 1270 2846 corruptibiles
1292 2795 1605 2838 convertun-

549 2863 652 2905 tur.
719 2857 1018 2911 Auimarum
1058 2862 1193 2910 enim
1238 2863 1427 2925 triplex
1459 2865 1606 2927 ordo,

547 2932 789 2995 Procius,
822 2937 1008 2999 Πρῶτοι
1029 2935 1134 2998 μὲν,
1162 2938 1211 2991 αἱ
1232 2940 1369 2988 θεῖαι.
1400 2938 1607 3004 δεύτεραι

548 3007 622 3072 δὲ,
641 3012 735 3067 τῶν
755 3011 821 3072 μὴ
841 3011 991 3074 θείων,
1028 3014 1076 3062 αἱ
1112 3012 1185 3063 ἀεὶ
1205 3016 1286 3063 νοῦ
1304 3014 1605 3079 μετέχουσαι.

546 3088 697 3152 σρέηιι
717 3086 786 3148 δὲ,
809 3089 857 3137 αἱ
875 3089 992 3139 ποτὲ
1013 3090 1119 3153 μὲν,
1139 3090 1205 3149 ,εἷς
1223 3094 1348 3156 νοῦν,
1382 3093 1503 3144 ποτὲ
1538 3094 1609 3158 δὲ,

547 3163 613 3214 εἰς
642 3163 801 3214 ἄνοιαν
818 3165 1222 3231 μεταβάλλουσα,
1243 3171 1472 3223 ‘Primae
1497 3173 1608 3238 qui·

550 3242 687 3304 dem,
732 3249 852 3291 sunt
883 3245 1112 3297 Divinae.
1179 3248 1436 3298 Secundae
1467 3265 1610 3314 vero,

547 3333 654 3368 non
720 3319 1026 3373 Divinarum
1100 3332 1395 3376 naturarum
1470 3337 1609 3392 suut,

549 3411 668 3460 quae
728 3410 936 3461 semper
994 3402 1230 3452 Mentem
1276 3404 1607 3470 participant.

550 3473 742 3522 Tertiae
780 3488 923 3534 vero,
974 3491 1050 3526 eae
1107 3488 1245 3541 sunt,
1299 3496 1414 3543 quae
1456 3484 1609 3531 modo

552 3552 763 3617 quidem
805 3555 859 3603 in
905 3556 1162 3618 Mentem,
1199 3559 1353 3609 modo
1391 3576 1510 3611 vero
1556 3563 1608 3613 in

552 3631 831 3682 amentiam
873 3635 1185 3695 mutantur3’
1221 3650 1335 3698 quae
1373 3637 1607 3690 humanae

549 3711 699 3757 sant:
737 3721 865 3769 quas
921 3707 1040 3755 ideo
1094 3708 1363 3760 Hierocles
1412 3714 1610 3764 medias

554 3783 637 3831 νοῦ
655 3782 734 3832 καὶ
754 3783 972 3845 ἀλογίας,
1004 3785 1019 3812 ‘
1041 3783 1178 3833 inter
1199 3793 1425 3836 mentem
1450 3796 1506 3838 et
1531 3805 1610 3840 ra·

554 3861 709 3911 tionis
746 3860 1120 3925 privationem’
1169 3863 1431 3924 appellat:
1489 3865 1609 3917 ideo

548 3938 714 3988 ‘vitas
735 3937 992 3988 minores'
1027 3947 1178 3990 vocat
1218 3941 1449 3994 Boetius.
1517 3945 1609 3994 Vi·

552 4023 653 4078 tas,
674 4017 794 4081 quia
817 4016 938 4066 ideo
961 4015 1096 4081 quod
1116 4017 1236 4067 vitae
1262 4026 1400 4082 sunt,
1423 4021 1608 4072 animae

552 4091 692 4152 siut3
727 4091 980 4155 siquidem
1031 4093 1171 4141 Πᾶσα
1206 4094 1354 4158 ψυχὴ,
1393 4094 1471 4144 καὶ
1510 4096 1610 4160 ζωή

552 4169 656 4217 ἐστι
676 4166 755 4217 καὶ
776 4166 891 4230 ζῶν,
922 4169 1134 4219 ‘Omnis
1159 4169 1365 4232 Anima,
1394 4180 1449 4222 et
1485 4175 1611 4224 Vita

551 4252 636 4292 est
659 4251 714 4294 et
736 4243 790 4293 id
814 4244 949 4308 quod
972 4245 1132 4296 vivit.’
1190 4247 1342 4297 Quod
1367 4263 1489 4299 vero
1513 4252 1608 4312 ait,

551 4321 770 4372 ‘Caunis
806 4322 1060 4389 paribus,’
1108 4323 1260 4373 Plato
1294 4312 1506 4391 scripsit
1557 4330 1610 4378 ἐκ

1227 411 1445 461 No'rAE
1493 410 1895 461 vammum
1944 412 2022 460 ΙΝ

1673 557 1761 605 τοῦ
1781 557 1927 607 αὑτοῦ
1955 560 2198 622 κρυ-ἦρος,
2229 571 2295 607 ex
2318 556 2504 607 eodem
2527 562 2721 605 cratere

1675 648 1767 684 seu
1792 644 2219 698 temperamento,
2233 649 2334 699 quo
2351 634 2594 683 caelestes
2609 632 2728 682 Ani·

1674 725 1771 760 mie
1793 727 1884 761 seu
1908 713 2159 764 Mundani
2183 714 2304 773 Dei,
2325 714 2614 762 Daemones
2645 726 2727 760 seu

1675 788 1775 851 ipsi
1797 787 2011 839 heroes:
2049 789 2184 853 quod
2209 788 2443 851 ejusdem
2468 788 2730 851 dignitatis

1674 864 1794 924 sint,
1812 873 1997 929 utpote
2014 880 2126 930 qua·
2143 873 2373 915 mentem
2389 866 2729 929 participent.

1683 941 1853 990 Vallia.

1747 1017 1967 1082 Vitusque
2002 1020 2205 1070 minores
2229 1019 2484 1082 Prouehis]
2514 1017 2733 1068 *Irratio-

1673 1096 1814 1145 nalia
1869 1097 2112 1146 Boetium
2158 1097 2455 1160 intelligere
2500 1097 2737 1146 animalia

1675 1177 1746 1227 D.
1769 1178 1989 1226 Thomas
2020 1178 2300 1228 existimat.
2364 1183 2381 1207 ⁶
2404 1178 2615 1226 Formae
2651 1176 2735 1225 mi-

1675 1267 1827 1314 nores
1841 1253 1858 1276 ’
1875 1255 2025 1304 simili
2042 1254 2308 1303 notatione
2327 1252 2468 1317 apud
2479 1254 2734 1303 Senecam

1676 1330 1728 1379 iu
1751 1331 1964 1394 Hippol.
2010 1346 2087 1380 vs.
2125 1335 2242 1380 298.
2291 1330 2508 1379 ‘Induit
2547 1328 2736 1386 formas

1673 1408 1877 1472 quoties
1911 1408 2133 1457 minores
2169 1407 2291 1470 Ipse
2314 1407 2400 1471 qui
2425 1407 2616 1455 caelum
2652 1420 2737 1455 ne·

1673 1482 1919 1548 bulasque
1942 1483 2086 1532 ducit
2100 1481 2135 1531 θ’
2169 1485 2184 1512 ‘
2210 1483 2415 1531 Tenues
2436 1481 2603 1542 vitae,’
2630 1482 2739 1529 Vir·

1673 1558 1760 1622 gil.
1774 1573 1864 1608 ιν.
1881 1558 2074 1622 Georg.
2094 1558 2110 1585 ‘
2131 1559 2297 1607 Deum
2316 1558 2633 1620 namqueire
2650 1572 2738 1621 per

1675 1649 1852 1685 omnes
1891 1637 2180 1698 Terrasque
2222 1639 2530 1697 tractusque
2565 1634 2741 1696 maris,

1674 1713 1890 1778 caelumq
1898 1727 1962 1762 ue
1977 1728 2028 1775 pn
2038 1710 2313 1762 ofundum:
2333 1711 2474 1783 Hinc
2488 1710 2739 1773 pecudes,

1676 1797 1929 1851 armenta,
1947 1791 2103 1850 viros,
2127 1803 2287 1851 genus
2311 1802 2467 1837 omne
2488 1787 2737 1847 ferarum,

1677 1868 1933 1932 Quenque
1943 1866 2039 1915 sibi
2055 1873 2239 1915 tenues
2252 1875 2559 1915 nascentem
2570 1879 2741 1915 arces-

1676 1957 1790 1993 sere
1812 1941 1978 1992 vitas.'
2045 1942 2147 1992 Sed
2170 1948 2224 1991 et
2244 1942 2400 1991 Silius
2422 1941 2516 1991 lib.
2537 1956 2633 1991 xv.
2652 1942 2739 1990 ho-

1676 2020 1840 2071 mines
1894 2029 2047 2070 vocat
2086 2023 2230 2071 Deos
2264 2021 2505 2077 minores,
2557 2023 2576 2049 ⁴
2600 2021 2744 2069 Mor-

1679 2098 1867 2146 talibus
1909 2096 2001 2147 alti
2036 2099 2299 2149 Quantum
2333 2097 2607 2156 caelicolae,
2629 2104 2743 2146 tan-

1677 2173 1890 2222 tundem
1929 2173 2229 2223 animalibus
2284 2174 2397 2223 isti«
2417 2174 2745 2224 Praecellunt

1678 2249 1899 2311 cunctis,
1948 2248 2135 2298 tribuit
2192 2263 2414 2313 namque
2485 2248 2606 2312 ipsa
2649 2248 2742 2297 mi-

1678 2339 1830 2374 nores
1893 2326 2005 2376 Hos
2063 2325 2217 2375 terris
2285 2326 2491 2375 Natura
2555 2325 2740 2376 Deos.'

1678 2400 1848 2452 sitm.
2732 2435 2745 2450 .-

1718 2477 1944 2529 .Βευίὀαε
1955 2478 2192 2528 sublimeis
2203 2478 2418 2528 curribus
2427 2478 2628 2543 aptans]
2649 2480 2745 2529 Iae-

1679 2554 1825 2605 vibus
1848 2555 2099 2615 curribus,
2131 2556 2230 2604 hoc
2269 2563 2371 2614 est,
2404 2556 2618 2618 corpori
2648 2571 2743 2604 seu

1678 2640 1880 2681 naturae
1904 2632 2107 2682 cuidam
2142 2633 2340 2682 coelesti
2364 2649 2377 2681 ε
2412 2647 2528 2697 quae
2550 2634 2747 2682 anima-

1680 2710 2104 2760 rumvehiculum
2140 2717 2239 2759 est.
2304 2707 2513 2758 Animoe
2552 2709 2675 2758 dum
2702 2725 2745 2758 -a

1679 2786 1794 2835 Deo
1830 2794 2097 2848 creantur,
2145 2786 2222 2836 ait
2259 2786 2521 2847 Plotinus,
2560 2801 2595 2835 a
2627 2786 2742 2836 loco

1678 2862 2037 2926 supercoelesti
2057 2874 2145 2910 seu
2180 2861 2371 2910 mundo
2409 2861 2746 2925 intelligibili,

1680 2940 1767 3004 qui
1795 2940 1942 2991 Jovis
1974 2938 2181 2988 maximi
2206 2953 2296 2987 seu
2321 2938 2520 2987 Mentis
2556 2938 2744 2988 ldealis

1680 3025 1738 3069 et
1786 3017 2054 3067 creatricis
2097 3015 2250 3065 sedes
2312 3021 2411 3076 est,
2447 3014 2748 3079 procedunt

1681 3093 1748 3145 εἰς
1777 3092 1966 3158 οὖρανὸν
2003 3091 2091 3154 μὲν
2120 3095 2320 3156 πρῶτον·
2359 3089 2440 3140 καὶ
2467 3094 2608 3154 σῶμα
2652 3093 2751 3142 ἐκεῖ

1680 3171 2050 3235 προσλαβοῦσαι,
2068 3170 2121 3219 δι’
2156 3170 2298 3218 αὐτοῦ
2329 3169 2419 3228 ἤδη
2439 3171 2651 3234 χωροῦσι
2668 3171 2746 3221 καὶ

1683 3249 1760 3299 ἐπὶ
1779 3247 1843 3297 τὰ
1873 3246 2164 3311 γεωδέστερα
2193 3246 2402 3309 σώματα,
2447 3252 2462 3276 ‘
2489 3249 2659 3311 primo
2692 3250 2745 3300 in

1683 3327 1896 3376 coelumz
1951 3325 2125 3389 ibique
2165 3338 2356 3387 corpus
2400 3324 2757 3389 accipientes,-

1683 3416 1777 3466 per
1798 3402 1965 3465 ipsum
1977 3402 2082 3464 jam
2103 3400 2152 3448 in
2171 3413 2390 3463 corpora
2409 3413 2618 3465 quoque
2640 3417 2742 3462 ma,-

1684 3479 1762 3542 gis
1801 3486 2008 3528 terrena
2038 3475 2316 3526 labuntur.'
2378 3476 2584 3540 Corpus
2617 3477 2743 3527 illud

1684 3570 1776 3607 seu
1801 3554 1945 3617 quasi
1983 3567 2172 3616 corpus
2211 3552 2502 3615 aetherium,
2527 3552 2741 3603 coeleste

1683 3646 1815 3690 esse,
1836 3629 2173 3693 ejusdemque
2192 3643 2305 3677 cum
2330 3628 2484 3676 astris
2506 3629 2740 3681 substan·

1683 3709 1772 3760 tiae
1811 3707 2073 3757 Platonici
2109 3704 2498 3767 existimabant,
2538 3706 2741 3758 anime-

1683 3801 1783 3850 que
1813 3786 1865 3834 in
1889 3784 2136 3835 inferiora
2168 3783 2365 3833 labenti
2401 3783 2739 3848 adhibebant,

1684 3870 1742 3911 ut
1786 3870 1923 3911 esset
1960 3875 2061 3911 non
2104 3860 2269 3908 solum
2313 3858 2453 3923 quod
2491 3860 2741 3910 animaret

1648 3982 1655 3985 ,
1686 3938 1877 3998 anima,
1913 3937 2021 4001 [cui
2045 3949 2250 3998 semper
2285 3935 2469 3988 adesse
2501 3945 2738 3999 oporteat

1683 4029 1871 4078 corpus
1896 4011 2033 4077 quod
2055 4010 2270 4073 animet]
2298 4010 2389 4059 sed
2412 4014 2738 4076 quemadmo-

1684 4090 1804 4139 dum
1830 4089 2033 4150 animoe,
2064 4102 2167 4151 qna
2204 4088 2436 4137 animalis
2469 4098 2576 4152 est,
2593 4092 2736 4155 spiri-

1684 4175 1766 4217 tus
1788 4167 1893 4228 ille,
1913 4166 1999 4230 qui
2024 4170 2106 4213 est
2126 4177 2156 4212 e
2193 4164 2388 4226 puriori
2412 4167 2735 4232 tenuiorique

1683 4242 1945 4306 sanguinis
1960 4241 2263 4302 substantia,
2282 4254 2376 4304 pro
2394 4243 2633 4293 vehiculo
2647 4252 2739 4307 est,

1687 4336 1787 4388 quo
1808 4321 1898 4370 illa
1919 4321 1970 4370 in
1994 4332 2171 4370 omnes
2193 4319 2423 4383 corporis
2441 4332 2621 4386 partes
2640 4320 2730 4372 dis·
