3049 4928
966 400 1061 448 ns
1113 397 1494 447 savanmo
1542 393 1895 446 sommo.
2409 380 2539 450 567

365 545 498 605 Lib.
535 563 657 622 quo
680 541 889 603 trinam
932 540 1227 603 Deitatem
1255 540 1444 599 minus
1469 548 1630 603 recte
1659 538 1797 612 dici,
1828 549 2035 600 contra
2063 539 2543 604 Godeschalcum

365 642 658 721 disputat.
699 641 779 700 T.
808 655 856 700 1.
883 658 942 717 p.
970 637 1113 699 460.
1148 644 1293 710 519.

438 737 743 798 Librum‘
767 755 839 794 an
867 754 1034 794 omne
1066 732 1228 811 quod
1258 742 1369 806 est,
1413 733 1634 792 bonum
1666 731 1758 804 sit,
1803 751 1939 791 cum
1970 750 2087 792 non
2116 699 2234 792 sint
2267 734 2544 795 substan-

362 833 522 893 tialia
554 832 753 904 bona:
780 852 850 890 ex
872 829 1424 890 Hebdomadibus¹
1442 831 1582 902 suis,
1611 829 1883 908 exemplo
1905 829 2205 902 Varronis,
2231 840 2297 891 ut
2321 850 2429 910 par
2453 841 2545 894 est

362 929 628 1001 credere,
659 929 741 988 ita
757 928 1075 1008 inscriptis,
1098 927 1459 1005 excerpsisse
1482 948 1547 988 se
1573 924 1853 987 Boethius
1880 934 2149 988 testatur.

443 1026 702 1086 Gilberti
731 1025 1025 1086 Porretani
1054 1026 1502 1086 commentarios
1547 1024 1605 1084 in
1633 1025 1795 1084 illum
1823 1024 2052 1085 Boethii
2100 1024 2385 1097 libellum,
2423 1025 2541 1086 sive

361 1122 573 1184 Libros
598 1138 692 1182 lv.
722 1122 797 1182 de
824 1111 1132 1194 Trinitate,
1161 1122 1584 1182 condemnatos
1609 1141 1732 1180 esse
1769 1120 1827 1180 in
1857 1120 2124 1180 Concilio
2154 1121 2422 1182 Remensi
2464 1123 2541 1182 ab

361 1218 626 1298 Eugenio
657 1234 769 1278 ιιι.
798 1220 971 1278 Anno
1013 1217 1228 1278 Christi
1264 1226 1438 1279 1148.
1463 1227 1628 1279 notat
1655 1219 1945 1278 Baronius
1970 1216 2045 1277 ad
2074 1218 2235 1278 illum
2276 1223 2539 1280 Annum.

417 1315 690 1395 ,niustria
736 1314 1098 1375 Leibnitzius
1142 1315 1309 1395 praef.
1355 1315 1429 1374 ad
1480 1314 1712 1386 librum,
1743 1334 1915 1392 quem
1964 1314 2151 1374 edidit
2177 1314 2289 1373 sub
2318 1314 2534 1375 titulo:

360 1412 553 1472 Essais
582 1412 654 1471 de
681 1411 1021 1472 Theodicee
1049 1431 1147 1472 sur
1172 1412 1231 1470 la
1259 1410 1436 1470 bonte
1482 1410 1558 1470 de
1604 1411 1776 1481 Dieu,
1824 1412 1879 1469 la
1907 1410 2127 1470 liberte·
2145 1410 2220 1470 de
2246 1409 2537 1482 l'homme,

360 1517 424 1569 et
448 1509 708 1584 l'origine
737 1509 819 1568 du
850 1508 1003 1569 mal:
1049 1507 1142 1585 ‘je
1171 1508 1264 1569 fus
1305 1507 1542 1569 charme
1571 1509 1646 1568 de
1669 1508 1960 1586 l'ouvrage
1988 1505 2064 1567 de
2092 1508 2349 1568 Laurent
2375 1506 2544 1567 Valla

357 1614 565 1665 contre
596 1606 811 1677 Boece,
854 1615 914 1665 et
959 1604 1035 1664 de
1064 1605 1215 1666 celui
1260 1606 1333 1665 de
1377 1605 1602 1667 Luther
1648 1616 1852 1665 contre
1892 1605 2148 1677 Erasme,
2173 1623 2451 1685 ququue
2470 1603 2537 1682 je

359 1700 515 1761 visse
544 1702 676 1761 bien
705 1702 876 1780 qu'ils
904 1703 1136 1762 avoient
1158 1701 1354 1762 besoin
1381 1702 1441 1761 d'
1466 1700 1974 1762 adoucissement!

444 1799 678 1859 Boethii
723 1799 863 1861 fidei
891 1798 1201 1870 confessio,
1243 1799 1363 1857 sive
1420 1798 1607 1857 brevis
1657 1798 1943 1868 institutio
1990 1796 2284 1876 religionis
2338 1796 2544 1856 Chris-

358 1893 555 1966 tianae,
616 1905 934 1956 memorata
988 1895 1211 1975 pridem
1255 1904 1344 1956 est
1391 1894 1720 1954 Trithemio
1767 1895 1882 1954 snb
1932 1894 2022 1955 tit.
2069 1893 2230 1954 Libri
2276 1892 2353 1953 de
2398 1892 2541 1953 fide.

361 1997 380 2022 ⁸
400 1991 608 2063 Hanc,'
633 1992 822 2069 inquit
840 1992 1115 2052 Labbeus
1137 1994 1212 2051 T.
1241 2008 1290 2052 1.
1319 1991 1394 2052 de
1412 1991 1628 2069 Script.
1658 1991 2087 2051 Ecclesiasticis
2114 2009 2178 2069 p.
2204 1988 2345 2052 206.
2375 1997 2394 2024 ‘
2417 1987 2542 2049 edi-

359 2086 505 2146 tioni
534 2090 815 2167 proximae
842 2109 977 2148 cum
1008 2109 1127 2149 non
1154 2090 1267 2148 levi
1293 2090 1519 2167 aliquot
1548 2091 1612 2150 S.
1642 2089 1880 2148 Patrum
1909 2097 1970 2147 et
1992 2086 2542 2148 Ecclesiasticorum

359 2191 739 2244 tractatorum
772 2187 1069 2265 manipulo
1087 2196 1347 2265 paratam
1378 2186 1693 2257 habebam,
1718 2186 1819 2245 sed
1848 2184 2081 2264 gaudeo
2101 2182 2230 2261 jam
2248 2171 2541 2242 Vallinum

359 2281 756 2358 praevenisse!

343 2401 370 2444 χ
443 2375 747 2437 Adversus
778 2378 1088 2455 Eutychen
1116 2388 1173 2438 et
1190 2378 1548 2450 Nestorium,
1569 2379 1644 2439 de
1673 2379 1908 2439 duabus
1937 2379 2156 2439 naturis
2180 2387 2243 2438 et
2272 2396 2384 2436 una
2402 2378 2542 2435 Per·

361 2492 506 2532 sona
549 2474 792 2555 Christi,
833 2475 1006 2534 Liber
1048 2473 1120 2532 ad
1169 2477 1482 2545 Joannem,
1530 2475 1810 2535 Ecclesiae
1853 2477 2133 2535 Romanae
2187 2473 2541 2542 Diaconum,

359 2578 569 2648 postea
593 2570 815 2648 Papam
858 2580 919 2631 et
948 2572 1289 2651 Martyrem,
1316 2575 1632 2646 (memorat
1657 2571 2009 2631 Hincmarus
2032 2570 2107 2628 T.
2140 2586 2190 2629 1.
2217 2588 2350 2649 pag.
2383 2572 2546 2642 521.)

359 2656 721 2745 compositus
766 2666 1077 2726 occasione
1109 2666 1401 2745 Epistolae,
1449 2685 1623 2744 quam
1668 2666 1950 2746 Episcopi
1977 2667 2309 2727 Orientales
2345 2669 2421 2725 A.
2468 2665 2540 2726 C.

362 2771 501 2825 512.
544 2763 897 2841 scripserant
948 2762 1022 2822 ad
1077 2761 1494 2842 Symmachum
1545 2760 1905 2842 Episcopum
1958 2764 2184 2835 Romae,
2234 2763 2310 2822 de
2360 2760 2544 2840 Euty-

360 2858 584 2918 chianis
613 2858 887 2919 motibus.

439 2955 749 3035 Allegatur
787 2964 845 3014 et
887 2954 1116 3013 Boethii
1161 2954 1552 3014 Arithmetica
1599 2956 1677 3016 ab
1723 2954 1987 3016 Honorio
2029 2952 2546 3034 Augustodunensi

360 3050 495 3111 Lib.
526 3069 572 3110 1.
603 3071 737 3130 cap.
769 3052 973 3111 ultimo
1000 3052 1076 3111 de
1106 3052 1484 3130 Philosophia
1527 3052 1747 3113 mundi.
1829 3052 2160 3131 Separatim
2211 3068 2426 3110 excusa
2453 3055 2545 3108 est

359 3167 463 3224 per
492 3148 781 3208 Erardum
811 3147 1060 3207 Ratdolt
1086 3151 1367 3227 Augustae
1405 3157 1578 3209 1488.
1606 3157 1668 3209 4.
1710 3156 1773 3207 et
1798 3166 1934 3206 cum
1971 3146 2390 3207 commentario
2434 3145 2547 3205 Gi-

359 3246 517 3307 rardi
580 3246 741 3319 Rufi,
812 3245 1117 3325 nkysticam
1170 3265 1543 3306 numerorum
1587 3246 2036 3326 explicationem
2093 3246 2544 3325 perstringente,

361 3342 547 3402 Paris.
586 3351 760 3405 1521.
788 3342 893 3402 fol.

442 3439 673 3498 Boethii
712 3438 1115 3499 Arithmeticae
1165 3441 1542 3519 speculativae
1584 3441 2001 3520 compendium
2050 3427 2468 3501 concinnatum'
2510 3462 2548 3501 a

358 3536 492 3595 Jac.
515 3534 705 3594 Fabro
732 3534 953 3613 prodiit
979 3543 1040 3593 et
1065 3535 1252 3594 Paris.
1290 3544 1467 3598 1514.
1509 3535 1614 3596 fol.
1646 3557 1762 3597 una
1789 3557 1924 3596 cum
1953 3537 2081 3597 aliis
2105 3537 2357 3617 scriptis,
2384 3537 2545 3617 apud

361 3631 688 3691 Henricum
721 3631 1082 3709 Stephanum
1108 3651 1307 3694 avum.
1796 3688 1799 3689 a

444 3727 537 3785 De
586 3726 815 3785 Musica
843 3727 1076 3786 Boethii
1104 3727 1308 3787 confer
1352 3730 1447 3790 Jo.
1495 3729 1818 3790 Lelandum
1859 3728 1933 3790 de
1985 3730 2374 3811 scriptoribus
2424 3730 2550 3789 Bri-

361 3832 526 3883 tann.
554 3844 616 3902 p.
647 3831 789 3891 272.

367 4084 378 4089 -
407 4065 430 4092 ¹
450 4069 466 4090 ‘
483 4060 719 4110 Boethius
738 4063 798 4111 de
810 4061 1199 4118 hebdomadibus,
1220 4061 1300 4126 qni
1318 4060 1411 4111 alio
1491 4053 1612 4112 Ηῖεο
1644 4064 1696 4112 in
1720 4060 1949 4129 Catalogo
1987 4064 2221 4112 Mstorurn
2252 4062 2438 4127 Angliae
2487 4065 2546 4116 T.

365 4141 508 4190 modo
535 4140 798 4188 intitulatur
831 4139 894 4189 de
934 4139 1202 4203 paradoxis,
1230 4141 1417 4190 videtur
1496 4155 1535 4187 1.
1557 4155 1607 4202 p.
1629 4143 1711 4190 94.
1733 4155 1783 4192 n.
1798 4144 1944 4190 1900.
1980 4140 2167 4189 Mentio
2184 4139 2350 4188 iterum
2365 4157 2414 4204 p.
2436 4145 2547 4191 104.

361 4217 521 4283 potius
541 4232 642 4265 esse
662 4209 805 4265 Alani
823 4216 882 4264 de
895 4216 1104 4264 maximis
1116 4216 1416 4280 Theologioe.'
1498 4232 1548 4263 n.
1569 4220 1720 4266 2008.
