3049 4928
977 419 1493 471 PHILOSOPHIAE
1542 420 1687 471 mn.
1735 418 1804 468 V.

2355 402 2487 469 395

293 565 622 652 judicium
668 565 1034 653 judicantis
1093 570 1285 631 actus
1334 565 1606 641 existat,
1665 580 1947 628 necesse
2002 567 2106 627 est
2156 568 2235 626 ut
2290 581 2486 626 suam

300 671 582 754 quisque
612 689 882 753 operam
911 688 1048 733 non
1076 689 1166 733 ex
1213 665 1457 746 aliena,
1509 667 1632 733 sed
1686 687 1776 731 ex
1827 665 2100 751 propria
2152 670 2485 750 potestate

300 771 629 855 perficiat.

1281 869 1502 942 Nom:

298 985 525 1051 dificata,
550 989 720 1053 accipi
753 988 916 1039 debet
954 989 1125 1053 potius
1168 1002 1352 1038 secun-

299 1063 413 1113 dum
450 1071 696 1114 naturam
732 1066 807 1115 rei
840 1065 1169 1126 modificatae,
1201 1080 1353 1130 quam

297 1140 576 1190 secundum
594 1148 830 1192 naturam
845 1142 1056 1192 alterius
1073 1143 1229 1192 etiam
1249 1156 1353 1190 mo-

299 1216 576 1268 dificantis.
644 1217 808 1284 Atqui
830 1221 971 1268 notio
1002 1234 1103 1268 non
1121 1233 1269 1269 secus
1292 1234 1354 1268 ac

292 1293 545 1358 judicium
591 1301 676 1344 est
717 1295 897 1345 modus
954 1295 1113 1358 ipsius
1170 1295 1354 1345 mentis

301 1372 658 1433 cognoscentis
680 1378 737 1421 et
749 1372 1054 1436 judicantis.
1122 1373 1191 1421 Et
1209 1378 1357 1421 certe

304 1460 614 1512 quanquam,
634 1448 803 1514 inquit
822 1447 1173 1512 Philosophia,
1193 1447 1357 1498 Stoici

1432 986 1868 1049 existimaverint,
1928 990 2154 1037 mentem
2195 985 2489 1049 humanam,

1431 1064 1559 1113 nihil
1602 1063 1701 1113 nisi
1737 1079 1768 1113 a
1807 1063 2112 1127 corporibus
2149 1060 2492 1127 informatam,

1433 1143 1741 1208 percipere3
1776 1143 1890 1193 haec
1928 1150 2102 1191 tamen
2137 1141 2200 1191 ab
2224 1137 2492 1191 efficaciori

1434 1219 1698 1284 principio
1758 1217 2074 1280 informata,‘
2105 1223 2160 1267 et
2216 1217 2494 1280 insensilia,

1434 1297 1544 1347 sine
1562 1297 1849 1348 ministerio
1872 1310 2166 1361 corporum,
2188 1303 2244 1345 et
2264 1296 2493 1358 sensilia,

1436 1372 1802 1425 famulantibus
1823 1375 1949 1440 ipsis
1970 1373 2290 1440 corporibus,
2323 1372 2493 1438 perci-

1438 1450 1539 1516 pit.

1106 1952 1532 2020 METRUM
1593 1953 1721 2020 IV.

737 2114 1129 2195 QUONDAM
1160 2117 1504 2200 porticus²
1548 2116 1770 2183 attulit

736 2218 1084 2284 Obscuros
1113 2221 1388 2284 nimium
1418 2239 1639 2298 seneS,

735 2321 875 2401 Qui
904 2342 1168 2400 sensuS,
1195 2330 1262 2388 et
1288 2324 1611 2407 imagines
1637 2332 1663 2359 ⁸

738 2424 799 2489 E
828 2427 1212 2512 corporibus
1239 2427 1529 2492 extimis

739 2527 1027 2594 Credant
1049 2529 1381 2595 mentibus
1412 2529 1729 2614 imprimi,
2459 2525 2504 2588 5

370 2694 596 2746 Porticus
638 2694 941 2745 Atheniensis
968 2695 1198 2759 produxit
1229 2695 1344 2745 olim
1377 2695 1688 2759 Philosophus
1715 2692 2017 2753 indoctiores,
2051 2692 2133 2756 qui
2172 2689 2505 2740 existimabant

307 2775 463 2811 sessus
482 2761 784 2824 nationesque
803 2775 981 2824 omnes,
998 2766 1126 2809 ortas
1141 2775 1203 2810 επ
1223 2760 1489 2824 corporibus
1504 2760 1820 2810 exterioribus
1834 2758 2044 2822 imprimi
2063 2757 2321 2807 mentibus.-
2350 2769 2509 2818 quem-

1300 2897 1516 2949 NOTAE

370 2994 666 3059 tPorticus]
722 2994 977 3045 Nimirum
1022 2993 1373 3047 Atheniensis.

311 3072 438 3123 Erat
459 3073 598 3122 enim
635 3069 848 3120 Athenis
869 3070 1103 3137 quaedam
1129 3073 1376 3135 porticus,

312 3148 363 3197 in
385 3164 542 3214 quam
562 3148 795 3198 nonnulli
821 3148 887 3197 ad
923 3148 1278 3199 disserendum
1303 3147 1369 3197 de

314 3238 636 3289 quacumque
672 3224 893 3273 materia
930 3225 1204 3274 convenire
1241 3225 1370 3275 sole-

316 3300 471 3352 bant:
523 3303 605 3350 sic
628 3315 749 3349 suus
781 3300 1013 3363 Cadomi,
1041 3301 1373 3365 Bajocarum,

314 3382 708 3440 ceterarumque
722 3375 971 3424 minorum
990 3376 1190 3425 urbium
1215 3377 1374 3441 locus,

313 3452 367 3502 in
390 3467 544 3517 quem
582 3452 758 3514 plures
790 3450 1129 3501 dicendarum
1168 3453 1373 3502 audien-

317 3528 606 3594 darumque
666 3543 835 3578 rerum
901 3543 1152 3579 novarum
1222 3545 1379 3580 causa

317 3608 596 3658 convenire
640 3615 1035 3656 consueverunt.
1103 3608 1246 3658 Zeno
1291 3623 1377 3658 au-

320 3687 424 3734 tem
463 3683 606 3733 inter
641 3689 847 3732 veteres
883 3682 1223 3748 Philosophos
1244 3686 1378 3735 cele-

318 3758 591 3824 berrimus,
624 3765 810 3809 nactus
855 3759 988 3808 hanc
1042 3760 1383 3825 occasionem,

319 3836 404 3887 hic
426 3836 652 3887 instituit
671 3836 863 3885 docere
886 3835 1292 3901 Philosophiam,
1322 3838 1381 3888 il-

320 3915 523 3980 liusque
555 3913 796 3977 discipuli
833 3912 900 3962 ab
927 3912 1027 3963 isto
1059 3914 1172 3963 loco
1209 3914 1382 3965 vocati

323 3998 444 4041 snut
477 3991 683 4040 Stoici:
729 3988 849 4038 στοὰ
889 3990 1024 4039 enim
1069 3990 1268 4041 Graecis
1298 4000 1381 4042 est

275 4131 283 4139 „
324 4066 576 4130 porticus.
642 4065 753 4115 Hos
774 4066 1104 4131 Philosophia
1136 4083 1272 4118 nunc
1294 4085 1381 4120 vo-

326 4149 412 4193 cat
443 4143 459 4171 ‘
483 4157 634 4192 senes
656 4142 901 4192 obscuros
918 4141 951 4193 :'
1008 4145 1024 4171 ‘
1045 4158 1194 4194 senes
1211 4144 1227 4167 ’
1270 4146 1382 4211 qui-

329 4213 469 4279 dem,
509 4217 643 4282 quod
689 4218 934 4269 virtutem
980 4219 1287 4285 praesertim,
1327 4222 1381 4271 in

333 4309 433 4359 qua
451 4309 554 4345 una
594 4295 749 4345 vitam
791 4293 993 4347 beatam
1033 4296 1224 4347 versari
1248 4297 1381 4350 arbi-

1453 2992 1747 3058 trabantur,
1780 2993 2016 3044 colerent
2048 2991 2212 3041 instar
2245 2987 2515 3053 sapientis·

1453 3070 1701 3120 simorum
1737 3071 1963 3120 Senum:
2017 3068 2033 3096 ‘
2055 3062 2333 3117 obscuros’
2369 3078 2514 3128 vero,

1454 3148 1592 3214 quod
1612 3149 1695 3198 hic
1720 3148 2041 3207 erraverint3
2092 3158 2239 3194 error
2276 3140 2413 3191 euim
2446 3156 2513 3190 ex

1451 3225 1772 3274 obscuritate
1786 3224 2032 3273 nascitur.
2065 3220 2200 3272 Quia
2222 3233 2343 3269 vero
2359 3218 2516 3268 iidem

1455 3301 1615 3351 Stoici
1637 3300 1968 3357 Dialecticae,
2001 3296 2147 3360 cujus
2170 3295 2412 3361 princeps
2434 3308 2519 3344 co-

1455 3396 1566 3430 rum
1592 3382 1737 3430 Zeno
1761 3379 1928 3429 fertur
1963 3392 2076 3428 esse
2110 3377 2365 3439 inventor,
2383 3387 2517 3438 prae-

1457 3458 1611 3521 cipue
1629 3455 1929 3519 studebant,
1946 3453 2141 3504 idcirco
2181 3449 2519 3515 Philosophia

1458 3547 1617 3597 nunc,
1652 3532 1894 3597 exposito
1930 3531 2134 3582 illorum
2175 3542 2368 3590 errore,
2406 3540 2518 3576 eos-

1461 3611 1583 3660 dem
1607 3609 1802 3660 refutat
1825 3605 2142 3672 argumentis
2164 3619 2231 3655 ex
2265 3603 2526 3655 Dialecti-.

1463 3703 1527 3738 ca
1548 3687 1831 3748 desumtis;
1889 3692 1999 3736 tum
2039 3682 2160 3750 quid
2195 3680 2521 3733 sentiendum

1463 3765 1549 3827 sit,
1572 3754 1827 3814 declarat.

1526 3847 1553 3875 ⁸
1575 3841 1674 3897 Qui
1692 3843 1932 3902 sensus,et
1950 3836 2200 3900 imagines,
2221 3833 2328 3899 ξω]
2346 3847 2384 3883 1.
2400 3832 2521 3882 Phi-

1460 3916 1692 3980 losophia
1715 3917 1930 3980 exponit
1952 3926 2179 3963 errorem
2211 3911 2524 3974 Stoicorum,

1462 3992 1551 4056 qui
1588 3992 1640 4040 in
1681 3992 1777 4040 hoc
1809 3995 2064 4047 versatur,
2087 3986 2225 4052 quod
2258 3992 2525 4052 putarent,

1463 4083 1566 4117 non
1583 4068 1734 4118 modo
1752 4082 1951 4129 sensus,
1965 4066 2055 4116 sed
2074 4078 2252 4114 omnes
2267 4064 2525 4125 notiones,

1464 4159 1590 4210 quas
1628 4145 1714 4194 hic
1747 4142 2085 4207 Philosophia
2118 4147 2273 4190 vocat
2309 4139 2524 4202 ‘imagi-

1459 4221 1591 4286 nes,'
1647 4235 1873 4288 quasque
1934 4219 2033 4283 ipsi
2072 4217 2257 4279 Stoici,
2308 4221 2523 4265 auctore

1459 4299 1638 4351 Tullio
1658 4299 1709 4348 in
1731 4299 1859 4362 Top.
1892 4292 2227 4360 appellabant
2252 4290 2427 4343 ἐννοίας
2444 4290 2523 4343 καὶ
