3049 4928
1011 405 1535 458 Pnihosopnfflz
1585 406 1658 456 LI
1669 409 1728 457 B.
1779 408 1827 456 1.

2434 391 2525 460 ⁶79

303 552 644 617 educatus
678 548 1033 630 alimentis,
1063 552 1133 617 in
1155 552 1372 618 virilis
1394 554 1601 620 animi
1631 557 1827 619 robur
1848 573 2162 621 evaseras
2183 556 2215 619 'l
2234 568 2264 603 ⁴
2283 574 2288 575 ⁷
2305 553 2519 641 Atqui

302 656 469 720 talia
496 653 1017 720 contuleramus
1046 654 1275 733 arma‚⁸
1320 675 1476 740 quae
1516 656 1650 723 nisi
1700 657 1925 741 prius³
1973 658 2367 742 abj00isses,
2412 660 2516 722 in-

304 759 487 823 victa
514 761 588 821 te
618 755 935 822 firmitate
966 764 1330 822 tuerentur.

1419 758 1842 841 Agnoscisne
1869 760 2025 823 me?
2070 758 2253 837 Quid
2275 768 2464 826 taces
2480 763 2514 824 Ἰ

306 859 590 942 pudore,
647 878 735 922 an
781 866 1062 943 stupore
1110 860 1409 924 siluisti?
1474 859 1747 924 mallem
1793 861 2087 944 pudore;
2153 863 2273 926 sed
2306 869 2396 941 te,
2441 869 2518 929 ut

306 961 526 1039 video,
558 968 801 1045 stupor
831 962 1195 1045 oppressit.

1283 960 1589 1046 Cumque
1637 983 1743 1027 me
1787 983 1919 1033 non
1963 964 2162 1029 modo
2210 966 2514 1045 tacitum,

304 1063 415 1127 sed
447 1063 779 1145 elinguem
810 1082 1085 1149 prorsus
1143 1070 1533 1147 mutumque
1573 1064 1881 1144 vidisset,
1927 1066 2229 1132 admovit
2258 1069 2512 1150 pectori

304 1185 450 1230 meo
479 1165 729 1230 leniter
759 1175 1077 1246 manum,e
1099 1171 1187 1244 et,
1223 1165 1436 1244 Nihil,
1468 1168 1706 1250 inquit,
1726 1169 2014 1253 periculi
2046 1175 2189 1235 est:
2210 1166 2234 1208 f
2267 1171 2513 1236 lethar-

365 1388 391 1413 ·
422 1381 561 1432 Puer
578 1382 786 1446 primum
796 1398 819 1442 ,·
850 1383 1018 1435 deiude
1038 1386 1339 1447 adolescm3
1365 1391 1532 1451 postea
1551 1348 1629 1437 {ir
1643 1387 1973 1452 Philosophus.
2039 1353 2061 1421 ὃ
2094 1388 2202 1439 Tibi
2221 1391 2514 1440 &deramu;

1230 1530 1595 1561 ”W

300 1620 380 1673 isse
400 1638 454 1673 es
474 1622 602 1677 edd.
626 1624 939 1676 eaedem—8
975 1627 1170 1678 Omnes
1192 1628 1418 1692 codices,
1443 1636 1667 1701 excepto
1691 1630 2009 1694 Florentino,
2038 1631 2294 1696 Prion—4
2331 1632 2518 1694 Cogno·

1258 1798 1268 1807 ‘
1313 1789 1535 1842 NOTAE

302 1899 617 1950 Christianae
646 1900 768 1953 vitae
793 1902 1032 1965 periodos
1054 1901 1374 1967 describens,

295 1988 341 2025 1.
369 1975 495 2025 Cor.
520 1980 572 2026 3.
597 1977 702 2027 ait:
737 1980 753 2005 6
776 1979 1041 2044 Tanquam
1066 1979 1296 2043 parvulis
1319 1980 1372 2031 iu

302 2051 514 2102 Christo
554 2054 635 2104 lac
687 2055 835 2105 vobis
879 2064 1059 2119 potum
1098 2055 1236 2117 dedi,
1267 2069 1370 2109 non

300 2142 509 2178 escam:
545 2129 777 2180 nondum
811 2133 949 2183 euim
975 2132 1231 2196 poteratis
1250 2130 1283 2187 ;'
1315 2138 1372 2182 ct

298 2202 473 2254 Hebr.
514 2220 572 2254 v.
605 2207 621 2235 6
660 2204 972 2272 facti-estis,
1005 2209 1192 2273 quibus
1233 2209 1369 2258 lacte

301 2297 434 2348 opus
481 2285 567 2345 sit,
588 2300 687 2335 non
729 2287 895 2336 solido
934 2288 1049 2337 cibo
1067 2287 1102 2337 :’
1133 2286 1199 2340 ad
1232 2286 1369 2352 quod

299 2360 592 2422 respiciens
634 2361 691 2413 S.
729 2362 921 2412 Petrus
969 2364 1068 2426 Ep.
1102 2377 1141 2414 1.
1176 2377 1292 2427 cap,
1317 2367 1368 2417 2.

296 2435 315 2462 6
338 2432 493 2486 Sicut
516 2436 671 2488 modo
698 2438 860 2502 geniti
893 2436 1155 2498 intantesss
1186 2437 1373 2503 inquit,

300 2515 316 2543 ‘
342 2515 659 2565 rationabile
680 2517 790 2565 siue
826 2515 946 2573 dolo
979 2517 1062 2565 lac
1098 2515 1370 2589 copcupis÷

299 2591 428 2656 cite,
465 2600 525 2642 ut
559 2593 614 2646 in
649 2608 712 2644 eo
735 2595 984 2645 crescatis
1022 2595 1075 2643 in
1112 2592 1372 2644 salutem!

298 2668 407 2722 Lae
449 2677 629 2720 autem
673 2669 1040 2735 Philosophiae,
1075 2677 1196 2721 sunt
1233 2671 1371 2736 prin·

298 2744 459 2810 cipia,
491 2761 608 2811 quae
647 2747 760 2796 sola
789 2747 944 2796 animi
975 2747 1265 2797 attentione
1295 2748 1371 2795 in-

294 2828 613 2886 notescunt3
636 2822 779 2874 cibus
803 2831 977 2873 autem
1002 2824 1229 2886 gravior,
1251 2828 1373 2878 sunt

299 2898 681 2961 conclusiones,
712 2913 826 2964 quae
850 2915 915 2949 ex
945 2899 1198 2965 ejusmodi
1227 2901 1372 2964 prin·

298 2973 455 3037 cipiis
474 2974 660 3037 majori
696 2974 919 3038 quodam
943 2975 1123 3025 labore
1147 2973 1373 3028 inferun-

304 3056 410 3102 tur.
462 3050 675 3100 Deinde
694 3051 873 3101 eadem
894 3051 1229 3116 Philosophia
1245 3052 1376 3101 Bois-

299 3126 462 3176 thium
505 3126 799 3190 interrogat
842 3127 909 3177 de
954 3131 1198 3193 praesenti
1234 3137 1372 3179 statu

298 3203 436 3253 illins
457 3205 665 3265 mentis,
700 3220 816 3269 quae
839 3219 942 3255 non
965 3206 1035 3255 ob
1074 3208 1228 3262 aliam
1250 3221 1367 3256 cau-

301 3295 409 3331 sam
435 3280 635 3330 dicitur
661 3281 930 3341 cecidisse,
967 3282 1367 3346 perturbationi-

300 3357 397 3412 bus
439 3357 598 3415 victa,
631 3372 784 3422 quam
828 3358 963 3422 quod
996 3360 1013 3392 ‘
1037 3358 1257 3422 abjectis
1289 3372 1369 3407 arv

301 3434 398 3484 mis
439 3433 863 3498 Philosophicis,’
893 3435 972 3483 his
1010 3436 1237 3485 noluerit
1275 3435 1368 3485 uti.

298 3508 314 3546 6
352 3509 543 3559 Arma’
575 3516 750 3560 autem
798 3511 889 3560 illa
932 3517 1056 3562 sunt
1099 3517 1372 3576 praecepta

301 3584 689 3649 Philosophica.
720 3586 827 3638 Sed
847 3586 1193 3650 Philosophiae
1211 3588 1371 3637 inter-

303 3664 514 3726 roganti
542 3678 641 3713 non
663 3664 948 3727 respondet
969 3664 1245 3727 Boethius,
1266 3679 1373 3716 non

299 3739 315 3774 6
341 3737 570 3802 pudore’
608 3739 839 3804 quidem,
871 3741 961 3805 qui
985 3747 1124 3791 teste
1147 3741 1371 3791 Horatio

305 3814 583 3880 aliquando
617 3817 631 3846 ‘
657 3814 829 3866 infans
861 3818 1106 3881 prohibet
1144 3816 1372 3882 profari,’

303 3892 393 3942 ted
426 3894 444 3921 6
461 3891 714 3956 stupore,'
734 3893 823 3958 qui
846 3893 982 3958 quod
1003 3893 1072 3946 sit
1095 3893 1256 3948 veluti
1279 3894 1371 3943 du-

303 3967 448 4018 rities
491 3969 700 4032 mentis,
745 3984 863 4034 quae
909 3970 1067 4020 etiam
1110 3970 1373 4022 solicitata

307 4057 405 4094 non
449 4045 635 4107 sentit,
667 4052 949 4109 propterea
997 4051 1055 4096 et
1098 4046 1372 4109 cogitatio-

303 4133 423 4170 nem
443 4120 865 4183 etlocutiouem,
902 4121 1235 4185 cogitationis
1274 4121 1373 4186 sig·

304 4205 447 4258 num,
484 4195 739 4259 impedite
772 4196 892 4248 hinc
932 4196 1182 4250 Boethius
1214 4197 1231 4225 ‘
1261 4205 1371 4254 stu·

307 4283 435 4337 pare
476 4275 786 4337 oppressu?
828 4271 1023 4329 dicitur
1072 4286 1175 4328 nou
1219 4271 1372 4332 modo

1456 1905 1473 1937 ‘
1514 1904 1728 1966 tacitus,
1778 1905 1871 1955 sed
1914 1905 2135 1969 elinguis
2180 1920 2412 1970 prorsus,
2461 1910 2520 1965 et

1454 1988 1628 2030 mutus
1647 1980 1679 2042 ς’
1712 1982 1860 2045 quasi
1897 1983 1912 2008 ‘
1937 1981 2155 2031 tacitus'
2195 1982 2521 2045 intelligatur
2627 1992 2632 1995 ’

1453 2057 1537 2120 qui
1561 2056 1784 2121 linguam
1803 2058 1994 2107 habens
2011 2058 2187 2121 lingua
2203 2073 2305 2111 non
2324 2060 2487 2109 utitur
2502 2076 2520 2121 ς

1452 2133 1467 2160 6
1489 2132 1746 2196 elinguis,'
1778 2133 1867 2199 qui
1903 2134 2076 2196 lingua
2109 2141 2294 2197 captus
2334 2135 2517 2193 saltem

1452 2208 1710 2261 balbutire
1726 2215 1924 2273 potest3
1941 2215 1955 2238 6
1968 2209 2155 2259 mutus'
2172 2211 2416 2274 denique,
2431 2212 2519 2275 qui

1452 2285 1746 2336 nullatenus
1771 2293 1944 2349 potest
1967 2286 2129 2351 loqui.
2197 2287 2280 2336 Sic
2317 2288 2517 2339 Tullius

1452 2359 1586 2409 dixit
1619 2361 1635 2387 6
1659 2369 1858 2410 mutum
1879 2360 2086 2423 forum,'
2110 2363 2125 2389 ‘
2152 2363 2406 2425 elinguem
2430 2378 2519 2413 cu·-

1452 2436 1615 2499 riam,'
1675 2446 1733 2490 et
1769 2439 1784 2464 ‘
1808 2440 2019 2489 tacitam
2063 2438 2366 2490 civitatem!
2431 2442 2520 2492 De

1450 2518 1660 2576 stupore
1699 2514 1898 2563 locutus
1932 2513 2184 2577 Virgilius
2207 2515 2401 2578 Georg.
2427 2531 2518 2569 ιιι.

1452 2603 1529 2642 vs.
1546 2593 1662 2638 520.
1682 2590 1824 2639 canit
1844 2588 1909 2650 ἀρ
1925 2590 2103 2652 tauris,
2135 2591 2150 2616 6
2176 2591 2294 2639 Non
2320 2593 2517 2644 umbra

1451 2665 1674 2714 altorum
1724 2679 2010 2727 nemorum,
2043 2679 2143 2713 non
2188 2667 2364 2716 mollia
2405 2681 2519 2732 pos-

1450 2747 1572 2789 sunt
1596 2740 1759 2790 Prata
1783 2755 1991 2789 movere
2018 2742 2260 2804 animum,
2281 2758 2404 2805 non,
2427 2746 2518 2808 qui

1452 2832 1549 2882 per
1571 2832 1694 2867 saxa
1718 2817 1921 2866 volutus
1948 2817 2137 2865 Purior
2159 2818 2357 2867 electro
2380 2833 2519 2869 cam·

1456 2907 1579 2956 pum
1604 2892 1738 2957 petit
1777 2891 1973 2944 amnis:
2012 2899 2068 2941 at
2100 2892 2203 2942 ima
2235 2893 2521 2956 Solvuntur

1453 2970 1644 3032 latera,
1678 2975 1837 3033 atque
1859 2968 2037 3018 oculos
2060 2975 2245 3032 stupor
2268 2977 2421 3033 urget
2441 2971 2518 3023 in·

1454 3045 1628 3102 ertes‚’

1521 3130 1544 3157 θ
1565 3124 1790 3175 Admovit
1808 3124 1989 3186 pectori
2005 3137 2103 3172 meo
2120 3122 2290 3173 leniter
2306 3123 2520 3189 monum]

1449 3215 1539 3256 111.
1554 3201 1892 3264 Philosophia
1905 3200 2125 3250 Boethio
2147 3199 2388 3250 admovet
2411 3216 2518 3254 mar

1450 3291 1593 3339 num,
1625 3286 1685 3328 ut
1719 3278 2013 3327 evidentius
2050 3277 2307 3342 percipiat
2350 3278 2520 3332 morbi

1452 3355 1591 3404 illius
1631 3369 1856 3405 cansam.
1921 3356 2070 3405 Sicut
2091 3361 2261 3404 autem
2298 3354 2516 3420 Medici,

1451 3432 1661 3495 cognito
1680 3431 2064 3494 con-demonem
2089 3433 2171 3480 vel
2195 3432 2378 3480 malam
2402 3445 2521 3481 cor·

1453 3508 1592 3573 poris
1624 3508 1976 3558 valetudinem
2008 3513 2348 3572 cognoscunt,
2379 3506 2521 3571 quod

1452 3586 1624 3635 cordis
1665 3592 1835 3635 motus
1881 3599 2037 3634 causa
2081 3584 2150 3636 sit
2207 3584 2520 3648 reliquarum

1453 3662 1690 3726 corporis
1730 3660 2060 3731 affectionum
2082 3677 2098 3721 ς
2156 3661 2230 3713 ita
2287 3660 2521 3711 Philoso-

1454 3739 1593 3802 phia,
1626 3739 1837 3801 cognita
1858 3738 2076 3788 hominis
2098 3738 2382 3800 voluntate,
2407 3752 2520 3793 rec.

1453 3820 1560 3863 tam
1584 3821 1675 3868 aut
1701 3828 1914 3878 pravam
1938 3812 2124 3862 mentis
2148 3811 2520 3876 cogitationem

1454 3890 1698 3954 percipit,
1731 3889 1868 3953 quod
1890 3890 2128 3938 voluntas
2154 3903 2312 3939 causa
2339 3889 2408 3939 sit
2436 3904 2521 3939 re-

1453 3969 1709 4033 liquarum
1734 3968 2130 4031 cogitationum,
2162 3972 2266 4016 tam
2287 3964 2517 4015 laudubi-

1453 4045 1598 4105 lium,
1617 4058 1769 4108 quam
1793 4042 2228 4107 vituperabilium,
2244 4042 2319 4092 ita
2337 4049 2397 4092 ut
2414 4057 2518 4102 non

1453 4127 1578 4171 ante
1600 4120 1657 4169 in
1678 4133 1905 4169 errorem
1930 4125 2019 4170 aut
2058 4119 2237 4169 vitium
2258 4118 2365 4172 labi
2399 4132 2522 4181 pos-

1451 4196 1631 4258 simus,
1665 4211 1816 4261 quam
1856 4195 2201 4248 voluerimus:
2237 4198 2521 4257 propterea

1452 4272 1787 4337 Philosophia
1828 4287 1968 4330 nunc
2009 4274 2024 4300 ‘
2045 4285 2250 4326 manum
2265 4268 2279 4290 ’
2325 4269 2520 4328 dicitur
