3049 4928
585 403 889 452 BOETHn
942 404 1038 452 DE
1086 401 1393 451 CONSUL.

375 547 466 598 Uti
502 549 713 599 currenti
753 547 808 597 s‘a
844 547 1020 612 stadio]
1072 545 1368 598 cassiodor·-

299 625 436 675 libro
479 636 666 676 octavo
702 625 1011 674 variarum:
1056 625 1369 675 ‘certantes

300 702 355 750 in
396 701 569 752 stadio
604 703 924 751 numerosior
956 715 1147 752 corona
1181 699 1368 765 glorifi-

301 788 391 829 cat
409 795 426 828 2
462 778 769 842 Olympicus
790 794 970 829 currus
991 777 1236 843 frequens
1260 778 1368 842 pal·

299 870 387 906 ma
403 856 681 907 nobilitat:
718 858 793 907 sic
815 858 896 906 vel
917 857 969 907 in
987 857 1264 906 levioribus
1288 871 1366 906 ree-

298 931 398 982 bus
422 932 690 996 gloriosior
705 931 947 994 efficitur,
966 934 1050 982 cui
1065 932 1368 998 frequenter

298 1007 517 1073 premia
532 1007 868 1061 referuntur?
903 1009 1075 1060 Sitsm.

366 1085 495 1134 Cum
509 1085 664 1150 ipsum
693 1085 866 1136 bonum
889 1085 1129 1136 beatitudo
1147 1085 1237 1148 sit]
1255 1087 1365 1137 Sal-

297 1162 439 1213 viau.
463 1162 531 1213 de
564 1163 871 1227 quibusdam
905 1163 1364 1227 Graecis,Sapien-

296 1238 391 1292 tiae
415 1238 782 1301 sectatoribus,
819 1239 953 1290 libro
976 1239 1143 1305 primo
1168 1240 1234 1290 de
1256 1240 1366 1290 Gu-

297 1316 610 1366 bernatione
656 1317 798 1367 Dei:
854 1318 870 1346 ‘
887 1316 1141 1366 Tantam’
1193 1316 1365 1381 inquit

295 1392 313 1419 ‘
334 1392 561 1442 Virtutis
583 1393 688 1443 vim
712 1407 827 1444 esse
849 1395 1145 1457 voluerunt,
1178 1401 1238 1444 ut
1260 1410 1363 1444 non

294 1468 465 1533 possit
506 1483 621 1518 esse
666 1484 892 1535 uuquam
934 1471 1015 1521 vir
1056 1471 1219 1520 bonus
1263 1486 1363 1521 uon

295 1544 516 1598 beatus?
551 1548 702 1598 Idem.
871 1581 874 1584 >

366 1622 509 1673 Siout
532 1624 695 1688 probis
710 1624 924 1688 probitas
949 1626 1058 1690 ipsa
1075 1627 1147 1692 fit
1172 1627 1365 1690 premi·

297 1714 398 1762 um,
423 1701 508 1749 ita
549 1700 775 1765 improbis
809 1703 1021 1765 nequitia
1052 1703 1156 1766 ipsa
1192 1703 1366 1767 suppli-

296 1777 447 1841 cium]
472 1777 696 1828 Gemina
712 1778 970 1828 sententia
984 1779 1124 1843 apud
1142 1779 1368 1830 Ambro-

298 1856 432 1904 sium
468 1853 627 1906 Offic.
648 1856 739 1907 lib.
765 1869 810 1908 1.
839 1858 856 1885 ‘
875 1857 1017 1922 Ergo
1042 1858 1229 1921 impius
1253 1861 1364 1924 ipse

294 1932 395 1982 sibi
421 1946 576 1995 poena
596 1940 698 1996 est,
714 1933 890 1996 justus
912 1941 1088 1985 autem
1123 1937 1238 2000 ipse
1267 1937 1364 1987 sibi

294 2009 483 2074 gratia.
552 2011 627 2060 Ut
648 2011 855 2076 utrique
872 2019 962 2062 aut
984 2011 1259 2075 bonorum,
1275 2021 1367 2065 aut

296 2086 550 2136 malorum
598 2101 816 2152 operum
855 2103 1055 2139 merces
1086 2104 1154 2140 ex
1188 2092 1362 2156 seipso

293 2162 549 2214 solvitur!
581 2164 815 2216 Rev-nare.

360 2240 537 2290 Evenit
550 2240 723 2305 igitur,
732 2248 789 2292 ue
802 2258 939 2306 quem
955 2244 1363 2310 marineium]

294 2316 551 2367 Homines
587 2332 683 2381 pro
716 2319 1053 2382 qualitatibus
1086 2336 1284 2370 morum
1307 2328 1363 2372 et

292 2393 619 2458 ingeniorum
643 2400 701 2443 et
723 2393 1023 2445 adfectuum
1051 2396 1234 2447 bestiis
1268 2398 1360 2447 ad·

292 2479 583 2537 aequantur.
632 2472 786 2522 ‘Vide
821 2471 1116 2537 Prolegom.
1158 2475 1213 2524 in
1248 2475 1359 2538 Op-

292 2549 435 2616 pian.
468 2551 693 2602 Conrad.
717 2551 968 2602 Rittersb.
993 2562 1049 2603 et
1071 2554 1241 2605 Notas
1266 2556 1358 2605 Ni·

291 2629 430 2678 colai
463 2629 676 2692 Rigaltii
696 2630 761 2679 ad
789 2630 1018 2682 Prooem.
1041 2630 1172 2682 Fab.
1208 2631 1357 2681 1²11ae-

290 2705 398 2767 dri,
413 2705 550 2755 libro
574 2706 757 2769 primo.
790 2706 962 2756 δέεται.

363 2781 530 2832 Ferox
546 2786 687 2845 atque
702 2782 939 2846 &quietus
960 2784 1361 2848 lingumliir'giis

291 2856 520 2910 exerces?
566 2859 674 2908 cani
714 2859 1066 2923 comparabilis]
1113 2861 1233 2910 Non
1268 2862 1358 2911 im-

292 2935 462 3000 proba
490 2936 619 2999 haec,
656 2937 747 2986 sed
788 2953 853 2987 an
893 2938 1130 2988 sincera?
1167 2949 1361 3003 negant

292 3013 428 3063 Mss-
485 3013 573 3077 qui
629 3020 946 3077 suggeruntz
984 3020 1129 3078 utque
1178 3016 1362 3080 inquies

291 3090 511 3153 Επῃιωπ
532 3089 712 3153 litigiis
729 3088 959 3143 exercet?
990 3093 1098 3142 caui
1123 3107 1361 3156 comparo-

290 3167 383 3217 bis.
451 3168 685 3217 Plinius:
742 3170 758 3196 ‘
784 3169 852 3218 Ni
906 3171 1104 3219 animus
1156 3170 1360 3235 inquies

293 3250 606 3307 pasceretur
620 3245 820 3306 opere.’
884 3244 1157 3296 Sallustius
1175 3264 1188 3296 ε
1211 3248 1229 3274 ‘
1248 3248 1358 3297 Hu-

290 3334 499 3370 manum
522 3335 687 3384 genus
715 3320 914 3386 inquies
949 3328 1109 3387 atque
1139 3322 1358 3373 indomi-

293 3395 448 3445 tum.’
479 3396 718 3445 Ber-wart.

360 3471 524 3521 Ferox
539 3477 682 3534 atque
702 3471 962 3536 inquietus]
994 3473 1127 3524 Mss.
1150 3481 1206 3525 et
1229 3473 1355 3525 edit.

271 3546 533 3612 ‚Norimb.
573 3562 690 3597 cum
734 3549 965 3600 Floreut.
1012 3550 1174 3600 Ferox
1216 3557 1359 3616 utque

288 3624 505 3688 inquies.-
538 3625 847 3690 quoelectio
881 3641 981 3675 non
1014 3628 1355 3692 repudianda.

289 3701 509 3751 Tacitus
541 3715 582 3750 1.
616 3699 807 3751 Annal.
844 3703 860 3730 6
882 3703 1042 3752 Haud
1080 3705 1244 3754 minus
1281 3706 1356 3754 in-

290 3777 441 3842 quies
482 3776 774 3827 Germanus
823 3793 935 3842 spe,
991 3779 1254 3844 cupidine,
1303 3786 1359 3831 et

290 3854 516 3904 diversis
566 3854 754 3905 ducum
809 3857 1080 3907 sententiis
1129 3857 1357 3922 agebat!

289 3930 469 3983 δέω».

358 4007 610 4070 Linguam·
650 4008 832 4071 litigiis
865 4009 1077 4072 exercet]
1132 4010 1358 4060 Rabulas

287 4083 549 4149 litigiosos
585 4083 823 4147 denotat,
861 4087 953 4144 qui
994 4086 1213 4136 miseros
1245 4101 1360 4136 reos

289 4168 476 4224 empta
526 4161 843 4210 accusabant
882 4162 968 4210 vel
1009 4161 1364 4213 defendebant

290 4235 490 4300 lingua,
510 4236 576 4285 de
600 4236 786 4301 quibus
805 4244 930 4300 post
947 4236 1205 4288 Ammiau.
1221 4239 1364 4288 Mar·

291 4312 416 4363 cell.
435 4312 474 4362 l.
497 4324 634 4362 xxx.
648 4311 705 4362 J.
723 4312 962 4376 Cujacius
979 4326 1058 4366 ιν.
1079 4313 1362 4365 observat.

423 4392 608 4457 velpe».
628 4397 678 4444 et
702 4393 817 4445 Vur.
836 4394 964 4444 Clas.

1305 4395 1483 4447 Bo'e'lli.

1444 401 1884 451 enmosorn.
1936 406 2079 454 mn.
2125 407 2226 455 ιν.
2371 393 2504 459 529

1444 546 1540 598 ult.
1563 545 1799 596 Andreas
1834 547 2158 612 Tiraquellus
2192 551 2273 601 Be
2305 553 2505 605 Nobili·

1443 630 1575 685 tate,
1595 636 1710 686 cap.
1729 628 1812 675 29.
1878 625 1929 676 J.
1964 627 2114 676 Dusa
2149 626 2285 678 filius
2320 630 2373 678 in
2409 643 2503 681 suo

1442 700 1511 749 ad
1536 699 1753 751 Petron.
1793 701 2039 766 spicileg.
2078 705 2165 756 Fr.
2194 705 2410 757 Juretus
2435 709 2502 758 ad

1439 775 1734 839 Symmacb.
1757 776 1851 828 lib.
1871 791 1958 828 ιιι.
1994 779 2067 830 Η.
2086 781 2301 833 Grotius
2320 785 2371 832 in
2394 786 2502 835 No-

1443 853 1511 902 tis
1549 851 1615 901 ad
1662 853 1905 903 Martian.
1960 855 2160 917 Capell.
2195 859 2249 910 J.
2295 861 2504 924 Lipsius

1441 929 1537 980 lib.
1557 943 1620 979 11.
1642 930 1811 981 Elect.
1828 946 1944 995 cap.
1961 936 2009 984 3.
2047 934 2168 985 Huc
2184 935 2322 987 refer
2344 939 2503 990 verba

1440 1006 1565 1057 Seu.
1588 1020 1655 1056 ex
1682 1007 1843 1060 Herc.
1860 1009 1983 1058 Fur.
2008 1025 2085 1062 vs.
2113 1015 2225 1061 172.
2265 1023 2320 1063 et
2356 1029 2502 1081 seqq.

1439 1081 1579 1132 Item
1603 1082 1985 1150 Aristophanis,
2008 1102 2075 1137 ex
2099 1090 2280 1154 Equit.
2302 1091 2428 1143 Act.
2449 1098 2501 1144 5.

1438 1158 1595 1210 Scen.
1614 1164 1665 1211 2.
1730 1162 1800 1210 Et
1838 1162 2139 1215 Columellas
2165 1166 2385 1217 Praefat.
2409 1168 2501 1219 lib.

1438 1248 1480 1286 1.
1517 1237 1670 1288 Idem.

1437 1357 1444 1360 ,
1505 1312 1780 1378 formidat]
1813 1313 2070 1380 Apposite
2094 1318 2259 1368 utitur
2273 1319 2370 1369 hoc
2391 1335 2504 1370 ver·

1439 1389 1527 1440 bo.
1594 1391 1807 1441 Lineam
1833 1394 2149 1443 venatoriam
2184 1396 2341 1446 variis
2376 1410 2503 1461 pen-

1438 1467 1519 1515 nis
1540 1476 1851 1531 consertam,
1870 1469 2164 1521 Venator-es
2183 1473 2393 1537 proprio
2416 1477 2503 1524 vo-'

1439 1543 1629 1595 cabulo
1668 1545 1858 1595 Graece
1887 1544 2119 1611 μήρινθον,
2156 1549 2342 1599 Latine
2366 1553 2381 1578 6
2398 1550 2501 1601 for·

1439 1620 1685 1672 midiuem
1704 1621 1720 1644 ’
1767 1622 1834 1671 ab
1877 1624 1991 1687 ipso
2035 1622 2227 1675 effectu
2271 1628 2503 1691 appella-

1440 1697 1589 1761 bant,
1625 1698 1774 1762 cujus
1815 1701 2002 1751 crebra
2037 1703 2335 1752 auctoribus
2358 1718 2503 1752 men-

1441 1776 1534 1826 tio.
1601 1777 1838 1827 Veuuste
1861 1786 2035 1829 autem
2068 1789 2280 1830 noster:
2307 1784 2322 1809 ‘
2344 1781 2500 1830 Pavi-

1439 1852 1537 1902 dus
1561 1867 1623 1903 ac
1660 1851 1822 1917 fugax
1860 1869 1964 1904 non
2000 1857 2286 1906 metuenda
2320 1856 2502 1906 formi-

1439 1929 1568 1980 dat.’
1586 1930 1750 1980 lineas
1782 1932 1922 1982 enim
1943 1934 2230 1998 pinnasque
2251 1934 2366 1983 illas
2387 1949 2503 1984 esse

1438 2006 1575 2056 κενὸν
1615 2006 1766 2071 φόβον
1807 2010 1918 2075 quis
1960 2010 2207 2073 ignorat?
2257 2011 2394 2061 Vide
2439 2012 2500 2062 C.

1438 2085 1696 2136 Rittersh.
1723 2087 2070 2139 commentat.
2094 2089 2145 2137 in
2184 2087 2414 2154 Oppiuu.
2438 2089 2502 2138 li·

1438 2163 1533 2213 bro
1558 2171 1746 2228 quarto
1781 2166 2038 2230 cyneget.
2065 2180 2145 2215 vs.
2167 2169 2286 2215 887.
2306 2172 2363 2215 et
2383 2180 2501 2215 eru·

1435 2238 1607 2291 ditiss.
1651 2240 1747 2290 viri
1789 2242 1959 2292 Issaei
2002 2242 2295 2292 casauboni
2342 2243 2397 2291 iu
2444 2243 2501 2293 L.

1434 2315 1649 2380 Apuleii
1668 2317 1886 2382 Apolog.
1922 2319 2172 2383 castigat.
2192 2333 2413 2384 queque
2436 2319 2502 2368 ab

1429 2392 1511 2442 bis
1537 2395 1698 2443 allata
1733 2396 1925 2459 repetit
1961 2397 2049 2445 Fr.
2089 2397 2263 2448 Juret.
2300 2396 2352 2444 in
2373 2397 2499 2445 Mis·

1433 2471 1550 2520 cell.
1587 2471 1652 2520 ad
1687 2471 1978 2536 symmach.
2008 2474 2102 2523 lib.
2142 2488 2182 2522 1.
2223 2474 2394 2537 Epist.
2417 2477 2501 2523 47.

1431 2547 1586 2598 Idem.
2278 2572 2281 2573 ⁷

1499 2625 1671 2675 Cernis
1691 2626 1862 2674 similis
1882 2625 2132 2691 habeatur]
2153 2625 2497 2676 Notissimum

1432 2701 1562 2751 nihil
1605 2703 1775 2751 cervis
1815 2703 1988 2753 vivere
2031 2703 2276 2754 timidius.
2343 2702 2496 2752 Quod

1435 2792 1560 2827 vero
1601 2779 1672 2827 D.
1719 2778 1970 2828 Rittersb'.
2015 2780 2066 2827 in
2109 2779 2400 2829 comment.
2432 2779 2499 2826 ad

1437 2853 1670 2916 Oppian.
1705 2852 1795 2903 lib.
1836 2867 1898 2902 ιι.
1936 2856 2129 2918 Cyneg.
2172 2868 2244 2903 vs.
2288 2857 2397 2904 182.
2431 2867 2498 2903 ex

1435 2929 1662 2981 Aristot.
1707 2932 2030 2997 Virgilioque
2068 2938 2245 2981 monet
2280 2933 2377 2982 hoc
2414 2946 2500 2981 ve·

1433 3022 1548 3057 rum
1587 3023 1704 3058 esse
1744 3009 1810 3058 de
1853 3009 2026 3059 cervis
2069 3016 2222 3059 extra
2267 3021 2422 3073 quam
2456 3009 2501 3057 si

1433 3086 1652 3137 libidine
1688 3087 2036 3148 stimulentur,
2079 3093 2302 3138 testatur
2339 3086 2499 3136 etiam

1434 3165 1640 3215 Seneca
1681 3165 1734 3214 in
1779 3165 2088 3230 Hippolyto,
2121 3166 2200 3214 bis
2242 3164 2499 3214 versibuse

1433 3242 1448 3268 ‘
1466 3241 1523 3291 Si
1557 3242 1801 3306 conjugio
1821 3243 2042 3293 timuere
2064 3258 2158 3292 suo
2177 3242 2412 3293 Poscunt
2435 3242 2499 3292 ti·

1432 3318 1560 3367 midi
1585 3319 1768 3382 proelia
1789 3319 1970 3370 cervi?
2001 3319 2151 3370 Idem.
2480 3348 2483 3351 -

1497 3396 1660 3445 Foedis
1700 3395 2041 3460 immdisqus
2091 3395 2368 3446 libidinatum
2407 3397 2497 3447 im·-

1429 3472 1691 3536 mergitur]
1713 3472 1940 3533 salvian.
1963 3472 2055 3524 lib.
2075 3485 2179 3523 vu.
2245 3473 2326 3522 De
2357 3472 2497 3524 Gub.

1430 3550 1569 3599 Dei:
1604 3551 1619 3577 ‘
1638 3549 1771 3602 Quis
1785 3555 2059 3612 potentum
2075 3564 2137 3601 ac
2158 3549 2375 3600 divitum
2395 3554 2498 3598 non

1429 3626 1481 3674 in
1501 3625 1614 3675 luto
1636 3624 1863 3676 libidinis
1886 3626 2050 3676 vixit?
2081 3626 2195 3690 quis
2210 3641 2310 3676 non
2330 3640 2386 3675 se
2409 3626 2499 3674 ba·-

1428 3704 1605 3753 maturo
1640 3703 2007 3754 sordidissimas
2053 3705 2355 3754 colluvionis
2403 3705 2497 3754 im-

1429 3782 1610 3830 mersit
1625 3780 1662 3829 ?'
1694 3781 1844 3831 Idem.

1492 3856 1613 3905 Suis
1634 3857 1872 3919 voluptate
1883 3856 2146 3919 detinetur]
2162 3855 2388 3906 Salvian.
2406 3855 2497 3906 lib.

1427 3947 1509 3983 ιν.
1551 3933 1617 3981 de
1657 3932 1796 3982 Gub.
1820 3934 1957 3985 Dei:
1993 3932 2277 3997 ‘Nunquid
2312 3933 2500 3981 mulim-

1432 4018 1545 4056 rum
1585 4022 1803 4057 uxorum
1837 4009 1959 4060 labe
1998 4009 2282 4074 polluitur:
2320 4015 2380 4059 ut
2410 4024 2495 4058 ca-

1423 4099 1554 4134 -uum
1579 4084 1660 4133 vel
1680 4099 1829 4134 suum
1849 4100 1993 4134 more
2016 4094 2191 4135 tantas
2212 4092 2362 4149 putot
2375 4100 2498 4136 con-

1423 4162 1581 4226 juges
1604 4176 1725 4211 suas
1747 4176 1882 4224 esse,
1913 4171 2134 4228 quantas
2173 4162 2406 4227 potuerit
2436 4163 2495 4211 li-

1439 4238 1616 4288 bidine
1665 4238 2006 4305 subjugarei’
2053 4240 2141 4293 ubi
2186 4239 2389 4291 fortean
2424 4241 2497 4289 le-

1436 4313 1591 4376 gend.
1610 4314 1891 4378 subigitare.
1916 4314 2085 4367 Idem.

2259 4401 2291 4446 2
2324 4396 2368 4446 L
