3049 4928
2374 346 2506 420 383

313 520 439 592 est,
463 511 591 578 sed
608 511 814 577 etiam
829 529 998 577 voce
1016 512 1335 596 proferre.
1367 510 1477 577 At
1498 512 1558 576 si
1585 511 1684 576 nti
1702 515 1877 591 sunt,
1903 512 2003 577 ita
2018 530 2099 577 ea
2115 511 2341 580 futura
2358 535 2511 582 esse

315 616 630 695 decernit,
658 620 738 680 ut
767 635 960 699 seque
981 616 1092 680 vel
1119 616 1263 680 fieri
1291 634 1395 692 ea,
1412 616 1522 679 vel
1549 634 1681 678 non
1701 612 1845 679 fieri
1873 635 2081 699 posse
2109 627 2510 701 cognoscat3

318 738 468 801 quae
484 726 590 784 est
609 719 756 783 haec
775 720 1225 802 praescientia,
1246 741 1394 803 quae
1410 719 1581 783 nihil
1603 726 1881 797 certum,
1899 720 2060 785 nihil
2077 722 2320 786 stabile
2334 742 2513 788 com-

315 821 708 903 prehendit?
740 821 882 887 Aut
908 821 1070 906 quid
1098 822 1228 888 hoo
1258 823 1453 887 refert
1472 822 1790 888 vaticinio
1808 833 1831 861 ³
1859 823 1982 888 illo
2011 824 2296 890 ridiculo
2318 826 2511 891 Tire-

315 922 559 988 siae2f0
610 921 926 1009 Quicquid
951 922 1178 1004 dic-am,
1200 935 1312 989 aut
1342 925 1483 1005 erit,
1514 935 1630 990 aut
1657 946 1801 991 ηοιι.
1863 926 2049 1007 Quid
2070 928 2271 993 etiam
2288 927 2517 995 divina

315 1026 762 1093 Providentia
785 1027 1078 1095 humana
1122 1029 1440 1112 opinione
1461 1037 1516 1067 ¹0
1558 1029 1996 1113 praestiterit‚³
2040 1030 2125 1109 si,
2174 1031 2272 1095 uti
2300 1021 2516 1096 homi-

312 1151 459 1210 nes,
483 1134 740 1199 incerta
755 1133 1020 1219 judicat
1045 1151 1327 1216 quorum
1361 1138 1468 1198 est
1503 1132 1805 1198 incertus
1835 1134 2167 1198 eventus?
2214 1132 2419 1214 Quod
2450 1136 2513 1200 si

315 1235 496 1318 apu'd
523 1237 709 1302 illum
739 1258 960 1303 rerum
989 1234 1284 1301 omnium
1313 1234 1764 1300 certissimum
1795 1237 2048 1300 fontem
2077 1237 2245 1301 nihil
2278 1238 2515 1303 incerti

316 1356 468 1401 esse
496 1343 747 1422 potest,
777 1344 994 1405 certus
1025 1358 1253 1404 eorum
1285 1344 1400 1403 est·
1438 1342 1721 1403 eventus
1771 1356 1928 1422 quae
1978 1338 2204 1403 futura
2246 1340 2520 1404 firmiter

314 1441 437 1522 ille
483 1443 880 1525 praescierit.
970 1439 1199 1520 Quare
1227 1441 1407 1505 nulla
1449 1444 1551 1504 est
1583 1439 1896 1505 humanis
1944 1439 2267 1505 consiliis.
2298 1441 2511 1506 actio-

314 1544 652 1629 nibusque
678 1545 989 1610 libertas:
1037 1560 1212 1629 quas
1242 1543 1476 1610 divina
1518 1562 1731 1622 menS,
1762 1543 1909 1607 sine
1942 1543 2268 1610 falsitatis
2296 1564 2517 1611 errore

315 1653 564 1712 cuncta
590 1649 1035 1731 prospicienS,
1064 1648 1150 1712 ad
1179 1667 1386 1711 unum
1414 1648 1648 1732 alligat
1675 1653 1745 1713 et
1772 1647 2160 1731 constringit
2184 1653 2517 1713 eventum.

317 1749 485 1830 Quo
518 1751 731 1815 semel
754 1751 1075 1835 recepto,¹‘
1095 1750 1119 1789 ‘¹
1166 1755 1458 1836 quantus
1476 1770 1766 1818 occasus
1785 1750 1804 1789 ⁸'
1844 1750 2285 1815 humanarum
2302 1770 2521 1816 rerum

315 1859 792 1937 consequatur,
807 1854 1093 1937 liquet.¹¹
1128 1852 1405 1919 Frustra
1434 1854 1614 1917 enim
1643 1853 1847 1918 bonis
1877 1853 2212 1936 malisque
2241 1852 2523 1937 praemia

314 1975 638 2040 poenaeve
666 1962 1141 2040 proponuntur,
1173 1976 1325 2040 quae
1353 1956 1583 2021 nullus
1614 1957 1859 2021 meruit
1897 1955 2068 2020 liber
2090 1962 2141 1993 ¹²
2172 1976 2257 2022 ac
2285 1956 2521 2024 volun-

316 2059 532 2136 tarius
560 2063 782 2124 motus
813 2058 1214 2124 animorum:
1259 2059 1466 2143 idque
1490 2059 1788 2124 omnium
1808 2058 2162 2126 videbitur.
2179 2058 2523 2143 iniquissi-

314 2179 503 2224 mum
525 2160 705 2245 quod
725 2180 900 2226 nuno
924 2161 1385 2244 aequissimum
1402 2162 1765 2248 judicatur,
1789 2162 1896 2226 vel
1912 2160 2126 2245 puniri
2147 2162 2524 2246 improboS,

316 2263 436 2327 vel
464 2264 868 2330 remunerari
895 2265 1183 2350 probos:
1231 2265 1410 2348 quos
1460 2264 1549 2331 ad
1580 2265 1970 2332 alterutrum
1993 2264 2019 2304 ἕ
2062 2283 2194 2329 non
2245 2265 2524 2349 propria

989 367 1115 417 pm
1130 365 1505 418 uosopmffi
1545 367 1703 419 Lm.
1756 366 1823 417 V·

385 2485 408 2510 0
445 2477 629 2542 Differ-t
647 2495 677 2529 u
693 2479 999 2531 divinatione.
1136 2479 1172 2523 Ι
1195 2479 1338 2544 Apud
1360 2480 1624 2531 Horatium
1640 2482 1673 2532 1.
1700 2495 1764 2530 11.
1799 2480 1957 2531 Serm.
1982 2481 2093 2530 Sat.
2119 2484 2165 2527 5.
2333 2483 2363 2521 8
2396 2477 2524 2533 Quo·

318 2543 457 2592 modo
495 2543 659 2594 divina
691 2545 1006 2595 Providentia
1040 2545 1190 2607 major
1225 2546 1316 2593 erit
1346 2545 1564 2609 opinione
1594 2547 1813 2597 humanu.
1941 2543 1968 2577 ἦ
2004 2544 2142 2600 Quod
2162 2541 2525 2609 sicoucessm's,

319 2607 504 2655 nullam
543 2608 726 2660 scilicet
761 2624 859 2661 esse
892 2610 945 2660 in
975 2609 1092 2674 ipsis
1127 2609 1388 2659 homiuibus
1419 2609 1697 2661 libertatem.
1896 2607 1913 2641 ¹
1946 2608 2194 2661 Inter-itus.
2388 2602 2413 2636 '‘
2443 2603 2526 2659 Aa

319 2672 614 2724 utrumlibet.

1239 2752 1603 2774 munna&

317 2832 492 2883 aione.-
523 2831 774 2885 fortasse:
798 2836 1015 2886 humana
1035 2835 1283 2899 opinioni!
1302 2835 1621 2886 Vatum—11
1642 2835 1657 2863 ‘
1671 2835 1796 2885 Mss.
1812 2841 1869 2884 et
1884 2834 2006 2884 edd.
2026 2838 2228 2898 quantus
2243 2844 2427 2881 occasus
2442 2830 2528 2880 hu·

319 2913 570 2951 manarum
586 2915 744 2951 rerum
763 2900 964 2964 conseq!
981 2901 1157 2950 Sitzm.
1195 2903 1211 2930 ‘
1241 2901 1459 2960 Quantus
1474 2915 1662 2950 occasus
1681 2900 1990 2949 humanarum
2008 2901 2330 2961 consequatur,
2358 2894 2528 2961 liquet]

320 2962 543 3012 Mutilus
565 2965 731 3014 loeus.
764 2967 1014 3016 Veteres:
1049 2967 1356 3015 humanarum
1375 2981 1535 3016 rerum
1565 2970 1883 3028 consequatur.
1917 2966 2053 3014 Sane
2092 2963 2259 3012 bene:
2296 2960 2527 3037 adeoque

321 3028 573 3080 audacter
589 3029 645 3079 in
665 3036 971 3081 contextum
994 3030 1210 3081 admisi.'
1234 3032 1598 3082 Berraum—12
1621 3032 1637 3060 ‘
1657 3029 1807 3081 Ferri
1831 3044 1984 3095 posse
2007 3029 2231 3080 videtur.
2296 3024 2523 3075 Omnino

1316 3160 1535 3214 NOTAE

390 3263 414 3292 θ
454 3255 691 3307 Vaticinio
724 3257 809 3306 illo
838 3257 1042 3308 ridiculo
1068 3257 1288 3321 Bresioi]
1314 3260 1384 3308 Et

321 3339 472 3384 certe
508 3335 553 3384 si
586 3333 763 3384 divina
785 3334 1123 3386 Providentia
1158 3342 1296 3386 esset
1317 3335 1384 3386 de

1465 3259 1591 3308 nulii
1608 3257 1882 3325 quicquam
1903 3255 2142 3320 mentite,
2156 3254 2302 3304 vides
2338 3257 2397 3302 ut
2419 3244 2529 3302 Nu-

1466 3334 1563 3384 dus
1617 3335 1869 3398 inopsque
1916 3333 2123 3383 domum
2176 3330 2387 3382 redeam
2475 3335 2531 3378 te

322 3406 520 3460 futuris
543 3410 657 3460 istis
683 3409 880 3469 liberis,
904 3412 1015 3461 sive
1048 3412 1115 3461 de
1139 3413 1198 3461 iis
1233 3413 1248 3441 ‘
1269 3427 1385 3477 qnae

326 3501 479 3553 aeque
502 3487 705 3550 possint
735 3501 838 3537 non
867 3487 984 3537 fieri
1019 3503 1081 3538 ac
1115 3487 1270 3552 fieri,’
1305 3502 1389 3538 ea-

314 3562 443 3612 ‘dem
468 3563 644 3627 opinio
666 3561 805 3613 foret
825 3564 1000 3614 similis
1024 3565 1388 3615 vaticinationi

323 3641 402 3691 illi
438 3640 675 3690 ridiculae
706 3640 956 3691 Tiresiae:
991 3642 1007 3668 ‘
1032 3641 1275 3705 quicquid
1309 3639 1386 3688 di-

327 3731 441 3767 cam
477 3724 570 3768 aut
604 3717 707 3767 erit
741 3722 831 3766 aut
862 3716 1001 3767 non!
1030 3716 1255 3766 Tiresias
1287 3715 1390 3765 fuit

324 3800 475 3844 vates
497 3791 793 3856 ThebanuS,
822 3791 911 3858 qui
934 3790 1107 3841 fertur
1128 3807 1161 3841 a
1176 3793 1386 3844 Junone

326 3871 455 3919 laesa
483 3876 791 3933 occaecatus,
812 3875 867 3919 et
890 3884 922 3918 a
946 3869 1082 3920 Jove
1103 3868 1386 3919 miserante

327 3946 551 3996 donatus
568 3943 823 3995 facultate
842 3944 1178 3995 vaticinandi.
1199 3945 1387 3995 Horat.

316 4022 367 4072 J,
402 4036 467 4072 rr.
503 4023 666 4071 Serm.
700 4021 814 4070 Sat.
854 4027 903 4070 5.
965 4021 983 4050 ‘
1010 4021 1131 4070 Hoc
1165 4035 1386 4086 quoque,

322 4097 555 4161 Tiresia,
599 4104 796 4161 praeter
823 4103 1036 4146 narrata
1057 4097 1263 4162 petenti
1285 4099 1387 4148 Re·

330 4173 548 4238 sponde,
568 4174 752 4240 quibus
774 4174 985 4228 amissas
1001 4189 1248 4240 reparare
1267 4190 1388 4241 que-

332 4264 410 4304 am
450 4265 536 4304 res
576 4249 794 4306 Artibus
847 4257 1006 4317 atque
1029 4251 1214 4303 ‘modis
1259 4288 1274 4304 .
1308 4285 1323 4306 0
1356 4267 1388 4303 o

1467 3410 1621 3462 vate?
1684 3411 1790 3461 Hic
1813 3418 1986 3461 autem
2010 3418 2177 3473 vates,
2197 3408 2361 3458 instar
2382 3410 2532 3456 cete-

1468 3504 1665 3553 rorum,
1697 3488 1936 3553 ambigue
1958 3489 2183 3551 locutuS,
2218 3484 2421 3536 solebat
2453 3483 2534 3532 di-

1470 3579 1626 3617 cere:
1663 3567 1679 3595 ‘
1703 3556 1951 3632 quicquid
1976 3563 2168 3627 dicam,
2185 3569 2277 3612 aut
2298 3561 2419 3623 erit,
2440 3565 2533 3609 aut

1458 3656 1571 3691 ⁴nou
1593 3641 1626 3693 :'
1662 3642 1975 3706 intelligens,
2013 3656 2106 3691 sua
2127 3639 2274 3690 dicta
2304 3636 2419 3688 fore
2440 3643 2534 3687 aut

1468 3731 1571 3766 non
1594 3716 1707 3767 fore
1751 3732 1908 3778 vera3
1939 3731 2057 3766 cum
2096 3724 2269 3766 tamen
2304 3712 2535 3765 aliis'in·

1457 3793 1807 3856 -tenigendum
1842 3792 2108 3856 praeberet
2130 3807 2223 3842 sua
2245 3791 2388 3841 dicta
2419 3788 2533 3838 sive

1466 3870 1655 3920 aiendo
1703 3870 1812 3918 sive
1865 3869 2108 3934 negando
2160 3881 2366 3931 semper
2411 3863 2528 3916 fore

1467 3960 1607 3996 vera.
1672 3946 1921 3995 Horatius
1944 3945 2192 4009 proedicto
2223 3945 2378 3993 loco:
2442 3943 2459 3971 ‘
2480 3940 2530 3990 0

1465 4021 1762 4086 Laertiade,
1804 4023 2050 4087 quicquid
2094 4022 2261 4072 dicam
2295 4024 2388 4069 aut
2427 4016 2533 4067 erit

1468 4107 1560 4149 aut
1588 4115 1731 4161 non;
1764 4101 2021 4149 Divinare
2068 4099 2264 4148 etenim
2308 4107 2528 4158 magnus

1466 4175 1590 4225 mibi
1610 4175 1771 4224 donat
1794 4173 2023 4238 Apollo!
2113 4190 2114 4195 ¹
2505 4204 2510 4207 -

1466 4280 1473 4283 -
1533 4250 1557 4284 ‘¹
1594 4252 1697 4309 Quo
1726 4254 1867 4302 semel
1903 4249 2111 4314 recepto]
2150 4261 2239 4297 111.
2264 4243 2525 4301 Probatur
