3049 4928
572 377 708 443 516

576 537 683 586 ris?
717 543 772 586 et
795 537 846 586 in
868 537 982 602 ejus
1001 536 1189 587 niteris
1218 536 1642 600 responsionibus

574 614 938 677 comprobare,
958 629 1075 680 quse
1102 614 1378 675 discamus,
1412 629 1513 664 non
1539 614 1645 662 dis-

577 704 721 752 cere,
762 691 856 740 sed
891 691 943 739 in
982 706 1159 740 eornm
1194 690 1490 740 memoriam
1531 705 1643 755 quan

577 774 859 838 antiquitus
895 788 1202 823 noveramus
1237 773 1409 822 redire
1428 773 1461 822 ?'
1516 772 1645 821 Per-

575 850 697 912 lege
724 857 889 900 totum
914 851 1054 899 illum
1080 849 1289 911 librum,
1325 864 1391 898 ex
1434 863 1536 913 qno
1567 849 1644 898 di-

575 926 785 990 diceris,
829 929 1154 977 Platonicum
1199 928 1297 974 hoc
1333 926 1521 990 dogma
1558 926 1647 975 ab·

578 1003 833 1053 surditate
865 1018 965 1052 non
993 1018 1189 1052 carere.
1232 1003 1402 1052 Sitzm.

641 1081 832 1129 Pnosa
858 1084 934 1129 12.
997 1081 1127 1129 Nam
1163 1095 1236 1128 me
1265 1081 1431 1129 horum
1446 1078 1553 1140 jam
1575 1094 1646 1128 se-

574 1159 727 1207 mdo
751 1158 1103 1220 commemoras]
1142 1159 1244 1206 Pro
1279 1172 1341 1206 eo
1375 1156 1508 1220 quod
1545 1170 1647 1205 me·

573 1243 771 1283 norem
794 1233 941 1295 facis,
963 1249 1062 1283 non
1099 1249 1251 1296 nove,
1287 1234 1377 1282 sed
1415 1235 1645 1297 antique.

571 1311 762 1359 Cicero
786 1310 852 1359 de
884 1312 1208 1360 Senectute:
1252 1312 1268 1339 ‘
1291 1311 1646 1374 Pythagoreo-

574 1401 791 1451 rumque
826 1402 987 1449 more,
1032 1387 1340 1435 exercendae
1382 1388 1645 1435 memorioe

573 1462 762 1524 gratia,
785 1463 904 1526 quid
930 1478 1133 1527 qnoque
1160 1464 1243 1511 die
1268 1462 1491 1511 dixerim
1510 1477 1651 1512 com·

573 1553 803 1588 memoro
824 1540 1066 1603 vesperi!
1104 1542 1339 1589 Ber-narr.

639 1616 727 1664 Me
763 1616 1002 1665 inscitiam
1022 1632 1170 1666 meam
1182 1617 1340 1676 fuisse
1363 1616 1645 1678 confessum]

573 1693 677 1742 Ms.
718 1693 971 1744 Rittersli.
1001 1711 1076 1744 me
1097 1695 1396 1744 inscientiam
1431 1694 1646 1753 meams.

572 1786 616 1819 c.
651 1770 771 1822 Qua
789 1786 916 1821 voce
934 1773 1098 1821 utitur
1118 1772 1390 1835 Apuleius,
1410 1773 1645 1835 Symma-

567 1847 723 1908 chus,
747 1854 802 1897 et
824 1850 931 1906 alii,
967 1864 1096 1912 quos
1127 1851 1259 1898 citat
1295 1849 1382 1899 Fr.
1422 1850 1645 1901 Juretns

575 1920 641 1969 ad
689 1922 782 1971 lib.
823 1938 951 1975 vm.
1003 1926 1297 1989 Symmacb.
1344 1926 1512 1990 Epist.
1562 1931 1645 1977 17.

575 1998 752 2047 Silam.

640 2076 798 2124 Deum
819 2077 1030 2140 ηοηιίπο]
1051 2080 1207 2128 Recte
1229 2078 1468 2143 profecto
1486 2096 1499 2128 ε
1531 2082 1645 2129 Deo

577 2153 735 2215 enim,
762 2155 845 2218 qni
873 2169 1001 2205 nnus
1025 2164 1122 2221 est,
1152 2173 1255 2206 non
1293 2158 1432 2207 alind
1457 2173 1644 2208 nomen

575 2237 681 2293 est,
719 2245 872 2296 quam
919 2235 1083 2283 Dens.
1159 2238 1277 2285 Deo
1300 2236 1506 2299 quidem
1532 2237 1645 2284 nnl-

578 2308 686 2355 lnm
711 2323 895 2358 nomen
920 2325 1053 2373 esse,
1070 2313 1303 2361 omnibns
1321 2312 1430 2363 fere
1452 2313 1646 2362 veteris

573 2385 846 2449 sapientiae
885 2387 1269 2450 professoribus
1337 2389 1504 2437 visum
1547 2396 1645 2438 est.

575 2460 751 2525 Ipsum
798 2462 959 2513 divini
1017 2468 1239 2515 numinis
1284 2469 1547 2516 oraculum
1593 2467 1643 2516 id

575 2553 673 2601 per
705 2539 930 2604 Moysen
958 2543 1304 2606 praescripsit,
1341 2543 1463 2603 Ἐγὼ
1497 2541 1587 2603 εἶμι
1620 2544 1647 2591 ὁ

577 2613 657 2676 ὣν,
691 2605 717 2642 ⁰‘
738 2617 849 2678 Ego
872 2632 982 2666 sum
1006 2621 1094 2680 qni
1117 2619 1262 2668 sum.'
1344 2620 1531 2684 Neque
1555 2620 1646 2668 ali-

575 2691 714 2740 nnde
743 2692 983 2742 Hebraeis
1018 2695 1320 2744 doctoribus
1358 2709 1545 2745 nomen
1585 2697 1646 2744 il-

580 2767 669 2816 lud
693 2768 799 2817 Dei
836 2779 1088 2832 sanctum,
1127 2772 1451 2829 tremendum
1486 2783 1645 2836 atque

580 2843 873 2895 ineffabile:
913 2861 975 2894 ae
1020 2847 1262 2896 Hermeti
1301 2847 1547 2911 AEgyptio
1571 2849 1644 2897 di-

571 2922 717 2970 citur
741 2924 887 2972 Deus
912 2923 1249 2987 ἄνεκλάλπνος,
1269 2924 1480 2989 &phy-ros,
1496 2927 1649 2991 σιωπῇ

576 2997 885 3061 φωνούμενος,
918 3003 933 3029 ‘
955 3000 1268 3064 ineffabilis}
1294 3008 1308 3030 ‘
1327 3003 1644 3052 innominan-

573 3075 702 3134 dns:
720 3079 829 3124 solo
846 3079 861 3103 ‘
876 3077 1079 3126 silentio
1095 3077 1493 3141 praedicandns.’
1526 3080 1644 3128 Pla-

581 3155 694 3202 toni
738 3170 945 3220 quoqne
990 3155 1203 3220 ἄῤῥητος,
1246 3155 1645 3220 ἀκατονόμαστος,

573 3229 876 3294 ‘indictus,'
917 3233 1368 3296 ‘innominabilis,’
1403 3235 1541 3297 apud
1574 3234 1644 3284 A·

581 3305 809 3367 puleium
842 3308 930 3357 lib.
977 3309 1043 3358 de
1089 3311 1312 3359 naturali
1354 3310 1642 3375 philosoph.

576 3382 1129 3444 Platonis‚,Alcinonm
1154 3386 1419 3448 εἰσαγωγῆς
1454 3401 1570 3451 cap.
1592 3393 1644 3440 9.

579 3464 634 3505 et
660 3459 1007 3522 Porphyrium
1031 3463 1123 3512 lib.
1160 3471 1236 3513 1v.
1270 3466 1393 3514 hist.
1422 3465 1644 3528 philoso-

579 3534 746 3597 phicae
774 3537 912 3598 apud
938 3539 1210 3599 cyrillum,
1248 3540 1338 3588 ubi
1370 3541 1441 3589 ait
1466 3543 1644 3592 Plato-

574 3627 694 3662 nem
741 3618 963 3664 sensisse
1020 3617 1192 3665 Denm
1249 3632 1363 3667 esse
1417 3622 1432 3646 ‘
1452 3621 1646 3684 nnum,’

576 3687 722 3749 ὄνομα
744 3689 798 3738 δὲ
835 3691 960 3756 αὐτῷ
990 3691 1136 3753 μηδὲν
1168 3695 1488 3760 ἐφαρμόττειν,
1514 3704 1529 3726 ‘
1555 3713 1645 3747 no·

575 3781 695 3816 men
722 3782 844 3817 vero
867 3771 1061 3818 nullum
1086 3771 1160 3820 illi
1186 3773 1502 3823 convenire!
1535 3776 1644 3824 Un-

573 3843 642 3891 de
682 3845 915 3894 ethnicos
958 3860 1197 3909 arguens,
1236 3851 1519 3899 rectissime
1557 3851 1644 3900 de-

569 3921 829 3970 cernebat
866 3923 1121 3972 Minutins
1163 3925 1327 3988 Felix,
1368 3927 1521 3975 ‘Nec
1556 3939 1644 3975 no-

577 4011 697 4045 men
724 3997 829 4046 Dei
858 4013 1096 4062 qnaeras:
1140 4001 1284 4051 Deus
1315 4017 1501 4053 nomen
1527 4010 1643 4055 est:

577 4071 684 4121 illic
708 4075 972 4124 vocabulis
995 4090 1125 4140 opus
1151 4084 1250 4136 est,
1271 4094 1388 4127 cnm
1422 4093 1517 4141 per
1542 4081 1646 4128 sin·

577 4147 723 4210 gulos
752 4151 972 4212 propriis
1001 4153 1409 4215 appellationum
1435 4155 1644 4218 insigni-

579 4223 673 4272 bus
709 4227 989 4275 multitudo
1024 4228 1313 4276 dirimenda
1344 4236 1439 4278 est.
1509 4231 1644 4290 Deo,

575 4303 663 4366 qui
680 4305 819 4354 solus
844 4314 941 4367 est,
969 4307 1118 4356 Deus
1141 4307 1448 4355 vocabulum
1476 4314 1644 4357 totum

1233 423 1238 430 ·
1289 394 1504 442 NOTAE
1556 393 1955 444 VARtoRUM
2010 393 2091 444 IN

1727 535 1843 587 est?
1908 538 1977 587 Et
2001 542 2121 600 post
2142 551 2260 588 enm
2286 537 2469 587 iisdem
2496 537 2669 587 verbis
2691 535 2782 604 Cy-

1721 614 1930 677 prianus
1982 616 2071 665 lib.
2121 615 2188 664 de
2232 615 2488 664 idolorum
2540 617 2783 666 vanitate.

1723 690 2023 740 Lactantius
2062 700 2115 741 et
2155 685 2259 741 alii.
2326 693 2456 741 Cum
2494 692 2660 755 igitur
2683 697 2785 743 nnl-

1720 769 1827 817 lum
1869 769 1944 816 illi
1982 783 2168 818 nomen
2210 770 2299 831 sit,
2340 769 2477 832 quod
2517 770 2640 832 ejus
2676 772 2787 818 snb-

1723 845 1968 894 stantiam
2012 848 2292 909 exprimat,
2333 860 2451 910 quae
2486 861 2640 911 aeque
2678 861 2786 895 cnm

1722 922 1929 969 nomine
1976 922 2383 985 incognitissima
2427 930 2530 981 est,
2591 923 2790 971 nomine

1723 1005 1897 1046 tamen
1919 999 2007 1046 τοῦ
2033 1000 2137 1047 θεοῦ
2157 1013 2273 1047 enm
2295 996 2406 1047 fere
2432 1000 2685 1046 mortales
2708 1014 2792 1061 ap-

1724 1077 2009 1139 pellavere,
2060 1076 2461 1125 honoratissima
2516 1076 2794 1139 appellati·

1723 1168 1851 1202 one:
1896 1154 2134 1202 nimirum
2176 1152 2235 1202 τὸ
2275 1154 2363 1201 τοῦ
2392 1154 2498 1202 θεοῦ
2530 1152 2700 1214 ὄνομα,
2722 1157 2793 1202 in-

1724 1230 1835 1293 quit
1870 1230 2163 1293 Simplicius
2206 1231 2259 1278 in
2303 1231 2540 1294 Epicteti
2587 1230 2795 1279 Euchir.

1722 1306 1815 1356 ἀπὸ
1829 1310 1925 1355 τῶν
1944 1307 2161 1371 οὐρανίων
2193 1309 2441 1368 perflueret,
2475 1306 2540 1355 ὥς
2562 1304 2704 1368 ὀξέως
2730 1324 2793 1354 ιιι·

1722 1382 1952 1445 sonnium
1987 1383 2066 1433 καὶ
2102 1383 2317 1445 θεόντων,
2349 1384 2556 1447 ‘ipsum
2582 1385 2687 1433 Dei
2709 1398 2794 1431 no·

1724 1476 1842 1509 rnen
1899 1476 1929 1509 a
1986 1462 2284 1510 coelestibns
2338 1461 2658 1524 corporibus
2715 1469 2795 1509 est

1724 1540 2052 1598 translatum,
2067 1546 2128 1587 ut
2145 1552 2263 1602 qnae
2286 1538 2535 1587 celeriter
2550 1551 2791 1587 movean-

1723 1620 1812 1663 tur
1862 1621 1919 1663 et
1964 1614 2212 1664 currant.²
2266 1613 2370 1664 θεὸς
2411 1614 2671 1664 videlicet
2715 1615 2792 1663 vel

1723 1691 1859 1755 qnod
1895 1693 2061 1741 soleat
2087 1690 2205 1740 θέειν
2230 1689 2310 1740 καὶ
2341 1688 2578 1755 περιέπειν
2596 1690 2663 1740 τὰ
2685 1691 2793 1752 σύμ·

1721 1785 1896 1829 ποντα,
1918 1770 2014 1818 hoc
2036 1776 2138 1831 est,
2165 1772 2180 1796 ‘
2201 1783 2411 1818 currere
2434 1778 2492 1817 et
2510 1769 2793 1831 disponere

1723 1849 2006 1896 nniversa.’
2047 1848 2128 1895 vel
2153 1844 2311 1908 aloem,
2348 1846 2401 1895 id
2429 1852 2536 1907 est,
2573 1844 2792 1894 ‘urere.'

1725 1924 1806 1973 vel
1829 1925 2021 1973 θεᾶσθαι
2054 1924 2118 1973 τὰ
2154 1923 2330 1985 πάντα,
2359 1923 2413 1972 id
2438 1931 2543 1983 est,
2565 1923 2794 1972 ‘intueri

1723 2002 1947 2052 omnia:'
1983 2004 2122 2067 quod
2165 2004 2326 2053 instar
2366 2002 2505 2051 Solis
2553 2003 2791 2051 aliorum·

1725 2082 1910 2142 quein
1957 2081 2091 2129 coelo
2147 2080 2413 2143 syderum,
2460 2084 2587 2143 quai
2633 2078 2791 2127 oculis

1722 2156 2030 2217 cernebant,
2070 2156 2239 2204 omnia
2276 2155 2570 2206 collustret.
2641 2153 2790 2203 Unde

1723 2231 2152 2281 decantatissima
2201 2232 2292 2281 illa
2342 2231 2449 2281 Dei
2502 2245 2627 2280 cnm
2688 2230 2789 2278 sole

1724 2310 1862 2374 apud
1893 2310 2186 2358 Platonicos
2214 2307 2575 2370 comparatio:
2602 2321 2671 2355 ex
2695 2320 2790 2370 qua

1724 2396 1869 2435 recte
1911 2401 2006 2449 per
2045 2387 2133 2434 τοῦ
2171 2386 2296 2446 θεοῦ,
2341 2384 2446 2432 Dei
2480 2398 2697 2444 nomen,
2730 2394 2789 2431 ea

1723 2478 1928 2528 qnoque
1969 2462 2146 2528 πατρὸς
2187 2461 2267 2512 καὶ
2301 2458 2550 2525 βασιλέος,
2584 2460 2788 2510 ‘Patris
2878 2516 2883 2525 .

1724 2557 1784 2592 ae
1842 2543 2024 2607 Regis’
2074 2543 2214 2607 apud
2269 2541 2478 2591 eosdem
2524 2541 2786 2590 celebrata

1721 2623 2042 2685 cognomina,
2064 2621 2339 2672 creationis
2361 2635 2422 2669 ac
2442 2620 2783 2683 providentie

1721 2698 2086 2762 significantia,
2119 2699 2517 2762 intelliguntur:
2565 2712 2632 2746 ac
2668 2710 2786 2761 qino·

1722 2775 1994 2826 dammodo
2033 2778 2222 2841 ipsum,
2265 2772 2310 2824 si
2357 2775 2497 2840 quod
2544 2781 2651 2837 est,
2693 2775 2784 2823 Dei

1720 2867 1904 2902 nomen
1927 2852 1984 2901 τὸ
2005 2851 2201 2914 ἀγαθὸν,
2237 2853 2440 2917 ‘ipsum
2463 2852 2681 2901 bonum’
2704 2853 2784 2900 de·

1721 2929 1976 2993 signatur.
2045 2931 2127 2979 De
2146 2930 2332 2996 quibus
2347 2937 2535 2994 postea
2554 2931 2783 2996 qnaedam

1722 3006 2063 3056 monebimus.
2105 3008 2279 3058 Vallia.

1784 3082 2257 3133 Lacessentescaelum
2275 3083 2536 3147 Giganta]
2572 3083 2666 3133 Sic
2683 3083 2785 3134 Cic.

1721 3158 1921 3209 Catone
1936 3161 2168 3224 Majore=
2202 3161 2218 3188 ‘
2233 3160 2377 3212 Quid
2395 3167 2479 3210 est
2494 3161 2638 3209 alind
2655 3174 2783 3209 more

1719 3237 1987 3300 gigantum
2028 3237 2221 3288 bellare
2256 3253 2376 3288 cnm
2417 3239 2556 3302 Diis,
2579 3240 2682 3288 nisi
2704 3254 2783 3288 na·

1718 3319 1771 3362 tu
1781 3328 1851 3362 1·ae
1873 3328 2169 3378 repugnare
2183 3314 2225 3365 ?'
2260 3314 2536 3364 Salvianus
2558 3315 2633 3365 de
2654 3316 2784 3366 θιὼ.

1719 3390 1845 3452 Dei,
1866 3391 1958 3439 lib.
1983 3402 2060 3440 vr.
2106 3391 2123 3420 ‘
2149 3391 2356 3456 thaae
2393 3391 2564 3454 nobis,
2596 3406 2785 3458 quaeso,

1716 3478 1837 3529 spes
1861 3468 1962 3516 erit
2001 3467 2138 3531 apud
2181 3469 2373 3531 Deum,
2408 3468 2499 3531 qui
2537 3482 2643 3518 non
2669 3482 2781 3518 casn

1717 3550 1809 3591 aut
1830 3542 2182 3607 imprudentia
2209 3547 2383 3595 Deum
2420 3546 2685 3607 laedimus,
2703 3544 2781 3593 sed

1717 3622 1960 3684 exemplo
1982 3622 2184 3671 illorum
2204 3623 2461 3688 quondam
2484 3623 2783 3686 Gigantum,

1717 3711 1845 3761 quos
1881 3698 2072 3747 insanis
2111 3699 2385 3749 conatibus
2422 3712 2653 3764 superna
2686 3708 2782 3750 ten-

1719 3778 1875 3834 tasse,
1898 3781 1952 3822 et
1977 3775 2120 3837 qnasi
2153 3775 2207 3824 in
2244 3775 2410 3825 nubes
2448 3776 2670 3839 gradum
2708 3784 2776 3826 tn·

1718 3848 1838 3896 iisse
1877 3851 2150 3913 legimnst’
2183 3851 2285 3901 huc
2317 3853 2406 3901 illa
2437 3855 2677 3916 pertinet
2707 3864 2780 3902 sa-

1718 3923 1953 3986 pientise.
1991 3926 2298 3976 Gamalielis
2341 3928 2669 3979 admonitio:
2722 3926 2779 3989 μή

1713 4017 1834 4049 ποτε
1865 4001 1944 4050 καὶ
1974 4000 2195 4064 θεομάχοι
2224 4002 2455 4068 εὑρεθῆτε.
2493 4007 2619 4055 Aet.
2642 4013 2690 4055 5.
2713 4017 2780 4053 vs.

1716 4080 1799 4126 ⁸9.
1826 4087 1878 4125 et
1904 4074 2283 4128 Pharisaeorum
2307 4082 2559 4130 aliorum:
2595 4082 2661 4143 μὴ
2692 4086 2779 4130 θεο-

1716 4156 1958 4217 μαχῶμεν,
1981 4155 2163 4206 Actor.
2185 4161 2268 4208 23.
2295 4170 2368 4208 vs.
2394 4164 2445 4208 9.
2494 4161 2633 4209 Vide
2657 4173 2773 4224 prte-

1719 4236 1799 4278 ter
1842 4228 2180 4282 Claudianum
2210 4242 2265 4284 et
2304 4234 2589 4287 Herculem
2613 4239 2773 4288 Stron-

1715 4322 1847 4372 zam,
1883 4311 2096 4362 Lucret.
2120 4313 2156 4363 l.
2180 4326 2232 4362 v.
2282 4312 2549 4380 Ovidium,
2573 4317 2772 4367 Metam.
