3049 4928
2382 397 2515 464 281

331 574 477 621 nare
505 554 637 639 ipsi
662 556 922 634 volunt,
969 555 1078 621 vel
1126 552 1555 639 regnantibus
1601 553 1940 622 adhaerere
1990 560 2335 624 conantur.
2422 555 2517 625 At

330 658 558 743 quibus
584 660 918 743 optimum
949 658 1271 744 quiddam
1298 658 1573 724 claritas
1594 666 1622 706 ³
1664 658 1949 742 videtur,
1998 659 2069 725 hi
2100 660 2206 726 vel
2226 660 2385 726 belli
2408 662 2517 728 vel

326 762 509 846 pacis
535 762 791 829 artibus
820 763 1187 846 gloriosum
1230 782 1470 828 nomen
1507 781 1884 846 propagare
1908 764 2255 830 festinant.
2346 764 2515 830 Plu·

324 865 459 930 rimi
502 885 659 931 vero
702 866 871 931 boni
912 865 1197 932 fructum
1243 865 1513 950 gaudio⁸
1553 865 1933 950 laetitiaque
1981 867 2377 934 metiuntur:
2442 868 2513 932 hi

324 968 777 1034 felicissimum?
816 974 1055 1053 putant
1099 968 1444 1052 voluptate
1488 966 1809 1034 diffluere.
1896 970 2075 1035 Sunt
2123 971 2338 1036 etiam
2391 970 2513 1055 qui

322 1070 540 1136 horum
575 1071 787 1137 fines⁸
826 1092 1204 1156 causasque
1234 1074 1553 1138 alterutro
1572 1084 1601 1110 ²
1645 1078 2059 1156 permutant:
2083 1081 2138 1122 ¹4
2165 1079 2237 1139 ut
2265 1074 2382 1159 qui
2411 1074 2512 1138 di·

320 1174 514 1238 vitias
540 1176 630 1240 ob
660 1176 1035 1260 potentiam
1082 1178 1608 1262 voluptatesque
1661 1178 2074 1256 desiderant,
2103 1177 2211 1243 vel
2243 1178 2360 1262 qui
2389 1197 2510 1262 po·

321 1277 586 1343 tentiam
617 1299 741 1344 seu
771 1280 1079 1363 pecuniae
1111 1300 1321 1346 causa
1351 1300 1470 1345 seu
1515 1281 1892 1365 proferendi
1921 1281 2216 1346 nominis
2243 1287 2511 1364 petunt&

321 1378 399 1444 In
425 1380 529 1445 his
557 1382 776 1465 igitur,
802 1384 1181 1482 ceterisque
1206 1385 1483 1464 talibuS,
1534 1385 1972 1448 humanorum
2016 1391 2291 1449 actuum
2320 1391 2510 1449 voto-

318 1501 577 1567 rumque
596 1492 898 1551 versatur
922 1488 1249 1568 intentio,¹’
1268 1486 1295 1525 b
1335 1488 1543 1553 veluti
1572 1489 1911 1575 nobilium,
1940 1487 2259 1572 favorque
2283 1506 2507 1572 popu-⁶

316 1584 481 1664 lariS‚
506 1608 657 1670 quae
680 1588 990 1655 videntur
1008 1591 1348 1676 quandam
1375 1591 1841 1657 claritudinem
1873 1611 2289 1675 comparare,
2308 1609 2504 1669 uxor,

318 1706 392 1752 ac
433 1690 644 1770 liberi,
694 1694 811 1776 qui
852 1693 1307 1777 jucunditatis
1327 1700 1379 1741 ¹⁵
1424 1696 1639 1779 gratia
1689 1699 2019 1778 petuntur.
2111 1692 2503 1757 Amicorum

316 1808 484 1870 vero,
516 1793 699 1877 quod
718 1806 750 1833 ¹¹¹
793 1797 1286 1861 sanctissimum
1318 1797 1591 1881 quidem
1622 1815 1834 1879 genus
1865 1804 1991 1875 est,
2040 1815 2171 1860 non
2199 1794 2267 1858 in
2295 1794 2501 1859 fortu-

315 1911 412 1971 na,
437 1897 556 1961 sed
599 1899 669 1962 in
699 1899 940 1965 virtute
967 1908 1375 1967 numeratur.
1464 1900 1833 1985 Reliquum
1860 1919 2016 1964 vero
2048 1899 2150 1962 vel
2179 1898 2500 1981 potentiae

316 2014 511 2063 causa
565 2000 676 2065 vel
736 2001 1208 2068 delectationis
1263 2003 1649 2067 assumitur.
1763 2001 1808 2066 J
1812 2020 1923 2065 am
1976 2021 2138 2065 vero
2192 2001 2496 2082 corporis

313 2100 473 2165 bona
520 2110 853 2187 promtum
905 2109 1054 2169 est'
1096 2112 1176 2170 ut
1235 2106 1320 2171 ad
1375 2105 1736 2190 superiora
1787 2104 2174 2170 referantur.
2266 2101 2503 2168 Robur

313 2203 474 2267 enim
532 2208 1063 2294 magnitudoque
1114 2208 1425 2275 videntur
1474 2215 1802 2294 praestare
1853 2206 2215 2272 valentiam
2239 2217 2307 2270 τ’
2348 2205 2501 2289 pul-

310 2304 597 2375 chritudo
630 2317 834 2396 atque
865 2313 1190 2379 velocitas
1238 2314 1727 2380 celebritatem:
1773 2310 2137 2376 salubritas
2183 2308 2499 2391 volupta-

977 406 1503 460 PHILOSOPHIAE
1553 409 1702 460 MR.
1750 409 1863 459 111.

364 2507 390 2532 ⁸
422 2503 499 2552 Ex
512 2507 761 2569 pra-dictis
780 2506 926 2556 bonis·
1087 2512 1113 2540 ⁰
1143 2507 1359 2558 Summa.
1526 2516 1561 2542 ¹¹·
1594 2509 1856 2559 Bonorum.
2035 2512 2062 2537 ⁸
2100 2503 2327 2553 Omnibus
2339 2506 2497 2567 patet.

309 2569 334 2604 ἲ
361 2564 548 2631 Efficere
567 2577 623 2620 ut
639 2573 813 2623 valeas.

310 2745 364 2793 14
393 2744 518 2797 Mss.
539 2752 954 2813 permittam—15
989 2749 1227 2812 Uterque
1261 2747 1458 2796 Thuan.
1484 2747 1615 2811 Reg.
1640 2753 1697 2797 et
1713 2746 1857 2800 Vict.
1880 2745 2166 2797 secundus:
2198 2759 2303 2809 quoe
2317 2743 2497 2806 jucun·

1280 2876 1497 2927 NOTAE

359 2979 381 3015 5
401 2973 468 3024 At
487 2978 654 3041 quibus
689 2979 915 3042 optimum
947 2979 1170 3043 quiddam
1206 2976 1347 3026 clari·
1431 2982 1514 3026 ter
1538 2990 1596 3025 se
1616 2974 1955 3040 comparatis:
2002 2972 2186 3039 quibus
2208 2970 2360 3021 modo
2383 2972 2495 3035 plu-

302 3054 505 3120 ι418,ᾅ·4.··]
560 3071 640 3109 ιν.
681 3056 874 3121 Agitur
896 3057 960 3109 de
993 3056 1152 3119 fama,
1192 3071 1347 3122 quam
1428 3054 1590 3119 ribus,
1623 3052 1776 3103 modo
1812 3051 2159 3118 paucioribus,
2206 3047 2357 3098 modo
2395 3048 2494 3111 his,

303 3129 378 3192 qni
413 3131 728 3198 desiderant,
751 3136 826 3186 sic
862 3134 1107 3187 videntur
1139 3135 1346 3184 ratioci-
1427 3131 1583 3182 modo
1601 3131 1702 3180 illis
1727 3131 1877 3179 homo
1901 3129 2151 3191 adhaeret,
2170 3141 2265 3191 pro
2288 3126 2495 3175 diversa

302 3205 431 3257 uari:
470 3211 668 3261 Summi
704 3211 826 3261 boui
857 3219 938 3263 est
974 3227 1088 3261 esse
1118 3212 1349 3274 clarum3

302 3284 425 3345 quod
442 3301 616 3338 verum
631 3295 746 3339 est:
767 3289 859 3339 sed
878 3290 1050 3338 clarus
1064 3289 1212 3338 homo
1231 3302 1347 3337 esse

301 3362 470 3435 nequit
490 3365 584 3414 nisi
605 3366 685 3415 vel
708 3365 829 3417 belli
849 3366 934 3415 vel
953 3365 1098 3429 pacis
1117 3364 1343 3426 artibus;

301 3437 423 3499 quod
443 3439 627 3492 falsum
653 3449 759 3492 est:
811 3457 926 3491 cnm
963 3443 1042 3493 hae
1077 3447 1216 3493 artes
1247 3456 1344 3490 sae·

301 3509 402 3573 pius
417 3515 516 3567 sint
538 3517 782 3568 vitiorum
803 3517 1068 3569 materies.

355 3596 374 3621 ²
396 3592 592 3645 Plurimi
625 3611 734 3646 vero
771 3595 879 3644 boni
899 3595 1119 3656 fructum
1146 3594 1344 3659 gaudio,

300 3664 392 3730 ξθι]
441 3683 490 3719 v.
511 3670 704 3735 Agitur
724 3671 792 3721 de
825 3671 1205 3736 voluptatibus,
1228 3672 1328 3737 qui·

299 3738 381 3791 bus
411 3747 491 3810 qui
515 3748 807 3813 indulgent,
826 3749 875 3798 hi
902 3763 1022 3799 vere
1046 3753 1340 3813 proponunt

299 3829 526 3872 summum
552 3825 744 3874 bonum
784 3839 889 3875 non
922 3839 1039 3874 esse
1074 3827 1183 3874 sine
1204 3824 1337 3875 laeti·

301 3892 382 3957 tia,
425 3900 512 3949 sed
549 3899 682 3950 falso
719 3908 1002 3966 assumunt,
1033 3903 1164 3951 hanc
1203 3902 1339 3952 laeti-

299 3967 410 4022 tiam
441 3977 602 4041 accipi
645 3992 792 4042 posse
838 3993 870 4027 a
909 3977 1063 4026 rebus
1107 3977 1337 4030 caducis.

298 4044 464 4113 Sieque
487 4062 661 4103 actum
699 4062 782 4106 est
815 4070 1045 4105 seorsum
1085 4054 1150 4105 de
1186 4054 1337 4105 bonis

252 4130 257 4135 ’
297 4123 502 4178 caducis.

354 4205 374 4230 ⁸
393 4200 509 4254 Sunt
545 4207 691 4257 etiam
731 4210 812 4273 qui
855 4209 1020 4259 horum
1048 4208 1202 4275 fines,
1234 4208 1342 4277 ξω]

298 4285 364 4326 Vl·
385 4275 564 4348 Agitur
598 4283 664 4333 de
698 4283 970 4350 praedictis
993 4285 1230 4339 omnibus
1262 4285 1341 4336 in·

1427 3209 1738 3259 assumtione
1758 3222 1907 3271 quam
1932 3204 2095 3254 facit:
2132 3202 2271 3271 quod
2293 3217 2357 3254 ex
2383 3202 2494 3253 solo

1426 3285 1677 3336 orationis
1700 3290 1953 3334 contextu
1975 3280 2182 3333 videtur
2218 3279 2371 3332 nobis
2401 3294 2491 3330 no-

1425 3362 1702 3412 tissimum.

1489 3438 1512 3473 b
1536 3440 1597 3488 In
1630 3439 1732 3488 his.
1751 3438 2111 3488 ..humanorum
2143 3441 2332 3486 actuum
2365 3440 2491 3503 votof

1421 3531 1614 3580 rumque
1644 3522 1860 3566 versatur
1888 3514 2116 3580 intentio]
2149 3517 2359 3567 Summa
2382 3515 2493 3569 sive

1424 3588 1676 3659 quicquid
1695 3598 1779 3642 est
1816 3591 2066 3643 desiderii
2094 3593 2374 3657 operisque
2396 3590 2489 3639 hu-

1424 3670 1597 3718 mani:
1634 3669 1772 3719 sicut
1794 3668 1930 3718 enim
1966 3683 2093 3733 opus
2112 3667 2387 3717 humanum
2410 3681 2490 3717 se-

1419 3745 1598 3811 quitur
1618 3745 1894 3794 humanum
1920 3743 2251 3807 desiderium,
2286 3743 2360 3792 sic
2398 3744 2489 3793 de·

1419 3822 1665 3872 siderium
1697 3822 1976 3871 humanum
1998 3821 2233 3887 sequitur
2265 3818 2487 3884 praedic-

1420 3907 1527 3954 tam
1581 3898 1769 3948 mentis
1828 3897 2193 3947 assumtionem
2249 3895 2488 3962 proposi·

1421 3976 1757 4044 tionemque:
1833 3973 2089 4039 siquidem
2129 3988 2232 4026 non
2284 3973 2485 4038 agimus

1421 4053 1764 4117 extrinsecuS,
1825 4052 1923 4102 nisi
1988 4051 2125 4118 quod
2173 4053 2483 4103 intrinsecus

1418 4130 1689 4191 volumus;
1744 4143 1844 4178 nec
1895 4130 2146 4194 volumus,
2197 4131 2298 4181 nisi
2342 4127 2483 4194 quod

1408 4205 1759 4269 judicavimus
1802 4212 2087 4269 praestare5
2142 4220 2242 4256 nec
2274 4204 2483 4271 judica·

1417 4297 1553 4349 mus,
1584 4282 1686 4332 nisi
1729 4280 1870 4348 quod
1912 4282 1989 4332 sic
2026 4282 2190 4334 visum
2234 4288 2337 4349 est,
2371 4282 2480 4332 sive
