3049 4928
521 377 665 448 274

1211 388 1541 447 ,BOE'an
1596 390 1694 439 DE
1743 389 2054 439 CONSOL.

620 533 1108 620 Perfectasque
1129 534 1388 619 jubens
1415 533 1790 620 perfectum
1828 536 2170 604 absolvere
2197 543 2493 621 partes!-

619 643 731 709 Tu
761 639 1056 705 numeris
1086 639 1417 703 elementa
1448 639 1675 721 ligas?
1717 644 1785 704 ut
1824 640 2067 723 frigora
2095 640 2406 720 flammiS,

2657 644 2740 709 10

616 746 832 813 Arida
861 744 1263 812 conveniant
1287 743 1612 828 liquidis:
1655 764 1741 809 ne
1766 745 1994 828 purior
2022 746 2196 828 ignis

525 855 534 865 '
617 850 882 929 Evolet,
914 854 1036 915 aut
1061 861 1318 916 mersas
1347 847 1677 915 deducant
1706 848 2009 934 pondera
2038 856 2263 917 terras·

529 1035 740 1098 imagine
751 1034 958 1098 formas,
976 1038 1023 1083 el
1038 1032 1263 1097 praecipis
1293 1034 1490 1083 eundem
1520 1030 1781 1095 perfectum
1795 1033 2026 1100 perficere
2053 1050 2163 1085 suas
2181 1043 2359 1100 partes.
2425 1038 2499 1089 Tu
2520 1038 2745 1089 concilias

528 1103 755 1151 elementa
773 1099 948 1150 talibus
968 1099 1137 1161 modia,
1164 1104 1217 1147 ut
1227 1098 1426 1161 frigida
1446 1114 1553 1148 cum
1573 1099 1757 1162 calidis,
1793 1104 1841 1149 et
1869 1100 1995 1150 sicca
2016 1116 2121 1150 cum
2142 1104 2336 1167 liquidis
2355 1105 2652 1167 conveniant,
2683 1117 2744 1152 ne

527 1165 660 1230 ignis
673 1167 841 1232 purior
857 1180 1045 1215 sursum
1059 1165 1215 1228 abeat,
1252 1169 1335 1213 aut
1354 1164 1724 1227 granica-ssent
1742 1166 1956 1218 deorsum
1976 1169 2157 1217 terrum
2188 1170 2471 1234 depressam.
2539 1172 2615 1221 Tu
2633 1184 2743 1222 con-

1518 1312 1744 1365 NOTAE

530 1452 645 1488 esse
669 1442 863 1501 potest.
930 1437 1071 1488 Hinc
1117 1438 1263 1488 Deus
1298 1438 1315 1467 ‘
1340 1434 1594 1488 Mundum

527 1521 704 1566 mente
747 1516 907 1578 gerit,
940 1515 1196 1581 similique
1235 1515 1459 1579 imagine
1491 1513 1596 1564 for·

527 1590 674 1642 mat.’
706 1593 761 1643 S.
787 1590 1012 1656 August.
1030 1593 1121 1642 lib.
1143 1606 1396 1643 Lxxxm.
1431 1608 1521 1658 qq.
1544 1607 1595 1657 q.

527 1674 612 1720 ⁴6.
634 1670 650 1698 ‘
679 1670 881 1734 singula
903 1670 1130 1735 propriis
1161 1677 1282 1721 sunt
1316 1676 1492 1719 creata
1514 1684 1595 1718 ra·

528 1747 775 1798 tionibus.
864 1747 976 1798 Has
1013 1755 1188 1799 autem
1234 1747 1463 1800 rationes
1510 1746 1597 1796 ubi

528 1822 887 1876 arbitrandum
933 1830 1016 1875 est
1059 1838 1176 1874 esse
1225 1824 1329 1873 nisi,
1376 1823 1430 1873 in
1480 1823 1599 1886 ipsa

527 1905 706 1951 mente
732 1899 1025 1950 creatoris?
1061 1901 1182 1951 Non
1206 1900 1345 1949 enim
1367 1906 1519 1949 extra
1539 1912 1597 1948 se

529 1977 805 2044 quicquam
831 1978 1056 2041 positum
1090 1976 1413 2039 intuebatur,
1437 1984 1495 2025 ut
1516 1990 1598 2025 se·

529 2055 754 2106 cundum
788 2055 842 2104 id
877 2054 1224 2105 constitueret
1244 2054 1382 2118 quod
1407 2053 1599 2103 consti·

529 2131 735 2194 tuebat,
766 2146 884 2180 nam
919 2132 1017 2184 hoc
1053 2131 1255 2194 opinari
1288 2131 1598 2195 sacrilegum

528 2207 642 2258 est!
714 2209 963 2260 Nonnulli
989 2216 1177 2273 putant
1210 2208 1296 2259 hie
1319 2209 1597 2274 legendum

526 2288 763 2352 airnilique
794 2288 849 2337 iu
880 2288 1089 2351 imagine
1118 2296 1337 2353 propter
1371 2302 1596 2338 versum.

529 2364 636 2414 Sed
661 2381 692 2414 a
727 2364 960 2429 pluribus
984 2365 1244 2416 omittitur
1267 2382 1367 2416 vox
1391 2366 1500 2429 illa,
1523 2366 1597 2430 in,

526 2454 633 2508 qua
685 2443 892 2494 sublata
944 2444 1153 2509 rectius.
1196 2443 1598 2508 significabitur,

526 2521 695 2572 ideam
721 2536 837 2572 esse
877 2521 1102 2586 modum,
1122 2538 1223 2589 quo
1266 2524 1411 2573 Deus
1443 2522 1599 2572 Mun·

529 2599 649 2651 dum
672 2597 882 2661 format,
905 2606 961 2655 et
977 2599 1139 2649 stabit
1156 2614 1350 2662 versus,
1372 2605 1435 2649 ut
1456 2597 1598 2663 apud

526 2677 714 2740 virgil.
736 2692 773 2729 1.
800 2676 993 2740 Georg.
1019 2691 1096 2728 vs,
1117 2681 1234 2727 281.
1301 2679 1318 2706 ‘
1343 2678 1448 2726 Ter
1469 2682 1594 2726 sunt

525 2754 700 2804 conati
724 2750 991 2817 imponere
1010 2753 1160 2803 Pelio
1179 2752 1400 2805 Ossam!

588 2834 611 2871 5
633 2829 969 2893 Perfectasque
994 2829 1170 2890 jubens
1202 2829 1466 2894 perfectum
1508 2830 1592 2880 ab·

521 2907 701 2960 solvere
717 2905 902 2970 partes]
937 2907 1010 2957 Ut
1033 2909 1168 2957 enim
1190 2907 1368 2957 divina
1387 2907 1593 2971 sapien-

525 2984 619 3044 tia,
642 2983 918 3049 divinaque
947 2985 1218 3034 voluntate
1233 2983 1464 3033 Mundus
1489 2982 1593 3048 pri-

522 3076 608 3115 mo
640 3059 891 3111 formatus
925 3068 1039 3123 θεῖς
1074 3060 1149 3110 sic
1192 3059 1376 3109 eadem
1414 3059 1595 3110 divina

521 3139 778 3204 capientia
819 3145 876 3189 et
908 3139 1183 3188 voluntate
1211 3136 1444 3187 Mundus
1477 3151 1595 3202 per-

521 3214 694 3266 fectus
730 3231 846 3265 suas
880 3221 1057 3279 partes
1091 3213 1350 3278 perfectas
1384 3213 1595 3265 videtur

524 3292 813 3355 absolvere,
829 3293 1048 3349 servatis
1066 3292 1270 3343 seilicet
1287 3289 1595 3357 quibusdam

522 3368 720 3431 legibus
745 3382 1017 3432 corporum
1053 3368 1302 3419 divinitus
1337 3367 1597 3419 coustitu-

519 3444 610 3509 tis,
673 3445 762 3494 Sic
785 3459 852 3493 ex
875 3459 942 3493 eo
963 3445 1101 3510 quod
1129 3445 1368 3508 materia,
1390 3444 1597 3495 ratione

519 3521 843 3588 quarundam
868 3523 1114 3586 partium,
1148 3522 1212 3571 ab
1248 3521 1400 3571 initio
1433 3520 1596 3573 fuerit

519 3598 574 3657 in
615 3598 794 3649 orbem
831 3605 990 3661 mota,
1024 3597 1247 3657 servatis>
1280 3597 1593 3661 quibusdam

520 3675 722 3739 legibus
757 3682 950 3737 motus,
989 3673 1114 3735 oriri
1158 3679 1447 3738 potuerunt
1481 3674 1590 3737 pri-

521 3766 661 3805 mum
685 3751 892 3818 quidem
917 3752 1192 3814 elementa,
1217 3750 1402 3802 deinde
1433 3767 1591 3817 gene-

526 3829 650 3879 ralis
672 3828 910 3893 quaedam
934 3829 1105 3877 anima
1129 3828 1391 3893 Universi‚
1404 3837 1594 3893 postea

522 3905 812 3969 peculiares
836 3904 1070 3972 quaedam
1091 3907 1274 3969 animae
1298 3921 1589 3971 corporeae,

517 3983 586 4037 de
617 3983 807 4048 quibus
844 3984 1080 4035 omnibus
1115 3984 1589 4050 deincepstracta·

520 4060 681 4112 bitur.

583 4144 605 4169 ⁸
630 4137 701 4186 Tu
722 4137 931 4187 numeris
949 4138 1177 4188 elementa
1209 4136 1357 4200 ligas]
1403 4150 1441 4187 1.
1466 4134 1590 4201 Agi-

414 4204 421 4208 ⁴
518 4222 610 4266 tur
628 4215 696 4266 de
721 4216 1027 4267 elementis:
1063 4232 1182 4281 quae
1209 4218 1346 4266 enim
1369 4230 1592 4280 corpora

519 4306 584 4342 ex
605 4294 620 4321 ‘
647 4294 869 4344 materia
885 4291 1150 4342 fluitante’
1177 4293 1397 4357 primum
1417 4293 1591 4345 oriun-

1676 1442 1779 1503 tur,
1792 1438 1905 1489 haec
1928 1444 2182 1490 vocantur
2199 1440 2477 1504 elementa,
2497 1441 2748 1507 qnoniam

1675 1530 1744 1566 ex
1782 1516 1860 1566 his
1902 1516 2072 1565 insitis
2109 1517 2313 1582 reliqua
2346 1532 2590 1581 corpora,
2624 1534 2748 1584 quae

1677 1599 1958 1657 propterea
1988 1593 2235 1643 dicuntur
2267 1596 2283 1623 ‘
2307 1593 2498 1657 mista,’
2532 1610 2750 1661 compo·

1677 1677 1900 1720 nuntur:
1949 1670 2063 1720 haec
2102 1678 2277 1720 autem
2316 1671 2581 1721 elementa
2626 1688 2748 1724 cnm

1680 1746 2031 1811 multitudine,
2067 1754 2178 1798 tum
2212 1748 2371 1798 etiam
2404 1749 2751 1813 qualitatibus

1679 1822 1789 1874 sive
1812 1823 1976 1873 modis
1997 1824 2075 1874 ita
2098 1825 2235 1876 inter
2251 1839 2310 1875 se
2323 1832 2592 1889 aptantur,
2610 1834 2675 1877 ut
2694 1832 2753 1878 et

1679 1897 1870 1965 frigida
1893 1916 2011 1953 cum
2043 1902 2246 1965 calidiS,
2278 1908 2333 1951 et
2366 1903 2498 1952 dura
2532 1918 2655 1958 cum
2694 1904 2754 1954 li·

1681 1977 1851 2044 quidis
1889 1979 2218 2043 conveniant,
2257 1994 2355 2030 nec
2391 1980 2530 2029 levia
2568 1996 2601 2031 a
2637 1997 2754 2046 gra·

1681 2056 1826 2106 vibus
1843 2057 1983 2107 inani
2000 2057 2223 2122 quodam
2240 2047 2384 2109 hiatu
2399 2065 2749 2123 separentur:

1678 2131 1768 2182 ubi
1791 2133 2133 2199 Philosophia
2163 2136 2370 2187 videtur
2389 2135 2572 2188 facere
2601 2152 2751 2187 men-

1678 2211 1874 2261 tionem
1914 2212 2242 2283 qualitatum,
2276 2228 2403 2278 quas
2439 2212 2751 2278 Philosophi

1679 2278 1834 2353 uulgo
1864 2296 2150 2354 agnoscunt
2182 2290 2236 2344 in
2270 2288 2564 2350 elementis,
2596 2305 2749 2355 quas-

1681 2380 1780 2431 que
1818 2365 1985 2416 miuus
2026 2366 2216 2415 Latine
2249 2374 2438 2415 vocant
2469 2367 2486 2396 ‘
2513 2368 2753 2418 alterati·

1680 2442 1795 2494 vas'
1840 2448 1897 2493 et
1938 2443 1955 2471 ⁴
1991 2440 2277 2493 metrices!
2340 2444 2355 2471 ‘
2394 2441 2750 2508 Alteratiuae,'

1678 2521 1942 2587 inquiunt,
1977 2521 1993 2549 ‘
2014 2528 2135 2570 sunt
2166 2521 2308 2573 calor
2338 2527 2395 2571 et
2425 2518 2615 2584 frigus,
2651 2521 2751 2571 sie..

1679 2599 1814 2649 citas
1848 2605 1903 2647 et
1939 2595 2258 2661 humidita8‚'
2292 2612 2408 2661 quae
2447 2597 2748 2662 significan-

1673 2679 1761 2724 tur
1795 2672 1875 2722 his
1908 2672 2100 2736 verbis,
2139 2672 2156 2700 ‘
2181 2680 2239 2722 ut
2271 2671 2467 2736 frigora
2498 2671 2746 2740 flamm»,

1672 2750 1837 2801 Arida
1859 2750 2171 2801 conveniant
2188 2749 2432 2815 liquidis-³
2455 2749 2471 2778 ‘
2486 2750 2749 2805 Motu-toea

1672 2843 1799 2879 vero
1816 2834 1939 2879 sunt
1955 2827 2142 2877 levitas
2162 2834 2215 2876 et
2232 2825 2500 2891 gravit88‚’
2524 2842 2748 2893 quarum

1673 2903 1864 2958 effecta
1907 2903 2094 2956 merito
2144 2904 2229 2954 hic
2276 2904 2602 2967 timerentur,
2650 2906 2750 2957 uisi

1674 2983 1936 3032 elementa
1969 2981 2100 3031 miro
2134 2981 2353 3046 quodam
2389 2981 2544 3032 modo
2570 2997 2601 3032 a
2626 2983 2750 3035 Deo

1676 3059 1833 3109 certis
1855 3058 1981 3109 locis
2000 3059 2423 3121 continerentur;
2451 3060 2748 3122 praesertim

1666 3135 1825 3200 juxta
1850 3136 2111 3200 vulgatam
2132 3135 2610 3199 Peripateticorum
2633 3137 2748 3200 opi·

1674 3214 1900 3266 nionem.
1962 3214 2019 3264 Si
2072 3213 2227 3277 enim,
2283 3219 2345 3263 ut
2393 3212 2748 3277 Peripatetici

1676 3300 1882 3358 optant,
1904 3298 2128 3358 quatuor
2149 3290 2260 3341 haee
2294 3291 2571 3352 elementa,
2594 3290 2747 3341 nimi·

1674 3384 1789 3422 rum
1824 3370 1978 3435 ignis,
2012 3367 2120 3430 ufir,
2154 3381 2307 3432 aqna,
2344 3372 2401 3416 et
2433 3371 2602 3430 terra,
2635 3366 2746 3418 sive

1675 3447 1935 3512 appetitu,
1957 3445 2066 3494 sive
2100 3443 2455 3506 inclinatione,
2485 3442 2597 3492 eive
2623 3458 2747 3509 qua·

1672 3524 1825 3574 litate
1858 3521 2084 3574 naturali
2117 3521 2195 3572 ita
2225 3519 2541 3585 afficiantur,
2573 3528 2635 3571 ut
2659 3521 2747 3573 aer

1675 3608 1731 3651 et
1754 3601 1883 3664 ignis
1903 3613 2104 3649 sursum
2122 3613 2214 3649 sua
2251 3598 2492 3660 levitate,
2523 3612 2665 3663 aqua
2690 3606 2747 3650 et

1675 3684 1817 3728 terra
1831 3669 2082 3728 'deorsum
2105 3690 2193 3725 sua
2218 3674 2481 3740 gravitate
2506 3675 2744 3733 tendant,

1673 3757 1795 3823 quid
1818 3756 2011 3816 obstat,
2035 3755 2140 3807 nisi
2164 3755 2312 3803 Deus
2330 3758 2591 3818 perpetuo
2621 3768 2746 3819 quo·

1670 3833 1791 3884 dam
1816 3834 2087 3895 miraculo,
2111 3830 2233 3897 quin
2256 3837 2482 3894 quatuor
2504 3829 2620 3894 haze
2641 3832 2746 3883 ela-

1667 3916 1862 3974 menta‚
1897 3908 2276 3976 quantumlibet
2316 3906 2584 3972 permista,
2633 3912 2744 3961 tan·

1671 3985 1791 4036 dem
1815 3985 2087 4050 aliquando
2121 4000 2153 4035 a
2176 3998 2231 4033 se
2254 3982 2476 4033 invicem
2499 3984 2741 4046 liberata,

1670 4063 1715 4117 si
1732 4077 1834 4113 non
1855 4062 2149 4127 intercepto
2172 4058 2395 4125 quodam
2413 4048 2557 4109 inani
2578 4059 2740 4120 hiatu,

1670 4139 1857 4197 saltem
1889 4138 1997 4188 suis
2031 4150 2252 4203 quaeque
2285 4134 2413 4185 locis
2438 4137 2741 4187 continean-

1673 4221 1794 4266 tur:
1829 4214 2258 4280 quemadmodum
2296 4226 2430 4277 aqua
2464 4218 2521 4263 et
2552 4214 2739 4276 oleum,

1672 4292 2057 4360 quantumlibet
2079 4290 2352 4356 permista,
2373 4290 2449 4340 ita
2470 4304 2503 4343 a
2526 4306 2642 4345 sese
2662 4293 2734 4345 iu·
