3049 4928
554 393 690 461 ‘454

1174 403 1179 408 ⁴
1256 403 1471 455 No‘rAE
1494 403 1922 456 ‘VAR10RUM
1978 407 2056 455 ΙΝ

567 567 653 616 ‘1¹1²
678 552 909 613 s0¹¹²fl¹fi⁸
944 554 1188 600 ‘'mmm'‘
1224 548 1438 614 ‘²¹⁸²“b0'j
1484 548 1500 576 ‘
1518 546 1616 597 F0·
1696 560 1930 612 morum!
1972 559 2160 624 Virgil.
2184 558 2379 622 Georg.
2404 571 2467 606 ιι.
2488 558 2505 586 ⁸
2527 556 2745 606 Pascun-

567 628 792 678 mentis!
814 628 850 676 i.
873 626 1103 675 medelis.
1158 625 1242 676 Sic
1263 624 1400 675 Plin.
1427 625 1619 674 Secun-
1697 645 1882 700 tumne
1905 635 2051 699 ignes
2072 634 2308 686 nocturni
2332 640 2387 683 et
2418 633 2611 683 unnim
2637 632 2747 681 fun-

556 704 687 765 ssus,
707 705 746 753 ¹·
769 718 829 754 1¹·
862 704 957 767 Ep·
984 708 1033 752 ⁷·
1069 703 1265 753 ‘Pater
1291 702 1389 751 ¹¹⁰0
1415 714 1640 765 quoque-
1699 715 1865 764 dunt:
1916 714 2069 763 sinus
2091 713 2214 762 Ital.
2238 712 2327 761 nb.
2352 725 2407 760 x.
2429 712 2445 738 ⁴
2467 710 2616 758 clm-0
2638 723 2749 772 per.
2838 724 2841 727 ·

570 783 880 840 merebatur,
915 780 1062 844 cujus
1100 779 1394 842 gravissimo
1418 777 1623 828 vulneri

570 874 755 923 magno
811 859 981 924 aliquo
1031 857 1261 907 fomento
1314 857 1621 908 medendum

572 935 707 986 fuit?
768 934 1017 999 Apuleius
1048 935 1135 986 lib.
1159 949 1222 985 ιι.
1247 937 1463 985 Metam.
1496 937 1623 984 ‘Te-

572 1023 731 1062 nnato
763 1011 1036 1061 admodum
1073 1013 1260 1061 viatico
1302 1011 1624 1076 paupertatis

574 1103 702 1138 meae
724 1088 950 1138 fomenta
971 1087 1235 1154 acquiro.'.
1256 1089 1422 1139 Sitzm.

644 1164 830 1215 Mna.
850 1168 901 1213 7.
969 1164 1198 1226 Nubibus,
1227 1164 1334 1227 ξιτ]
1367 1165 1495 1214 Cum
1530 1166 1626 1215 hoc

576 1240 811 1291 Carmine
835 1240 1010 1291 confer
1030 1243 1094 1290 B.
1120 1240 1390 1303 Augustin.
1412 1242 1499 1291 De
1513 1242 1625 1291 Civ.

576 1316 700 1379 Dei,
734 1332 780 1366 c.
804 1321 852 1365 8.
877 1317 962 1367 lib.
985 1331 1148 1367 xvnr.
1215 1318 1461 1370 Senecam
1508 1318 1626 1366 Phi-

576 1391 840 1454 losophum
864 1394 1068 1455 passim.
1093 1395 1252 1442 Idem.

578 1459 583 1464 ’
646 1468 861 1518 Nubibus
901 1470 1022 1519 atris
1067 1470 1293 1533 Condita]
1349 1472 1532 1520 Senec.
1576 1472 1628 1520 in

581 1544 744 1609 Hipp.
768 1560 841 1595 vs.
863 1550 976 1595 6⁷2.
1008 1548 1022 1575 ‘
1040 1546 1218 1595 Omnis
1242 1546 1489 1610 impulsus
1512 1556 1629 1596 ruat

579 1623 776 1683 AEther,
797 1627 851 1671 et
873 1622 998 1671 atris
1018 1622 1235 1671 nubibus
1252 1622 1441 1672 condat
1458 1622 1629 1672 diem.'

583 1699 650 1750 Q.
672 1699 814 1749 Curt.
849 1698 940 1748 lib.
966 1712 1043 1747 ιν.
1077 1701 1092 1726 ⁸
1110 1700 1346 1761 Repente
1373 1700 1479 1748 sive
1503 1699 1631 1749 illud

583 1775 814 1825 Deorum
849 1789 1051 1837 munus,
1088 1777 1197 1824 sive
1221 1789 1368 1824 casus
1390 1774 1508 1838 fuit,
1541 1777 1633 1826 ob-

584 1849 755 1899 ductae
780 1852 911 1900 coelo
934 1851 1096 1900 nubes
1130 1851 1408 1902 condidere
1440 1852 1637 1902 solem!

586 1928 736 1976 Idem.
1468 1960 1472 1963 <

657 2003 869 2053 Fundere
899 2011 1092 2068 possunt
1124 2006 1296 2055 Sidera
1317 2009 1490 2073 lumen]
1539 2010 1638 2058 Ln-

585 2083 714 2126 cret.
736 2080 826 2128 lib.
852 2093 890 2130 1.
915 2082 1074 2131 ‘Solis
1097 2084 1289 2133 lumina
1313 2099 1533 2148 cumque
1553 2085 1637 2133 In-

589 2160 765 2209 sertim
799 2159 1023 2212 fundunt
1055 2163 1223 2214 radios
1246 2179 1340 2229 per
1361 2180 1527 2229 opaca
1551 2166 1638 2214 do·

1703 790 1874 840 fundit
1894 791 2084 839 lumine
2108 786 2350 851 campos!
2381 786 2532 835 Idem.

1765 867 1967 931 Defluus
1997 868 2150 914 amnis
2182 879 2306 926 sape
2336 860 2544 923 resistit]
2576 861 2754 910 Senec.
2787 861 2795 871 '

1705 944 1757 993 in
1800 944 1966 1007 Hipp.
2002 957 2078 992 vs.
2120 946 2231 991 178.
2262 940 2371 989 ‘Ut
2413 940 2546 1006 dura
2580 945 2753 986 cautes

1704 1022 1932 1085 undique
1967 1018 2312 1069 intractabilis
2348 1016 2564 1065 Resistit
2600 1014 2762 1078 undis,

1706 1106 1761 1148 et
1783 1100 2095 1147 lacessentes
2120 1110 2278 1159 aquas
2303 1096 2482 1156 Longe
2509 1091 2758 1150 remittit3

1704 1176 1862 1233 ‚verba
1885 1176 1961 1224 sic
1982 1173 2182 1237 spernit
2205 1170 2351 1221 mea!
2386 1171 2540 1219 Idem.
2614 1222 2616 1224 .

1773 1251 1903 1299 Pelle
1937 1248 2174 1311 timorem]
2228 1248 2409 1297 Senec.
2443 1246 2495 1294 in
2521 1244 2674 1294 Med.
2696 1257 2763 1293 vs.

1707 1332 1789 1379 42.
1822 1331 1837 1357 ⁸
1856 1328 2004 1377 Pelle
2026 1326 2276 1375 femineos
2297 1322 2501 1373 metus!
2572 1323 2763 1371 Statius

1707 1407 1796 1455 lib.
1823 1420 1883 1455 ιι.
1915 1406 2116 1469 Sylvar.
2150 1404 2289 1455 ‘Qui
2328 1409 2548 1466 pectore
2584 1413 2765 1461 magno

1708 1482 1967 1546 Spemque
1988 1483 2284 1543 metumque
2300 1478 2476 1527 domas
2501 1476 2635 1524 vitio
2659 1473 2766 1521 sub-

1711 1559 1878 1606 limior
1917 1558 2055 1605 omni
2098 1557 2385 1617 Exemptus
2422 1552 2573 1611 fatis,
2609 1551 2768 1613 indig-

1711 1642 2019 1697 nantemque
2041 1630 2236 1681 refellis
2257 1627 2581 1688 Fortunam?

1777 1710 2007 1774 Spemque
2015 1709 2216 1771 fugato]
2237 1707 2507 1757 Claudiau.
2528 1705 2597 1753 de
2615 1703 2770 1752 Prob.

1714 1793 1769 1836 et
1803 1786 1987 1849 Olybr.
2033 1786 2335 1845 Consulatu,
2377 1797 2451 1830 vs.
2489 1785 2576 1831 64.
2621 1780 2771 1829 ‘Non

1715 1864 1871 1913 auxia
1905 1867 2130 1912 mentem
2175 1861 2306 1924 Spes
2346 1860 2473 1922 agit,
2519 1864 2577 1907 et
2624 1857 2772 1919 longo

1717 1939 1888 1989 tendit
1927 1938 2216 2003 praecordia
2255 1937 2407 1987 voto.'
2463 1936 2656 1985 t'Elian.
2693 1936 2774 1983 lib.

1689 2023 1693 2027 ’
1721 2029 1806 2066 ιιι.
1827 2017 1949 2065 Var.
1980 2016 2122 2064 Hist.
2155 2029 2270 2077 cap.
2301 2019 2382 2064 29.
2416 2012 2584 2074 ἔλεγεν
2605 2013 2633 2061 ὁ
2653 2012 2776 2061 Πλά-

1718 2110 1813 2141 των
1838 2092 1926 2141 τὰς
1955 2090 2146 2141 ἐλπίδας
2182 2089 2505 2155 ἐγρηγορότων
2541 2088 2779 2154 ἀνθρώπων

1720 2168 1917 2232 ὀνείρους
1938 2166 2069 2218 εἶναι.
2104 2168 2251 2217 Idem-

1435 2587 1768 2664 LIBER
1828 2590 1944 2664 Π.

655 2746 845 2797 ΡιιοεΛ
878 2751 926 2797 1.
993 2749 1362 2800 Blandissimam
1381 2751 1650 2811 familiari-
1715 2720 1720 2729 '

592 2822 762 2886 tatem]
813 2824 947 2874 Pub.
985 2827 1144 2890 Syrus
1165 2843 1178 2876 z
1230 2829 1245 2855 ‘
1266 2829 1496 2877 Fortuna
1534 2843 1649 2878 cum

594 2896 859 2949 blanditur
879 2908 1142 2964 captatum
1168 2905 1341 2953 venit!
1374 2903 1544 2954 Sitzm.

570 3008 575 3011 Α
657 2973 827 3024 Subita
850 2977 1071 3039 mutatio]
1116 2978 1344 3027 Videtur
1376 2980 1567 3029 imitari
1592 2979 1650 3028 il·

591 3049 681 3100 lud
719 3053 895 3116 Eurip.
930 3053 1208 3117 Κεκλημένφ
1237 3053 1290 3105 δὲ
1308 3056 1428 3120 φωτὶ
1447 3056 1654 3119 μακαρίῳ

593 3127 708 3177 ποτὲ
724 3130 788 3180 At
821 3130 1081 3190 μεταβολαὶ
1111 3130 1334 3196 λυπηρόν.
1368 3134 1382 3160 ‘
1405 3135 1548 3195 Viro,
1568 3134 1654 3198 qui

594 3204 718 3255 felix
741 3208 1018 3272 aliquando
1041 3218 1256 3259 vocatus
1288 3209 1406 3274 fuit,
1448 3210 1655 3261 Acerba

572 3296 680 3332 ses
701 3289 783 3332 est
804 3285 1056 3334 mutatio)
1122 3287 1273 3338 Unde
1308 3289 1655 3350 interrogatus

600 3357 743 3421 Bias,
754 3358 809 3407 Τί
822 3359 1061 3424 δυσχερὲς,
1073 3362 1169 3422 Τὴν
1184 3363 1259 3412 ἐπὶ
1274 3363 1331 3412 τὸ
1350 3366 1526 3428 χεῖρον,
1545 3365 1656 3427 ἔφη,

599 3435 873 3494 μεταβολὴν
893 3437 1088 3498 εἷνγενῶς
1121 3440 1346 3503 ἐνεγκεῖν,
1376 3442 1392 3469 ‘
1412 3441 1657 3504 quidnam

574 3519 734 3561 'esset
754 3512 984 3575 difficile,
1018 3516 1195 3579 Ferre,
1222 3517 1411 3580 inquit,
1446 3517 1658 3567 fortiter

598 3589 937 3639 mutationem
954 3606 1124 3641 rerum
1143 3593 1192 3641 iu
1215 3592 1479 3643 deterius!
1503 3595 1659 3658 Diog.

601 3664 776 3714 Laert.
817 3665 869 3713 in
899 3681 977 3716 eo.
1029 3668 1163 3717 Pub.
1185 3668 1366 3732 Syrus,
1403 3670 1418 3696 ‘
1441 3669 1660 3719 Gravius

601 3750 774 3803 uocet,
811 3740 1155 3806 quodcunque
1176 3745 1502 3808 inexpertum
1524 3746 1660 3795 acci-

602 3816 719 3867 dit!
781 3816 980 3867 Seneca
1001 3818 1090 3868 lib.
1112 3819 1179 3870 de
1204 3821 1418 3870 Provid.
1455 3822 1470 3849 ‘
1491 3822 1662 3885 Magis

601 3898 792 3955 urgent
814 3908 954 3943 saeva
974 3894 1304 3959 inexpertos.'
1346 3897 1523 3946 Vallia.
1617 3930 1618 3933 =

667 3970 861 4018 Musica
885 4005 898 4020 .
919 4005 931 4019 .
954 4005 966 4020 .
990 3981 1120 4020 nunc
1141 3973 1355 4037 leviores,
1393 3989 1516 4024 nunc
1549 3989 1664 4036 gra-

510 4086 513 4089 ,
601 4045 753 4094 viores
774 4047 928 4105 modos
947 4049 1179 4114 succinat]
1223 4050 1441 4101 Musicae
1466 4050 1668 4113 laudes,

574 4153 579 4159 ,
602 4123 813 4187 ejusque
833 4123 933 4172 vim
958 4126 1269 4188 pulcerrima
1293 4127 1527 4189 Epistola
1545 4143 1666 4176 exe·

605 4201 777 4326 gitur
842 4201 1134 4253 Cassiodor.
1202 4217 1266 4261 ιι.
1321 4203 1526 4254 Variar.
1580 4208 1663 4255 40.

653 4277 777 4329 'tvm

1794 2750 1937 2800 Laris
1969 2752 2121 2799 nostri
2157 2749 2371 2812 vernula]
2406 2748 2538 2797 Mss,
2568 2752 2625 2797 et
2647 2744 2778 2795 E'tlit.

1732 2832 1964 2881 Florent.
2017 2831 2295 2881 vernacula.-
2350 2845 2506 2892 quiam
2561 2828 2776 2877 voculam

1732 2908 1889 2958 etiam
1911 2908 2205 2957 Martianus
2222 2907 2436 2968 Capella
2454 2905 2621 2954 utitur
2636 2904 2688 2953 in
2709 2916 2780 2966 pr-

1729 2986 1823 3036 lib.
1846 3000 1925 3034 vl.
1954 2987 2036 3034 De
2059 2987 2226 3049 Nupt.
2249 2983 2592 3047 Philologiae:
2631 2984 2647 3011 ‘
2665 2981 2783 3029 Ver·

1734 3062 1932 3110 naculae
1980 3062 2260 3110 Bromiales
2300 3067 2473 3109 tantos
2516 3057 2785 3107 cachinnos

1735 3138 1998 3187 concussis
2038 3137 2310 3187 admodum
2350 3136 2523 3185 tulere
2564 3131 2784 3197 singulti·

1735 3213 1869 3263 bns!
1911 3214 2059 3265 Idem.

1803 3289 2175 3354 Deprehendisti
2196 3289 2308 3338 caeci
2329 3287 2541 3338 numinis
2552 3288 2786 3348 ambiguos

1734 3367 1914 3430 vallus]
1968 3366 2221 3429 Apuleius
2253 3366 2469 3415 libsvn.
2540 3367 2556 3394 ‘
2581 3364 2790 3414 Subibat

1735 3458 1837 3504 me,
1873 3457 1971 3492 non
1996 3443 2061 3491 de
2094 3442 2250 3491 nihilo
2286 3441 2479 3490 veteris
2504 3440 2788 3504 priscaeque

1738 3520 1985 3568 doctrinae
2012 3519 2147 3567 viros
2180 3516 2389 3566 finxisse
2424 3531 2487 3566 ae
2524 3514 2791 3580 pronunci-

1740 3610 1851 3643 asse
1890 3609 2081 3644 caecam
2126 3601 2182 3643 et
2216 3608 2425 3658 prorsus
2469 3594 2790 3642 exoculatam

1740 3685 1854 3720 esse
1896 3670 2187 3719 fortunamt
2256 3685 2371 3734 quae
2428 3683 2637 3733 semper
2685 3681 2791 3717 suas

1741 3761 1866 3810 opes
1903 3747 1966 3794 ad
1991 3747 2152 3794 malos
2175 3752 2229 3794 et
2252 3744 2494 3808 indignos
2525 3744 2791 3803 conferat;

1744 3837 1839 3870 nec
1863 3836 2086 3886 unquam
2113 3820 2315 3884 judicio
2349 3835 2647 3885 quenquam
2673 3834 2794 3869 mor·

1745 3898 1925 3946 talium
1966 3898 2160 3960 eligatz
2217 3897 2371 3945 immo
2404 3911 2534 3946 vero
2574 3912 2690 3947 cum
2722 3895 2792 3944 his

1747 3975 2065 4038 potissimum
2106 3973 2412 4035 diversetur,
2449 3989 2597 4037 quos,
2624 3973 2793 4037 procul

1744 4051 1786 4099 si
1813 4050 2028 4112 videret,
2065 4048 2247 4113 fugere
2279 4049 2522 4099 deberet:
2561 4050 2789 4114 quodque

1745 4130 1943 4178 cunctis
1976 4138 2059 4177 est
2096 4128 2394 4189 extremius,
2430 4129 2602 4177 varias
2639 4125 2792 4190 opini-

1745 4219 1888 4267 ones,
1930 4204 2083 4253 immo
2139 4204 2425 4254 contrarias
2466 4202 2618 4252 nobis
2660 4201 2791 4252 attri-

1744 4280 1904 4341 buat3
1940 4286 1996 4330 nt
2019 4280 2073 4330 et
2094 4280 2260 4330 malus
2278 4278 2401 4330 boni
2423 4279 2522 4328 viri
2541 4277 2673 4329 fama
2694 4278 2788 4340 glo·
