3049 4928
548 423 851 475 BOE'I'HII
905 422 998 472 DE
1045 417 1353 470 coNSoL.
1401 412 1845 463 PHILOSOPH.
1895 410 2045 460 [ΑΒ.
2091 407 2174 458 11.

309 569 639 633 officialibus,
661 572 758 619 διο.
802 567 970 617 Sitzm.

368 648 630 710 cuicunque
662 648 878 695 velocitas
907 644 1087 707 adest]
1110 643 1342 692 Palmam

303 724 582 772 velocitatis
647 724 851 786 quinam
904 721 1099 770 fuerint
1152 719 1345 782 adepti,

306 801 547 864 percipies
570 814 633 848 ex
655 799 818 848 Solini
848 798 1190 862 Polyhistore,
1225 810 1272 845 c.
1296 800 1344 845 6.

262 903 265 906 Δ
299 875 447 924 ‚Iden

364 951 508 1014 Atqui
527 968 611 1000 nec
629 966 736 1013 opes
755 949 1060 1013 inexpletam]
1082 949 1115 1000 J
1121 948 1347 997 uvenalis

307 1028 404 1078 Sat.
435 1034 512 1079 14.
543 1030 785 1078 ‘Interea
821 1030 974 1091 pleno
1014 1041 1130 1074 cum
1171 1031 1347 1088 turget

305 1106 527 1154 sacculus
573 1120 683 1167 ore,
726 1105 930 1153 Crescit
970 1117 1111 1151 amor
1153 1100 1346 1150 nummi

301 1188 535 1243 qnantum
558 1181 670 1244 ipsa
692 1180 908 1244 pecunia
929 1179 1135 1240 crescit,
1162 1178 1231 1226 Et
1253 1177 1347 1225 mi·
1381 1223 1391 1233 ‚

300 1255 389 1305 niis
409 1258 539 1307 hanc
562 1265 711 1322 optat
735 1258 823 1321 qui
843 1271 944 1305 non
967 1254 1162 1305 habet.'
1197 1254 1347 1303 Idem.

368 1334 548 1383 Collata
583 1334 809 1397 improbis
850 1333 1062 1393 dignitas
1091 1347 1184 1379 non
1215 1333 1349 1379 modo

304 1412 409 1474 non]
453 1412 674 1460 Salvian.
706 1411 796 1459 lib.
818 1424 895 1459 ιν.
936 1410 1016 1457 De
1041 1409 1179 1459 Gub.
1212 1408 1348 1456 Dei:

300 1488 318 1518 ·‘
335 1486 466 1537 Quid
488 1493 570 1536 est
585 1487 812 1550 dignitas
829 1488 880 1535 in
902 1486 1131 1548 indigno,
1152 1484 1247 1533 nisi
1269 1498 1349 1533 or-

304 1571 589 1613 namentum
645 1565 697 1612 in
750 1563 916 1613 luto?
967 1562 1101 1611 Pub.
1156 1562 1348 1626 Syrus:

306 1639 320 1663 ‘
338 1639 467 1688 Loco
496 1640 790 1703 ignominiae
813 1646 894 1689 est
918 1639 1055 1703 apud
1088 1637 1349 1701 indignum

307 1715 552 1779 dignitas.'
632 1717 774 1767 Scite
815 1717 971 1765 etiam
1013 1715 1351 1765 Cassiodorus

307 1806 377 1841 VI.
398 1794 597 1843 Variar.
628 1799 707 1844 15.
739 1796 755 1821 ‘
770 1794 907 1841 Talis
929 1797 1010 1842 est
1032 1805 1352 1855 unaquaeque

307 1868 539 1932 dignitas,
577 1870 746 1934 qualis
786 1869 1250 1918 administrantium
1273 1873 1354 1916 est

306 1946 548 1996 voluntas.
620 1947 762 1995 Nihil
784 1945 1043 2009 abjectum
1083 1950 1182 2008 est,
1216 1942 1354 2009 quod

306 2018 357 2066 in
394 2020 591 2083 Repub.
625 2023 841 2085 geritur,
876 2023 974 2071 nisi
1011 2023 1158 2071 malis
1193 2020 1355 2072 fuerit

305 2097 518 2147 moribus
543 2098 684 2148 forte
708 2098 981 2148 vitiatum?
1019 2099 1167 2148 Idem.
1286 2133 1289 2138 -

367 2173 546 2224 METR.
580 2179 632 2224 6.
700 2176 949 2237 Novimus,
985 2175 1088 2238 ξω]
1156 2176 1218 2224 In
1257 2176 1354 2226 hoc

307 2252 535 2304 Carmine
551 2255 856 2319 perstringit
869 2255 1236 2303 immanitatem
1255 2256 1354 2304 Ne-

309 2331 455 2394 ronis,
488 2332 875 2396 horrendosque
904 2333 1160 2381 cruciatus
1189 2340 1243 2381 et
1268 2348 1357 2381 ex-

309 2408 487 2471 empla,
504 2423 624 2474 quae
647 2408 698 2457 in
722 2406 957 2471 fratrem,
973 2416 1209 2471 matrem,
1234 2409 1358 2457 alios

309 2482 521 2550 deniqne
560 2486 751 2549 edidit,
789 2486 1062 2535 evidenter
1100 2493 1358 2536 recenset.

309 2560 451 2611 Idem.

310 2667 316 2673 -
367 2639 603 2689 Novimus
619 2646 817 2704 quantas
832 2640 1015 2689 dedem't
1030 2637 1219 2700 ruinas]
1254 2639 1361 2688 Ne-

311 2730 407 2780 que
447 2725 625 2768 tamen
662 2719 892 2782 impune.
955 2719 1187 2780 Dignum
1226 2718 1362 2764 enim

313 2795 593 2844 sceleribus
617 2796 720 2844 suis
744 2796 866 2844 vitae
894 2795 1168 2842 terminum
1193 2810 1364 2856 μητρο-

310 2870 464 2922 κτόνος
485 2874 590 2922 iste
611 2871 803 2935 posuit.
841 2870 1121 2920 Ausonius:
1149 2869 1363 2918 ‘Matri-

304 2949 422 2998 ›cida
444 2952 593 3001 Nero
617 2949 825 3013 proprio
858 2962 913 2998 se
951 2946 1174 3010 perculit
1207 2943 1364 2995 ense!

313 3025 454 3077 Idem.

304 3130 309 3133 Α
376 3103 503 3153 Urbe
523 3103 805 3168 flammata]
840 3101 1144 3151 Incendium
1179 3099 1361 3148 Romae

313 3181 558 3243 respicit3
608 3197 638 3228 a
678 3181 884 3230 Nerone
930 3184 1279 3242 procuratum,
1322 3176 1364 3224 si

312 3256 556 3307 Suetonio
622 3251 899 3316 credimus,
974 3256 1182 3304 Nerone
1247 3269 1363 3318 cap.

313 3346 558 3386 xxxviii.
600 3336 811 3384 Tacitus
855 3339 1007 3382 cante
1048 3332 1233 3381 Annal.
1271 3345 1366 3382 XV.

286 3430 293 3441 =
313 3411 328 3438 ‘
342 3411 587 3475 Sequitur
606 3411 795 3471 clades,
816 3408 973 3468 forte,
993 3422 1058 3456 an
1077 3407 1196 3456 dolo
1219 3407 1368 3456 Prin·

314 3488 463 3550 cipis,
477 3489 764 3548 incertum3
799 3502 911 3535 nam
941 3493 1212 3550 utrumque
1236 3487 1370 3536 Auc-

312 3569 449 3614 tores
494 3565 802 3630 prodidere3
849 3563 941 3612 sed
978 3561 1211 3611 omnibus
1252 3578 1367 3626 quae

314 3642 433 3692 isne
456 3643 569 3692 urbi
591 3656 686 3705 per
709 3639 1005 3690 violentiam
1026 3639 1213 3700 ignium
1234 3640 1370 3702 acci-

317 3717 519 3782 derunt,
555 3719 758 3782 gravior
780 3725 936 3781 atque
959 3714 1215 3765 atrocior?
1250 3717 1371 3764 Ber·

317 3800 439 3843 nm.

316 3898 325 3903 =
362 3872 515 3920 -Urbe
538 3869 816 3936 flammata]
856 3869 994 3917 Vide
1034 3869 1245 3918 Sueton.
1283 3869 1374 3920 lib.

318 3959 395 3994 vr.
438 3948 640 3997 Statius
677 3948 728 3994 in
768 3932 1108 3995 Genethliaco
1155 3945 1375 4005 Lucani,

317 4022 449 4071 libro
494 4037 556 4073 11.
590 4024 792 4086 Sylvar.
839 4021 1027 4069 ‘Dices
1068 4019 1377 4069 culminibus

323 4097 471 4144 Remi
498 4097 730 4160 vagantis
769 4094 1017 4153 Infandos
1050 4095 1262 4145 Domini
1286 4111 1376 4145 no·

324 4174 486 4222 centis
508 4173 689 4235 ignes!
720 4171 888 4221 Sitzm.

324 4290 328 4295 .
387 4249 698 4313 Patribusque
714 4247 868 4310 caesis]
890 4248 1025 4297 Vide
1043 4262 1146 4312 prae
1154 4255 1235 4303 ter
1251 4249 1379 4299 Sue·

2345 392 2478 456 475

1415 560 1631 622 tomum,
1650 556 1894 607 Tacitum
1914 555 2006 604 lib.
2028 566 2149 603 xvr.
2184 549 2478 600 Annalium.

1419 637 1570 685 Idem.
1789 649 1790 652 ¹
2235 647 2243 670 ι

1487 711 1682 775 Fratre]
1726 708 2029 758 Britannico
2066 704 2281 755 scilicet.
2348 704 2478 752 Cum

1417 790 1554 837 enim
1585 789 1727 837 Nero
1755 784 1935 835 matris
1957 782 2261 847 Agrippinas
2283 779 2480 829 artibus

1418 881 1451 915 a
1471 864 1689 915 Claudio
1713 863 1988 926 adoptatus
2020 858 2223 917 fuisset,
2247 856 2483 919 proprio-

1419 955 1518 1006 que
1542 940 1649 991 filio
1673 939 1971 989 Britannico
1994 951 2060 986 ex
2085 934 2366 984 Messalina
2391 946 2481 981 na·

1421 1025 1476 1067 to
1500 1018 1778 1081 praelatus:
1813 1029 1930 1063 eum
1954 1013 2097 1062 Nero
2124 1011 2481 1060 adolescentu-

1420 1097 1524 1145 lum
1551 1096 1690 1159 prins
1711 1101 1894 1157 stupro
1918 1093 2190 1156 pollutum,
2205 1104 2324 1138 mox
2347 1089 2486 1137 inter

1421 1187 1569 1221 sacra
1590 1186 1781 1220 mensae
1803 1175 2004 1218 veneno
2038 1173 2144 1217 tam
2185 1166 2363 1216 lethali
2403 1179 2483 1213 re-

1423 1249 1642 1311 petitum
1662 1246 1892 1308 sustulit,
1914 1253 1972 1293 ut
1992 1259 2054 1294 eo
2074 1243 2251 1292 statim
2274 1249 2486 1304 sumpto

1425 1340 1524 1375 vox
1548 1324 1743 1388 pariter
1767 1330 1821 1372 et
1850 1322 2063 1386 spiritus
2098 1322 2212 1383 ejus
2244 1333 2485 1382 raperen-

1426 1409 1527 1452 tur.
1593 1399 1956 1450 Fratricidium
1978 1400 2077 1447 hoc
2100 1394 2364 1445 infandum
2386 1396 2484 1442 Ta·

1425 1481 1562 1529 citus
1596 1478 1687 1527 lib.
1725 1477 1999 1527 Annalium
2042 1488 2170 1523 xm.
2208 1472 2487 1521 Suetonius

1426 1566 1479 1604 et
1503 1556 1639 1604 Dion
1662 1555 1713 1602 in
1741 1554 1950 1603 Nerone
1984 1555 2269 1614 exponunt.
2312 1548 2485 1597 Vallia.

1428 1634 1658 1681 Bernart.
2419 1665 2422 1670 .

1499 1711 1670 1759 Fratre
1686 1710 1768 1772 qai
1787 1704 2039 1771 quondam]
2076 1705 2159 1752 D'e
2182 1700 2488 1750 Britannico

1427 1787 1675 1849 loquitur,
1713 1800 1865 1850 quem
1894 1782 1942 1830 N
1947 1796 2036 1831 ero
2058 1793 2257 1829 veneno
2280 1791 2488 1840 aggres-

1431 1877 1516 1911 sus
1541 1869 1637 1911 est.
1677 1862 1862 1910 Senec.
1885 1859 1936 1907 in
1962 1857 2086 1905 Oct.
2109 1870 2184 1904 VS.
2212 1857 2325 1902 240.
2348 1852 2492 1914 ‘Spi-

1431 1939 1584 1987 ritum
1606 1937 1759 1987 fratri
1783 1932 2030 1985 abstulit.'
2094 1929 2373 1992 Eutropius
2397 1927 2488 1977 lib.

1431 2030 1536 2066 vn.
1560 2017 1576 2044 ‘
1596 2016 1883 2066 Parricidia
1903 2014 2065 2062 multa
2086 2009 2363 2070 commisit,
2386 2006 2492 2055 fra-

1432 2100 1535 2156 tre,
1555 2109 1734 2156 uxore,
1761 2100 1930 2143 matre
1952 2086 2284 2141 interfectis!
2319 2086 2490 2136 Sitzm,

1497 2174 1680 2223 Matris
1699 2172 1847 2237 effuso
1869 2171 2052 2219 maduit
2066 2166 2249 2230 cruore]
2274 2166 2395 2214 Huc
2413 2178 2492 2212 re·

1431 2248 1511 2298 fer
1535 2250 1916 2309 argutissimum
1950 2244 2494 2305 mordacissimumque

1434 2327 1768 2389 Epigramma
1788 2324 1925 2390 quod
1960 2330 2107 2372 extat
2142 2320 2280 2384 apud
2314 2319 2498 2368 Sueto-

1435 2404 1576 2450 nium
1598 2402 1684 2451 lib.
1709 2416 1787 2451 vr.
1806 2404 1822 2429 ‘
1840 2400 1970 2451 Quis
1988 2405 2148 2462 negat
2164 2398 2336 2446 AEneae
2354 2409 2496 2457 mag-

1434 2494 1503 2527 na
1524 2479 1591 2528 de
1627 2480 1791 2541 stirpe
1827 2476 2123 2527 Neronem?
2153 2473 2375 2523 Sustulit
2411 2471 2494 2520 hic

1434 2563 1673 2611 matrem,
1707 2555 1913 2603 sustulit
1931 2554 2019 2601 ille
2046 2547 2279 2614 patrem!
2324 2547 2473 2596 Idem.

1505 2634 1685 2696 Corpus
1703 2637 1748 2680 et
1772 2631 1876 2679 visu
1891 2629 2099 2690 gelidum
2117 2625 2390 2690 pererrans]
2429 2625 2495 2675 ld

1438 2724 1504 2758 ne
1528 2708 1720 2758 fecer-it
1741 2707 1952 2756 dubium
1978 2705 2266 2768 relinquere
2283 2702 2498 2751 Tacitus

1438 2786 1656 2834 maluit:
1694 2800 1809 2833 cum
1838 2793 1942 2832 tam
1983 2781 2348 2847 propudiosum
2373 2777 2497 2828 faci·

1435 2877 1532 2910 nus
1553 2862 1825 2921 hominem,
1842 2858 2029 2907 nedum
2053 2859 2335 2906 Romanum
2363 2855 2502 2917 prin-

1437 2941 1607 3002 cipem
1640 2937 1909 2987 admisisse
1937 2935 2033 2984 sibi
2057 2933 2263 2998 quidem
2287 2946 2498 2994 persua-

1438 3017 1565 3064 dere
1587 3022 1687 3063 non
1712 3019 1887 3078 posset
1909 3018 1968 3061 ut
1991 3009 2249 3058 crederet.
2282 3006 2388 3056 Sed
2406 3021 2499 3054 cur

1439 3092 1717 3140 Suetonius
1743 3088 2009 3152 vulgavit?
2043 3088 2057 3114 ‘
2077 3083 2392 3145 Adduntm·,'
2424 3084 2503 3130 in—

1439 3170 1571 3230 quit,
1604 3168 1619 3194 ‘
1640 3168 1714 3214 his
1737 3166 2010 3225 atrociora,
2030 3177 2125 3211 nec
2148 3161 2360 3210 incertis
2377 3174 2498 3208 auc-

1439 3246 1660 3306 toribus,
1682 3244 1747 3292 ad
1769 3243 2030 3292 visendum
2052 3238 2375 3289 interfectas?
2394 3253 2501 3286 ma·

1444 3324 1539 3371 tris
1558 3325 1573 3350 ‘
1588 3321 1812 3371 cadaver
1827 3319 2133 3380 accurrisse,
2149 3322 2500 3366 contrectasse

1442 3399 1693 3459 membra,
1738 3397 1842 3446 alia
1879 3396 2220 3457 vituperasse,
2255 3393 2357 3441 alia
2392 3393 2500 3441 lan-

1443 3477 1608 3537 dasse,
1628 3474 1818 3537 sitique
1840 3471 2049 3521 interim
2070 3470 2255 3520 oborta
2276 3468 2503 3518 bibisse.’

1441 3552 1544 3602 Sed
1568 3566 1599 3600 o
1625 3550 1787 3615 pudet
1807 3546 2078 3596 verborum
2102 3545 2310 3595 Dionis!
2337 3545 2506 3593 Μαθὼν

1445 3628 1496 3678 δὲ
1517 3631 1544 3677 ὁ
1564 3626 1720 3693 Νέρων
1740 3626 1810 3675 ὅτι
1844 3622 2085 3686 τέθνηκεν,
2110 3622 2194 3670 οὐκ
2215 3621 2503 3672 ἐπίστευσεν.

1447 3708 1535 3756 ὑπὸ
1577 3707 1673 3771 γὰρ
1713 3706 1800 3754 τοῦ
1832 3701 2054 3766 μεγέθους
2088 3701 2175 3749 τοῦ
2207 3699 2507 3761 τολμήματος

1446 3783 1639 3834 ἀπιστία
1658 3783 1783 3843 αὐτῷ
1805 3777 2031 3842 ὑπεχύθη,
2067 3776 2147 3826 καὶ
2175 3768 2254 3825 8ιᾶ
2265 3778 2408 3825 τοῦτο
2429 3777 2508 3825 αὐ-

1443 3861 1624 3918 τόπτης
1660 3856 1917 3918 ἐπεθύμησε
1952 3855 2039 3904 τοῦ
2073 3851 2253 3903 πάθους·
2273 3851 2507 3915 γενέσθαι.

1447 3938 1524 3988 καὶ
1560 3935 1704 3993 αὐτήν
1731 3953 1789 3983 τε
1817 3936 1977 3982 πᾶσαν
2007 3929 2099 3980 εἶδε
2132 3929 2396 3993 γυμνώσας,
2431 3930 2510 3978 καὶ

1447 4016 1508 4064 τὰ
1536 4012 1781 4078 τραύματα
1814 4012 1957 4068 αὐτῆς
1993 4007 2300 4070 ἐπεσκέψατο.
2334 4009 2412 4056 καὶ
2430 4005 2507 4056 τέ-

1448 4101 1551 4152 λος,
1602 4087 1726 4137 πολὺ
1766 4086 1845 4136 καὶ
1884 4088 1973 4135 τοῦ
2013 4084 2157 4148 φόνου
2208 4084 2511 4147 ἀνοσιώτερον

1450 4166 1562 4217 ἔπος
1594 4163 1866 4228 ἐφθέγξατο.
1898 4160 1998 4211 εἷπε
2026 4161 2121 4226 ’γὰρ
2154 4160 2226 4211 ὅτι
2258 4162 2358 4210 Οὔκ
2387 4159 2514 4224 ᾔδειν

1452 4243 1524 4294 ὅτι
1544 4241 1663 4293 οὕτω
1684 4239 1837 4300 καλὴν
1852 4240 2031 4302 μητέρα
2049 4236 2196 4301 εἶχον.
2262 4238 2346 4288 Ita
2364 4243 2512 4289 certe
