3049 4928
1011 382 1529 432 Pnlhosopntffi
1578 381 1725 429 mn.
1771 381 1818 427 1.

581 530 759 609 Quis
788 530 1019 594 volvat
1044 527 1362 594 stabilem
1392 527 1671 611 spiritus
1701 528 1984 604 orbem)¹

2431 364 2523 429 75

2434 523 2524 588 15

576 631 717 697 Vel
751 651 870 697 cur
899 630 1284 715 Hesperias
1313 631 1502 696 sidus
1533 632 1601 696 in
1627 630 1848 695 undas

309 830 399 864 non
435 829 572 865 secus
603 829 659 863 ac
697 814 919 878 quisnam·
947 812 1146 878 spiritus
1182 817 1426 862 convertat
1464 814 1630 862 coelum
1663 817 1900 873 constans,
1935 814 2020 860 aut
2069 823 2214 874 quare
2249 812 2431 858 astrum
2466 810 2519 858 in

1309 939 1522 994 NOTAE

308 1041 551 1092 Euxino:
603 1040 701 1090 nisi
747 1047 919 1090 tamen
964 1040 1077 1104 ipse
1138 1039 1372 1089 Euxinus

308 1117 518 1172 dicatur
578 1118 796 1180 Pontus,
835 1131 903 1166 ex
945 1130 1009 1165 eo
1056 1116 1194 1180 qnod
1231 1130 1372 1165 mare

307 1208 457 1244 omne
478 1195 774 1243 nominatur
788 1195 1009 1255 Pontus,
1028 1190 1164 1242 forte
1184 1206 1215 1241 a
1235 1191 1376 1243 πόνος

304 1271 473 1333 labor,
510 1272 753 1335 qnoniam
792 1272 1002 1334 plenum
1043 1278 1122 1320 est
1166 1271 1376 1322 laboris.

307 1346 498 1412 virgil.
518 1347 632 1396 Ecl.
648 1359 728 1396 lx.
749 1351 914 1397 vs.5⁷.
942 1347 958 1375 ‘
982 1342 1052 1397 Et
1070 1362 1205 1396 nunc
1222 1362 1375 1397 omne

306 1424 405 1475 tibi
443 1430 670 1473 stratum
705 1424 825 1475 silet
866 1439 1064 1489 aequor,
1104 1429 1159 1473 et
1181 1440 1377 1488 omnes,

302 1489 524 1564 Aspice,
560 1501 761 1550 ventosi
778 1501 1081 1551 ceciderunt
1105 1503 1378 1551 murmuris

306 1576 487 1627 aurae)
555 1578 624 1627 Et
644 1578 757 1627 Ecl.
782 1590 861 1626 vt.
889 1592 961 1626 vs.
984 1581 1066 1627 35.
1098 1579 1114 1605 ‘
1132 1578 1259 1626 Tum
1282 1577 1375 1626 du-

301 1666 423 1702 rare
458 1655 647 1715 solnm,
668 1660 724 1703 et
740 1653 1035 1704 discludere
1057 1655 1230 1704 Nerea
1249 1669 1373 1719 pon-

303 1729 396 1780 to!
461 1731 543 1779 Ex
562 1729 750 1794 quibus
770 1736 914 1794 patet
937 1746 1090 1795 quam
1106 1731 1373 1796 ingeniose

306 1805 450 1856 venti
478 1805 721 1855 dicantur
752 1805 768 1833 ‘
789 1805 1050 1856 solicitare
1069 1806 1084 1829 '
1119 1807 1229 1857 sive
1265 1814 1370 1858 tur-

303 1881 433 1930 bare
473 1882 491 1908 ‘
515 1895 726 1945 aequora
770 1882 932 1931 Ponti
950 1882 984 1932 ι’
1028 1898 1145 1933 cnm
1194 1899 1371 1950 aequor

305 1958 518 2022 proprie
558 1972 662 2007 non
702 1965 811 2007 tam
851 1973 994 2010 mare
1031 1966 1199 2023 notet,
1218 1977 1369 2025 quam

303 2033 418 2097 ejus
444 2032 738 2097 planitiem,
767 2049 883 2099 quae
920 2033 1165 2086 flantibus
1200 2038 1368 2088 ventis

300 2109 574 2159 turbatur.

366 2191 391 2216 '
412 2185 537 2239 Quis
554 2185 707 2233 volvet
732 2184 947 2235 stabilem
967 2186 1168 2249 spiritus
1188 2188 1367 2253 orbem]

304 2274 358 2311 v.
376 2262 633 2312 Boethius
661 2261 809 2313 addit
824 2277 882 2312 se
905 2266 1208 2327 cognovisse
1225 2266 1368 2317 illum

300 2337 550 2387 universi
574 2338 832 2401 spiritum,
848 2353 999 2402 quem
1024 2339 1198 2403 Plato,
1222 2340 1368 2391 Aris-

302 2415 514 2476 toteles,
561 2415 767 2476 Cicero,
802 2415 1050 2479 Virgilius
1093 2416 1370 2484 pluresque

302 2507 365 2543 ex
404 2492 638 2557 antiquis
679 2493 976 2542 auctoribus
1015 2505 1368 2558 agnoveruntx

302 2568 388 2632 qui
427 2569 644 2633 quidem
675 2569 889 2631 spiritus
925 2569 1054 2619 nihil
1092 2577 1174 2621 est
1214 2573 1373 2635 aliud,

300 2659 454 2709 qnam
479 2657 668 2708 corpus
688 2644 947 2709 quoddam
966 2644 1369 2712 subtilius,quod

301 2734 396 2783 per
417 2727 600 2768 cetera
621 2735 840 2783 corpora
855 2719 1098 2772 diffusum
1121 2722 1233 2772 haec
1247 2724 1371 2788 jux-

303 2801 359 2845 ta
389 2796 538 2860 leges
577 2805 746 2846 motus
788 2812 820 2846 a
857 2798 971 2848 Deo
1003 2799 1117 2863 ipso
1141 2805 1369 2850 statutas

292 2881 498 2924 movet.
524 2872 713 2937 Virgil.
731 2874 846 2924 AEn.
869 2888 940 2923 vx.
956 2890 1028 2925 vs.
1046 2881 1161 2927 724.
1182 2878 1198 2906 ‘
1216 2877 1366 2926 Prin-

299 2948 436 3012 cipio
477 2950 689 3010 coelum,
721 2964 786 2998 ac
829 2956 1014 3014 terras,
1049 2967 1367 3017 camposque

301 3024 582 3089 liquentes,
607 3026 992 3093 Lucentemque
1024 3029 1232 3091 globum
1264 3031 1363 3080 Lu·

300 3114 403 3162 ιω,
424 3101 737 3165 Titaniaque
783 3110 924 3152 astra
961 3104 1187 3168 Spiritus
1228 3107 1365 3156 intus

296 3176 416 3239 alit,
454 3182 723 3241 totamque
742 3176 910 3228 infusa
928 3193 1023 3242 per
1046 3186 1188 3230 artus
1213 3182 1366 3232 Mens

300 3253 471 3316 agitat
511 3254 720 3314 molem,
759 3262 813 3303 et
852 3270 1037 3318 magno
1068 3270 1124 3305 se
1147 3271 1368 3321 corpore

298 3330 507 3380 miscet.
577 3329 710 3378 Inde
726 3330 984 3380 hominum
1010 3332 1368 3398 pecudumque

293 3419 483 3470 genus,
541 3406 764 3470 vitaeqne
814 3407 1096 3468 volantum,
1144 3410 1213 3458 Et
1249 3425 1362 3473 quae

291 3494 592 3532 marmoreo
622 3481 725 3531 fert
769 3492 999 3533 monstra
1021 3485 1115 3534 sub
1155 3500 1364 3550 aeqnore

300 3559 524 3608 Pontus.
592 3557 782 3621 Igneus
825 3565 906 3607 est
943 3559 1058 3608 ollis
1103 3560 1269 3625 vigor,
1307 3568 1364 3612 et

296 3635 529 3685 coelestis
568 3634 713 3697 origo
758 3635 1078 3685 Seminibus:
1113 3648 1364 3701 quantum

299 3724 401 3760 non
423 3709 588 3759 noxia
610 3723 828 3773 corpora
860 3710 1091 3773 tardant,
1124 3713 1363 3762 Terreni-

300 3799 401 3850 que
447 3785 702 3836 hebetant
744 3795 907 3846 artus,
953 3789 1361 3853 moribundaque

300 3863 552 3912 membra.
582 3862 719 3911 Hinc
733 3870 990 3924 metuunt,
1011 3866 1360 3930 cupiuntque;

298 3937 500 4000 dolent,
542 3938 909 4003 gaudentque:
946 3955 1044 3990 nec
1075 3956 1223 3991 auras
1262 3944 1361 3993 Re-

302 4014 550 4077 spiciunt,
588 4014 776 4063 clausae
801 4015 1027 4065 tenebris
1066 4025 1122 4067 et
1153 4033 1362 4069 carcere

302 4088 478 4140 caecm’
546 4089 689 4138 Hinc
711 4090 1044 4155 Philosophia
1054 4107 1190 4142 nunc
1205 4094 1362 4146 docet

300 4166 541 4230 spiritum
583 4165 725 4214 illum
758 4165 996 4217 ‘volvere
1023 4169 1262 4219 stabilem
1282 4181 1363 4223 or·

302 4239 447 4294 bem'
480 4248 538 4293 et
573 4254 778 4296 causam
799 4256 1035 4298 essenon
1073 4246 1238 4310 solum
1268 4261 1364 4301 cnr

1453 1041 1623 1089 sidera
1668 1040 1904 1091 oriantur
1942 1048 1995 1090 et
2037 1038 2302 1101 occidant,
2343 1052 2519 1088 verum

1452 1118 1606 1166 etiam
1633 1130 1728 1167 cur
1758 1119 1774 1145 ‘
1799 1117 1983 1166 rutilus
2001 1116 2015 1136 ’
2049 1113 2414 1166 siteornndem
2439 1131 2520 1165 or-

1456 1197 1560 1242 tus.
1627 1192 1858 1242 Primum
1908 1192 2120 1258 quidem
2176 1191 2372 1242 ‘volvit
2413 1199 2517 1242 sta-

1459 1267 1614 1318 bilem
1636 1269 1815 1319 orbem
1834 1268 1869 1317 t’
1896 1271 2013 1333 quia
2033 1269 2291 1319 convertit
2313 1269 2520 1331 coelum,

1458 1340 1595 1409 quod
1636 1359 1752 1394 cum
1799 1344 1980 1394 eadem
2020 1359 2223 1408 semper
2258 1345 2516 1408 magnitu-

1457 1421 1598 1486 dine,
1627 1420 1809 1485 figura,
1844 1426 1899 1470 et
1932 1422 2175 1485 motione,
2234 1434 2389 1470 sensu
2432 1421 2520 1484 ju-

1458 1498 1593 1561 dice,
1628 1495 1905 1559 afficiatnr,
1942 1496 2141 1547 idcirco
2176 1492 2370 1546 dicitur
2412 1503 2516 1555 sta·-

1459 1575 1589 1625 bile:
1613 1580 1894 1640 propterea
1908 1575 2047 1624 enim
2061 1580 2202 1624 terra
2215 1573 2517 1637 ipsa,mare,

1461 1659 1517 1701 et
1550 1651 1656 1713 aer,
1691 1651 1742 1701 in
1781 1650 1966 1716 quibus
2006 1659 2177 1700 tamen
2218 1664 2405 1713 magna
2435 1656 2519 1699 est

1457 1727 1736 1778 formarum
1792 1727 2112 1790 vicissitudo,
2152 1726 2366 1777 stabilia
2400 1740 2515 1775 cor·

1454 1819 1582 1869 pora
1621 1811 1887 1855 vocantur.
1969 1802 2176 1854 Deinde
2216 1817 2372 1853 causa
2414 1807 2516 1864 est,

1452 1896 1545 1931 cur
1561 1882 1734 1932 sidera
1754 1882 1988 1932 oriantur
2007 1889 2061 1932 et
2080 1880 2320 1931 occidant
2339 1897 2353 1930 ε
2377 1879 2518 1930 sient

1451 1959 1587 2008 enim
1613 1960 1757 2009 navis
1780 1958 1847 2009 ab
1887 1974 1971 2021 ea,
2004 1973 2107 2023 qua
2146 1955 2516 2008 circumfundi-

1451 2039 1557 2096 tur,
1588 2049 1724 2099 aqua
1756 2034 2034 2099 abripitur,
2066 2035 2141 2084 ita
2164 2034 2357 2095 sidera,
2380 2047 2514 2097 prae-

1453 2112 1635 2161 sertim
1657 2126 1839 2175 opaca,
1860 2111 2143 2175 cujusmodi
2174 2114 2296 2159 sunt
2327 2108 2516 2159 Plane·

1455 2194 1546 2249 tae,
1588 2196 1643 2236 et
1683 2188 1934 2247 Cemene,
1967 2186 2033 2235 ab
2067 2200 2130 2237 eo
2163 2199 2263 2250 qno
2296 2185 2514 2235 circum·

1454 2260 1760 2324 funduntur,
1800 2263 1986 2326 spiritu
2021 2263 2252 2312 converti
2288 2266 2513 2325 possunt.

1455 2338 1640 2388 Poetae
1666 2346 1839 2388 autem
1881 2345 2050 2388 ortum
2088 2338 2390 2401 obitumque
2430 2352 2512 2385 asu

1452 2421 1651 2464 trorum
1672 2412 2046 2478 describentes,
2063 2414 2174 2466 haec
2198 2422 2253 2464 et
2277 2413 2344 2463 ab
2366 2413 2513 2479 aquis

1452 2505 1739 2556 emergere,
1760 2499 1815 2542 et
1853 2492 1905 2541 in
1941 2508 2100 2558 aquas
2122 2502 2335 2557 peracto
2354 2504 2515 2541 cursu

1446 2569 1646 2618 reverti
1699 2568 1932 2633 fingunt:
1986 2570 2063 2619 sic
2110 2569 2254 2619 aiunt
2281 2583 2296 2616 ε
2346 2569 2362 2595 ‘
2389 2566 2514 2617 Eois

1453 2661 1556 2710 qua
1574 2646 1662 2696 Sol
1678 2646 1913 2709 exsurgit
1929 2647 1996 2696 ab
2014 2646 2199 2696 undis.’
2217 2650 2231 2675 ⁴
2255 2647 2383 2695 Sese
2401 2646 2511 2695 alto

1452 2738 1555 2786 qua
1571 2724 1777 2785 gurgite
1801 2723 1990 2772 tollunt
2010 2723 2143 2771 Solis
2167 2721 2321 2786 eqni?
2353 2723 2368 2749 ‘
2384 2722 2509 2770 Cro·

1451 2813 1602 2848 ceum
1624 2799 1857 2861 linquens
1879 2797 2085 2846 Aurora
2105 2794 2313 2845 cubile.’
2345 2797 2361 2823 ‘
2382 2796 2511 2845 Ruit

1451 2874 1666 2924 Oceano
1701 2873 1836 2922 nox?
1900 2873 2022 2921 ‘Sol
2058 2885 2262 2936 quoque
2293 2877 2349 2919 et
2384 2885 2510 2918 exo·

1445 2952 1586 3002 tiens
1607 2957 1663 3000 et
1685 2965 1803 2999 cnm
1825 2964 1880 2999 se
1904 2950 2103 2999 condet
2123 2950 2174 2998 iu
2190 2948 2389 3012 undas,’
2406 2953 2506 3000 διο.

1445 3027 1707 3092 iidemque
1728 3041 1888 3091 aquas
1909 3026 2023 3076 illas
2039 3027 2091 3075 in
2113 3040 2240 3090 quas
2260 3025 2430 3074 sidera
2450 3039 2516 3074 se-

1447 3106 1697 3166 condunt,
1730 3111 1916 3154 vocant
1951 3107 1967 3133 ‘
1992 3102 2315 3168 Hesperias,'
2349 3104 2416 3153 ab
2446 3117 2509 3153 en

1447 3182 1600 3231 stella
1622 3196 1737 3246 quae
1771 3189 1987 3232 vocatur
2025 3181 2324 3244 Hesperus:
2358 3179 2506 3229 ‘infi-

1448 3273 1531 3308 ma
1549 3262 1562 3283 ’
1594 3257 1751 3320 enim,
1782 3258 1954 3323 inquit
1973 3258 2107 3320 Tuli.
2123 3272 2185 3306 11.
2209 3258 2274 3307 de
2298 3258 2504 3310 Nata).

1448 3334 1709 3400 ‘quinque
1751 3334 2030 3383 errantium
2066 3342 2321 3398 terroeque
2354 3348 2506 3397 prox-

1439 3410 1547 3459 ima
1589 3409 1739 3459 stella
1796 3410 2032 3470 Veneris,
2089 3424 2205 3473 quae
2260 3407 2507 3473 φωσφόρα

1443 3489 1652 3549 Graece,
1673 3485 1879 3537 Lucifer
1918 3486 2103 3536 Latine
2136 3485 2348 3548 dicitur,
2384 3497 2507 3536 cum

1444 3567 1806 3631 antegreditur
1841 3565 2048 3615 Solemx
2086 3578 2205 3613 cum
2243 3564 2507 3630 subsequi-

1447 3651 1534 3693 tur
1557 3649 1749 3706 autem,
1787 3639 2086 3705 Hesperus.'
2153 3640 2303 3689 Unde
2317 3638 2502 3702 Virgil-

1446 3720 1561 3768 Ecl.
1583 3733 1639 3768 x.
1681 3734 1751 3768 vs.
1769 3722 1850 3768 ⁷7.
1906 3717 2023 3765 ‘Ite
2057 3716 2263 3766 domum
2295 3722 2509 3774 satura,

1439 3795 1584 3844 venit
1603 3792 1974 3857 Hesperus,ite
1991 3791 2244 3857 capellae.'
2257 3792 2503 3855 Denique

1439 3870 1578 3920 idem
1600 3871 1815 3934 spiritus
1833 3868 2045 3919 efficere
2064 3875 2237 3933 potest
2254 3883 2347 3918 cur
2380 3871 2396 3897 ‘
2421 3884 2506 3922 ot·-

1439 3945 1554 3996 tus’
1589 3947 1811 3995 siderum
1843 3946 1913 3994 sit
1943 3943 2195 4006 ‘rutilus,'
2235 3944 2502 3995 densando

1437 4024 1644 4074 scilicet
1678 4024 1760 4072 vel
1783 4021 2065 4072 relaxando
2090 4021 2271 4081 nubes,
2292 4022 2503 4086 quibus,

1440 4101 1634 4150 lumine
1667 4100 1810 4149 varie
1846 4097 2157 4162 modificato,
2193 4098 2323 4148 varii
2358 4098 2503 4148 exbi-

1441 4177 1556 4228 beri
1579 4178 1793 4242 possunt
1812 4177 2028 4228 colores.
