3049 4928
488 419 620 485 182
1201 439 1502 489 sommi
1557 442 1654 490 nn
1701 441 2010 492 consor„

492 583 714 659 veIiS,ss
756 601 876 646 nec
906 581 1170 648 fortuna
1197 584 1414 667 possit
1443 581 1750 649 auferre.¹¹
1835 586 2067 672 Atque
2098 596 2176 652 ut
2208 583 2574 671 agnoscas³
2629 592 2698 657 in

489 685 597 749 his
644 683 934 749 fortuitis
984 685 1181 750 rebus
1237 686 1722 753 beatitudinem
1776 695 2086 756 constare
2136 711 2268 756 non
2319 713 2545 777 posse,
2601 697 2702 760 sic

490 787 756 870 collige.
847 788 923 852 Si
954 786 1310 855 beatitudo
1335 786 1361 826 ¹⁸
1390 797 1496 857 est
1523 812 1851 859 summum
1873 799 2129 861 naturae
2154 796 2407 860 bonum
2437 797 2704 862 ratione*

487 890 830 973 degentis‚‘
871 911 996 957 nec
1053 892 1217 957 illud
1264 899 1370 958 est
1422 913 1759 960 summum
1809 889 2066 961 bonum'
2105 899 2292 981 quod
2350 899 2516 983 eripi
2562 900 2706 964 ullo·

434 1035 440 1040 -
487 992 687 1058 modo
715 1000 982 1078 potest3
1029 996 1348 1078 quoniam
1377 996 1715 1080 praecellit
1739 997 1841 1077 id,
1879 999 2063 1083 quod
2090 1008 2386 1084 nequeat
2417 1000 2698 1083 auferri3

483 1095 904 1161 manifestum
937 1105 1065 1176 est,
1107 1098 1286 1182 quod
1319 1098 1404 1164 ad
1433 1098 1924 1167 beatitudinem
1943 1108 1970 1138 ²
2014 1103 2519 1187 percipiendam
2565 1104 2698 1170 for-

550 1321 566 1350 ‘
597 1320 785 1371 Mentis
804 1322 992 1373 ratione
1012 1324 1244 1387 proeditoe.

1409 1439 1435 1458 O
1441 1438 1765 1460 &mmm

485 1520 678 1587 Delph.
704 1522 981 1575 Hack‚—2
1012 1525 1210 1577 Thuan.
1235 1526 1448 1593 primus,
1476 1529 1607 1593 Reg.
1629 1533 1685 1579 et
1706 1535 1928 1595 uterque
1942 1529 2214 1593 Vict.=quin
2246 1532 2311 1580 ad
2344 1529 2699 1580 beatitudinem.

1477 1660 1699 1712 NOTAE

547 1777 576 1813 8
601 1771 740 1827 Quod
760 1786 846 1820 nec
867 1777 922 1821 tu
941 1787 1146 1836 unquam
1167 1763 1388 1824 amittere
1409 1774 1547 1838 velis]

482 1846 766 1897 Crescente
801 1849 939 1898 enim
961 1855 1065 1899 tuae
1086 1851 1277 1900 mentis
1310 1850 1550 1916 adeoque

483 1930 590 1971 tuae
614 1922 829 1987 originis
852 1926 1081 1989 notione,
1111 1936 1315 1977 crescet
1349 1936 1403 1977 et
1426 1934 1547 1978 tuus

480 2000 533 2048 in
568 2004 710 2048 tuam
744 2008 974 2051 mentem
1013 2012 1256 2069 tuamque
1293 2005 1545 2071 originem

484 2089 662 2124 amor:
699 2091 815 2126 curn
839 2080 1101 2130 exteriora
1124 2081 1257 2131 bona
1283 2090 1430 2133 tanto
1456 2084 1549 2133 mi·

481 2166 576 2201 nus
616 2160 872 2220 amentur,
910 2165 1103 2220 quanto
1139 2159 1303 2222 magis
1337 2174 1547 2225 cognos-

480 2235 685 2281 cuntur.
737 2258 740 2262 v
1090 2259 1095 2263 ·
1154 2275 1155 2280 ,
1480 2269 1485 2274 2

545 2304 571 2338 ¹¹
605 2309 710 2358 Nec
735 2308 943 2371 for-tana
969 2313 1122 2376 possit
1148 2314 1360 2378 auferre]
1393 2316 1547 2366 Mens

481 2384 616 2433 enim
656 2391 749 2440 tua
788 2394 979 2451 tuaque
1034 2390 1255 2452 proinde
1297 2391 1546 2455 cogitatio

477 2459 554 2510 ita
575 2467 697 2510 sunt
733 2461 810 2512 tui
836 2462 993 2527 juris,
1025 2464 1151 2515 nihil
1184 2475 1243 2517 ut
1280 2467 1334 2516 in
1355 2482 1445 2517 eas
1470 2468 1545 2517 in-

478 2545 724 2588 constans
746 2537 958 2590 fortuna
979 2542 1162 2605 possit.
1227 2545 1414 2594 Potest
1434 2545 1554 2610 qui-.

478 2614 831 2666 dem‘fortuna
851 2632 1002 2682 quam
1017 2619 1191 2683 jactat
1213 2637 1356 2679 suam
1380 2621 1550 2672 felici-

478 2696 642 2745 tatem
664 2693 765 2745 tibi
789 2695 1072 2758 optandam
1091 2711 1382 2761 proponere
1400 2715 1415 2761 ;
1449 2697 1544 2748 sed

475 2769 841 2832 persuadendo
888 2777 942 2821 te
984 2771 1166 2823 fallere
1210 2790 1311 2825 non
1365 2783 1546 2840 potest

474 2844 577 2911 nisi
602 2848 912 2917 'volentemg
951 2864 1054 2899 non
1094 2851 1239 2914 prius
1275 2860 1450 2902 autem
1491 2853 1543 2902 id

475 2923 720 2988 volueris,
751 2926 1205 2989 quam,immemor
1228 2936 1330 2978 tuae
1355 2931 1544 2981 mentis

474 3002 692 3066 ejusque
736 3003 965 3068 originis,
1011 3005 1186 3068 specie
1230 3007 1543 3059 caducorum

474 3078 727 3131 bonorum
753 3079 915 3129 veluti
939 3088 1232 3132 occaecatus
1263 3083 1444 3134 fueris.

512 3153 555 3209 ,ί
587 3157 746 3218 Atque
787 3161 844 3206 at
879 3172 1127 3221 agnoscas,
1167 3163 1269 3226 qa]
1300 3161 1539 3212 Philoso-

474 3231 596 3296 phia
616 3234 853 3298 tandem,
882 3236 1150 3300 proposita
1169 3246 1343 3288 mente
1364 3239 1540 3289 huma-

471 3323 541 3359 na
563 3308 811 3375 bonisque
842 3312 1096 3375 externis,
1133 3312 1435 3378 quibusdam
1458 3331 1540 3369 ar·-¹

472 3386 732 3450 gumentis
757 3389 944 3452 probat
961 3404 1135 3441 veram
1152 3389 1456 3443 felicitatem
1481 3395 1536 3444 in

468 3471 646 3513 mente
668 3464 856 3530 potius,
887 3480 1040 3531 quam
1079 3467 1132 3516 in
1171 3471 1362 3520 ceteris
1386 3471 1535 3521 bonis

467 3541 694 3590 versari:
732 3555 849 3605 quae
888 3540 1097 3605 quidem
1135 3555 1437 3608 argumenta
1472 3554 1534 3597 ut

466 3617 844 3682 percipiantur,
865 3618 1148 3667 notandum
1187 3622 1323 3684 apud
1360 3624 1532 3673 Philo-

469 3694 660 3758 sophos
686 3694 907 3744 morales
938 3709 1190 3747 summum
1219 3698 1403 3748 bonum
1441 3701 1534 3751 du-

467 3772 620 3836 plicis
661 3786 774 3821 esse
816 3774 1050 3836 generis:
1087 3774 1228 3825 aliud
1251 3777 1455 3840 quidem
1481 3781 1534 3828 in

469 3862 661 3913 genere
697 3848 826 3898 Rei:
863 3850 1002 3898 aliud
1045 3851 1097 3899 in
1138 3867 1328 3916 genere
1369 3856 1536 3906 Modi.

468 3924 626 3973 Prius
652 3932 734 3974 est
759 3937 842 3974 res
866 3940 1063 3976 summe
1089 3928 1360 3992 perfecta:
1397 3933 1537 3981 uude

467 4001 595 4050 nihil
638 4008 722 4052 est
766 4003 904 4052 aliud
947 4019 1099 4069 quam
1143 4007 1323 4058 Deus:
1375 4023 1536 4074 quare

467 4078 738 4143 Propheta
755 4080 872 4129 Rex
888 4080 1030 4132 Psal,
1048 4087 1162 4133 143.
1181 4084 1535 4151 descriptione

465 4154 610 4206 facta
652 4163 945 4221 potentum,
992 4175 1207 4224 quorum
1246 4162 1412 4226 ‘filii,'
1460 4164 1536 4212 in-

465 4233 597 4299 quit,
629 4236 644 4262 ‘
671 4234 807 4285 sicut
849 4237 1065 4287 novellae
1102 4237 1451 4301 plantationes
1481 4240 1534 4288 in

456 4311 738 4375 juventute
772 4326 893 4376 sua;
928 4311 1049 4365 filiae
1073 4316 1396 4381 composita»,
1430 4315 1533 4366 cir-

1631 1782 1947 1827 cumomatae
1988 1776 2123 1826 sicut
2157 1773 2440 1825 similitudo
2480 1774 2698 1838 templi;

1630 1854 1949 1916 promtuaria
1982 1852 2137 1916 plena
2176 1852 2472 1914 eructantia,
2497 1865 2563 1900 ex
2600 1852 2699 1908 hoc

1629 1928 1682 1978 in
1709 1929 1866 1991 illud;
1904 1944 2027 1979 oves
2062 1927 2260 1978 foetosae
2293 1927 2619 1978 abundantes
2643 1928 2698 1976 in

1629 2005 1916 2069 egressibus
1979 2007 2109 2067 suis;
2161 2005 2319 2055 boves
2364 2019 2585 2065 crassae3
2641 2003 2697 2052 in

1629 2098 1844 2148 quorum
1881 2083 2070 2147 plateis
2095 2098 2198 2132 non
2222 2089 2303 2131 est
2340 2081 2490 2131 ruina
2524 2095 2695 2130 mace-

1627 2161 1740 2224 rias,
1772 2175 1956 2226 neque¹
1980 2161 2224 2211 transitus
2258 2172 2429 2224 neque
2453 2158 2700 2222 clamor3'

1628 2253 1756 2302 quos
1778 2238 2001 2305 denique
2035 2239 2051 2266 ‘
2077 2239 2257 2288 beatos
2289 2233 2572 2297 dixerunt:
2604 2234 2697 2283 ad-

1627 2317 1733 2368 dit:
1768 2317 1784 2346 ‘
1809 2318 1995 2368 beatus
2020 2317 2242 2381 populus
2280 2315 2427 2379 cujus
2458 2313 2697 2364 dominus

1627 2395 1769 2450 Deus
1813 2395 1962 2460 ejus!
2045 2393 2311 2443 Posterius
2361 2405 2508 2453 vero,
2551 2390 2694 2455 quod

1626 2473 1782 2523 aliter
1799 2480 2018 2524 vocatur
2033 2470 2259 2521 felicitas
2276 2468 2387 2519 sive
2404 2467 2700 2531 beatitudo,

1626 2550 1775 2600 nobis
1796 2549 2009 2600 videtur
2045 2562 2197 2612 posse
2219 2544 2421 2595 definiri
2442 2543 2698 2608 cogitatio

1626 2627 1817 2677 mentis
1856 2627 1971 2676 Deo
2008 2629 2312 2675 constanter
2351 2620 2696 2671 adhaerentis:

1626 2701 1766 2766 quod
1806 2703 1926 2752 huic
1962 2702 2125 2752 solum
2161 2698 2470 2764 cogitationi
2505 2712 2697 2749 conve-

1626 2780 1738 2828 nire
1761 2779 1943 2843 possit,
1977 2776 2220 2843 quicquid
2245 2775 2469 2825 naturali
2500 2774 2698 2823 lumine

1625 2854 1961 2920 cognoscitur
1983 2852 2264 2904 convenire
2282 2850 2557 2901 felicitati:
2594 2850 2697 2899 sic-

1624 2938 1685 2981 ut
1706 2931 1869 2981 fusius
1894 2930 2017 2981 alibi
2056 2929 2406 2993 probavimus.
2472 2927 2578 2977 Hic
2603 2942 2695 2977 au-

1625 3015 1733 3059 tem
1774 3023 1874 3058 non
1919 3008 2092 3072 agitur
2135 3006 2201 3055 de
2238 3002 2415 3068 priori,
2448 3003 2541 3053 sed
2577 3008 2694 3052 tan-

1622 3092 1733 3136 tum
1759 3085 1825 3134 de
1843 3083 2116 3149 posteriori
2141 3095 2338 3131 summo
2359 3080 2514 3142 bono,
2540 3079 2694 3144 quip-

1622 3177 1691 3227 pe
1714 3162 1850 3227 quod
1876 3161 2066 3211 dicitur
2101 3160 2117 3188 ‘
2140 3165 2341 3208 naturae
2375 3156 2578 3206 ratione
2601 3156 2693 3206 de-

1621 3237 1830 3303 gentis}
1860 3238 1959 3288 hoc
1998 3243 2082 3287 est
2114 3235 2302 3285 mentis
2324 3235 2555 3283 humanae
2581 3248 2693 3282 mo-

1619 3316 1732 3366 dus.

1683 3391 1710 3426 ¹¹
1742 3394 1802 3444 Si
1839 3393 2098 3454 beatitudo,
2134 3389 2239 3455 ξω]
2275 3389 2508 3440 Primum
2533 3402 2691 3452 argu-

1614 3477 1868 3534 mentum,
1903 3469 2039 3534 quod
2083 3474 2262 3532 potest
2301 3468 2378 3516 sic
2435 3466 2691 3529 proponi:

1618 3547 1776 3599 Quod
1819 3548 2007 3597 bonum
2051 3544 2183 3607 eripi
2229 3548 2423 3606 potest,
2455 3542 2552 3590 hoc
2591 3548 2698 3607 est,

1616 3625 1778 3674 invito
1801 3638 1862 3673 eo
1893 3624 2040 3688 cujus
2073 3627 2176 3683 est,
2209 3619 2400 3681 amit-ti,
2434 3618 2560 3667 illud
2586 3633 2695 3668 non

1618 3709 1700 3752 est
1734 3715 1986 3761 summum
2024 3699 2248 3757 bonum;
2283 3710 2349 3745 ne
2390 3695 2599 3760 quidem
2638 3696 2692 3745 in

1619 3793 1810 3844 genere
1834 3777 2007 3827 modi:
2042 3773 2463 3841 quandoquidem
2501 3771 2553 3820 in
2592 3772 2690 3822 hoc

1615 3856 1729 3919 ipso
1774 3868 1965 3918 genere
2010 3851 2193 3902 melius
2236 3857 2318 3899 est
2362 3848 2488 3899 illud
2546 3850 2690 3914 quod

1616 3932 1748 3995 eripi
1787 3945 1888 3980 non
1922 3934 2113 3993 potest.
2183 3925 2346 3990 Atqui
2385 3939 2539 3975 omne
2578 3923 2688 3974 for-

1617 4016 1755 4058 tnnae
1776 4009 1966 4058 bonum
1990 4004 2129 4067 eripi·
2156 4007 2363 4066 potest:
2401 4009 2689 4066 propterea

1616 4086 1751 4135 enim
1786 4083 1997 4132 fortuna
2030 4077 2284 4137 instabilis
2321 4082 2419 4126 est.
2487 4077 2688 4126 Contra

1616 4176 1741 4210 vero
1784 4160 1974 4209 bonum
2027 4155 2213 4204 mentis
2259 4152 2554 4217 cujusmodi
2600 4159 2686 4202 est

1617 4237 1802 4298 virtum,
1828 4248 1929 4284 non
1954 4228 2142 4296 potest
2161 4229 2314 4292 eripi,
2347 4230 2444 4279 hoc
2477 4235 2577 4294 est,
2607 4228 2685 4278 in-

1615 4313 1724 4364 vito
1752 4327 1814 4364 eo
1839 4310 1987 4374 cujus
2011 4313 2111 4371 est,
2132 4306 2319 4356 amitti.

1702 4544 1735 4572 Q
