3049 4928
1209 395 1513 447 nou'rnu
1565 395 1662 447 DE
1709 393 2017 447 ooNsoL.

852 546 1196 614 Illustrant
1221 549 1493 627 aciem,v
1539 547 1887 632 magisque
1918 560 2142 612 caecos

849 652 932 716 In
962 672 1125 719 suas
1159 652 1451 717 condunt
1480 650 1737 715 animos
1770 649 2100 714 tenebrae.

856 756 1015 821 Hoc
1042 756 1363 840 quicquid
1394 756 1638 839 placet,
1665 754 2066 837 excitatque
2095 754 2375 829 mentes,

849 858 1111 922 Infimis
1140 859 1340 923 tellus
1374 858 1550 922 aluit
1579 857 1911 923 cavernis.

846 961 1176 1044 Splendor
1195 969 1231 995 '⁸'
1275 981 1412 1045 quo
1446 961 1713 1043 regitur,
1744 962 2056 1044 vigetque
2087 959 2365 1061 coelum,

2623 955 2706 1021 15

849 1063 1044 1128 Vitat
1067 1066 1395 1129 obscuras
1426 1064 1672 1128 animae
1698 1064 1975 1128 ruinaS.¹

850 1167 1053 1232 Hanc
1086 1168 1396 1251 quisquis
1426 1167 1677 1251 poterit
1702 1172 1933 1232 notare
1962 1166 2227 1242 lucem?

850 1268 1194 1336 Candidos
1225 1266 1474 1336 Phoebi
1497 1269 1729 1336 radios
1760 1269 2077 1352 negabit!

504 1497 619 1542 cunt
641 1492 693 1543 in
724 1508 855 1544 suam
889 1493 1159 1555 caliginem.
1228 1495 1375 1544 Terra
1411 1493 1618 1544 nuti-ivit
1647 1493 1700 1544 in
1735 1490 1834 1543 suis
1866 1491 2020 1542 antris
2049 1490 2353 1553 inferioribus
2374 1491 2476 1540 hoec
2495 1498 2705 1552 coi-pora,

504 1571 607 1621 quae
629 1561 862 1608 delectant
899 1563 1267 1623 common-eritque
1294 1561 1493 1609 animos.

1559 1560 1631 1609 At
1664 1573 1773 1608 vero
1809 1560 1981 1619 lumen,
2021 1572 2109 1620 quo
2137 1560 2301 1606 coelum
2334 1556 2630 1618 gubernatur
2660 1557 2709 1602 et

503 1623 656 1684 viget,
692 1630 826 1673 cat-et
849 1627 1005 1686 lapsus
1025 1626 1303 1686 caliginosos
1324 1626 1524 1674 mentis.-
1557 1639 1702 1687 quare
1734 1625 2003 1688 quicumque
2033 1621 2204 1672 valebit
2231 1621 2605 1671 animadvertere
2626 1618 2711 1668 hoc

504 1688 677 1751 lumen,
699 1690 778 1738 ille
800 1691 992 1752 negabit
1012 1690 1171 1738 radios
1193 1690 1320 1739 Solis
1341 1705 1440 1740 esse
1459 1705 1589 1753 oeque
1606 1704 1767 1753 puros.

1494 1833 1711 1885 NOTAE

506 1932 623 1983 dam
664 1946 818 1985 sensu
842 1933 903 1985 fit
927 1934 1005 1985 uti
1039 1934 1278 1985 videatur
1297 1934 1445 1984 Inter
1467 1949 1567 1985 coe-

507 2012 707 2061 ruleum
728 2009 918 2061 virides
939 2014 1160 2062 miscere
1178 2011 1527 2076 Smaragdos?

565 2089 590 2119 *
623 2089 876 2138 Illustrant
896 2088 1068 2152 aciem]
1102 2090 1306 2154 Nempe
1326 2089 1533 2140 mentis.

569 2166 827 2229 Magisque
869 2168 1035 2231 eoecos]
1070 2168 1322 2217 Alludere
1356 2167 1566 2218 videtur

504 2241 569 2290 ad
608 2243 803 2306 ocu108,
840 2245 929 2308 qui
956 2245 1112 2295 nimio
1154 2246 1286 2306 auri,
1325 2260 1561 2310 gemmae,

500 2318 777 2369 alteriusve
809 2322 1042 2385 corporis
1067 2322 1292 2371 lucentis
1327 2323 1562 2372 relucen-

505 2393 639 2444 tisve
663 2396 942 2458 splendore
975 2392 1329 2462 offunduntur,
1355 2406 1561 2449 necnon

504 2471 723 2521 inducta
743 2474 966 2537 caligine
996 2477 1273 2541 aliquando
1294 2491 1562 2527 excaecan-

502 2553 622 2598 turz
655 2563 831 2598 aurum
861 2552 995 2600 enim
1030 2559 1086 2602 et
1116 2568 1356 2617 gemmae,
1387 2569 1562 2619 quam-

499 2624 577 2673 vis
611 2626 775 2676 multo
796 2629 1073 2692 splendore
1097 2632 1259 2681 oculis
1285 2633 1563 2682 videantur

501 2702 796 2764 splendere,
822 2706 1007 2755 mentis
1031 2707 1357 2758 nihilominus
1393 2708 1560 2757 aciem

500 2792 604 2827 nou
650 2778 931 2845 illustrant,
956 2783 1112 2833 immo
1137 2785 1310 2848 potius
1342 2783 1561 2834 inducta

499 2855 950 2917 perturbationum
972 2860 1194 2924 caligine
1218 2867 1445 2911 mentem
1481 2862 1560 2912 ita

500 2940 867 2994 excaecant‚ut
889 2936 1020 2986 hauc
1054 2937 1107 2985 in
1143 2937 1363 2987 obscura
1387 2942 1561 2998 terrae,

497 3009 637 3059 unde
661 3004 777 3060 haec
794 3026 1010 3077 corpora
1034 3020 1184 3063 eruta
1202 3020 1339 3076 sunt,
1353 3015 1560 3066 viscera

498 3086 725 3137 condere
761 3088 1067 3153 videantur3
1123 3098 1378 3155 qnatenus
1412 3104 1557 3139 mens

496 3160 679 3212 horum
725 3178 898 3215 amore
936 3175 1094 3230 capta
1127 3167 1198 3216 uil
1233 3166 1331 3218 nisi
1364 3171 1558 3216 terram

504 3237 717 3301 cogitat.

436 3317 442 3323 '
564 3320 595 3344 '¹
629 3313 881 3380 Splendor]
914 3317 1177 3369 Summum
1210 3320 1421 3385 bonnm,
1448 3321 1558 3372 sive

500 3388 665 3451 Deus,
691 3392 776 3455 qui
801 3393 866 3442 ad
897 3394 1040 3445 Heb.
1064 3400 1111 3446 1.
1132 3398 1326 3449 dicitur
1346 3400 1365 3428 ⁴
1382 3401 1558 3465 splen-

499 3464 594 3513 dor
617 3465 831 3531 gloriae,’
855 3474 912 3518 et
934 3470 1056 3535 Sap.
1080 3475 1130 3521 7.
1163 3474 1182 3501 ’¹
1207 3475 1401 3525 candor
1423 3476 1556 3527 lucis

501 3542 755 3592 aeternaess

565 3619 671 3673 Quo
710 3620 919 3684 regitur,
938 3622 1161 3687 vigetque
1194 3626 1382 3691 coelum]
1417 3629 1557 3680 Deus

499 3693 638 3744 enlm
662 3709 765 3745 non
785 3697 948 3746 solum
971 3712 1209 3762 corpora,
1241 3702 1331 3751 sed
1359 3711 1557 3755 mentes

496 3785 677 3821 omues
730 3779 897 3835 creat,
952 3782 1246 3840 conservat,
1301 3784 1357 3829 et
1409 3780 1560 3845 regit.

496 3846 784 3912 speciatim
821 3864 945 3899 vero
969 3852 1152 3900 coelum
1178 3853 1320 3918 viget
1340 3856 1559 3920 regitur·

496 3938 599 3990 que
633 3932 796 3990 motu,
818 3926 967 3990 cujus
998 3928 1140 3978 Deus
1162 3929 1238 3979 ita
1256 3938 1438 3982 auctor
1459 3941 1558 3999 est,

494 4006 557 4050 ut
597 4001 681 4051 hic
719 4016 821 4052 non
864 4004 1082 4068 incipiat
1123 4008 1559 4077 continuetur-que

498 4075 599 4127 nisi
622 4079 833 4130 statutis
857 4078 923 4130 ab
939 4080 1052 4146 ipso
1076 4083 1194 4133 Deo
1210 4084 1428 4149 legibus.
1539 4083 1548 4092 ⁴

1636 1944 1643 1951 ‘
1713 1939 1741 1967 ¹
1780 1934 1915 1986 Vitat
1933 1934 2149 1984 obscuras
2160 1931 2330 1983 animoe
2344 1929 2535 1994 ruinas]
2557 1931 2710 1981 Meu-

1647 2012 1714 2062 tis
1738 2019 1924 2077 utpote
1946 2012 2249 2062 immortalis
2276 2011 2415 2059 nulla
2438 2017 2518 2059 est
2540 2010 2710 2074 ruina,

1645 2088 1817 2155 quoad
1863 2104 1971 2139 rem
2022 2093 2250 2153 spectat,
2306 2087 2398 2136 sed
2450 2085 2715 2138 duntaxat

1645 2166 1814 2232 quoad
1869 2165 2096 2227 modum,
2148 2163 2380 2214 nimirum
2436 2164 2714 2227 cogitatio-

1645 2259 1780 2294 nem.
1860 2236 1961 2293 Est
2007 2250 2180 2291 autem
2226 2240 2476 2306 cogitatio
2516 2241 2714 2290 mentis

1646 2320 1795 2369 ruina
1819 2325 1949 2379 tum,
1985 2330 2103 2369 cum
2144 2330 2289 2366 mens
2333 2332 2365 2366 a
2402 2317 2715 2381 rectajudi2

1644 2397 1797 2448 caudi
1817 2402 1872 2446 et
1896 2396 2126 2461 eligendi
2150 2409 2329 2444 norma
2364 2395 2642 2457 recedens,
2663 2395 2715 2444 in

1644 2488 1874 2525 errorem
1915 2481 1971 2524 et
2006 2474 2184 2524 vitium
2230 2474 2438 2523 labitur.
2506 2473 2711 2524 Vitium

1644 2553 1829 2603 mentis
1850 2553 2047 2601 nullum
2072 2552 2184 2600 sine
2208 2563 2403 2612 errore,
2432 2562 2585 2600 error
2599 2552 2711 2601 nnl-

1642 2631 1722 2679 lus
1743 2628 1853 2679 sine
1873 2628 2230 2687 obscuritate3
2253 2625 2588 2691 quamobrem
2609 2628 2712 2677 rui-

1641 2723 1709 2758 na
1743 2708 1932 2758 mentis
1953 2707 2032 2756 ita
2054 2706 2275 2756 obscura
2303 2711 2402 2768 est,
2433 2713 2492 2755 ut
2517 2705 2585 2755 ab
2611 2706 2709 2755 bac

1640 2786 1754 2836 Lux
1790 2790 2003 2846 aeterua,
2042 2784 2211 2845 Deua,
2245 2782 2446 2846 longius
2492 2782 2711 2842 distare,

1639 2864 1878 2926 hancque
1913 2865 2193 2925 propterea
2235 2859 2402 2909 vitare
2458 2858 2670 2909 dicatur
2693 2876 2708 2910 z

1641 2938 1778 2987 unde
1801 2938 1945 2986 Deus
1968 2936 2149 2999 efficit,
2174 2942 2232 2986 ut
2264 2951 2392 3002 quos
2430 2937 2709 3000 illuminat,

1638 3014 1691 3064 hi
1712 3013 1966 3079 ejusmodi
1990 3013 2182 3062 ruinam
2205 3014 2364 3063 etiam
2388 3013 2573 3063 vitent.

1704 3097 1728 3133 1
1762 3091 1908 3139 Hunc
1921 3090 2134 3155 quisquis
2150 3089 2327 3153 poterit
2348 3094 2514 3140 notare
2536 3090 2706 3157 lucem]

1641 3167 1828 3226 Deum,
1853 3169 1940 3232 qui
1966 3176 2046 3217 est
2071 3181 2324 3217 summum
2348 3168 2560 3219 bonnm.

1702 3252 1723 3277 ²
1760 3245 2003 3294 Candidos
2048 3245 2219 3295 Phoebi
2274 3246 2436 3295 radios
2487 3247 2708 3311 negabit]

1640 3320 1853 3372 Candor
1873 3322 2015 3371 color
2043 3327 2124 3371 est
2144 3321 2369 3373 omnium
2410 3324 2520 3373 luci
2544 3325 2700 3374 simil-

1638 3398 1790 3447 limus
1814 3412 1828 3447 ε
1864 3397 1985 3447 hinc
2002 3399 2113 3447 sive
2127 3413 2348 3463 corpora
2370 3397 2481 3449 sive
2500 3407 2703 3451 mentes

1639 3488 1703 3525 eo
1721 3474 1910 3539 majori
1929 3473 2155 3525 candore
2172 3474 2308 3525 affici
2324 3476 2591 3541 dicuutur,
2604 3493 2705 3543 quo

1636 3550 1826 3615 majori
1844 3549 2230 3615 perfunduntur
2250 3551 2398 3601 luce:
2423 3553 2564 3603 sicut
2582 3555 2703 3603 stel-

1636 3627 1708 3690 la,
1750 3626 1989 3690 scriptio,
2027 3627 2297 3692 cogitatio,
2333 3628 2578 3695 Horatio,
2618 3632 2703 3681 ci-

1638 3702 1836 3766 ceroni,
1863 3702 2056 3752 Ovidio
2098 3704 2292 3754 dicitur
2331 3706 2485 3756 modo
2523 3708 2702 3773 magis,

1638 3778 1793 3829 modo
1819 3778 1986 3829 minus
2028 3781 2269 3831 candida.
2327 3782 2484 3832 Radii
2526 3793 2699 3835 autem

1639 3857 1857 3920 solares,
1876 3858 2202 3921 quantumvis
2223 3858 2382 3908 lucidi
2405 3859 2696 3925 videantur,

1640 3939 1844 3983 tantum
1862 3934 2190 3984 nihilominus
2208 3949 2309 3984 non
2325 3936 2523 3998 lucent,
2539 3952 2696 4002 quau-

1639 4017 1751 4060 tum
1777 4011 1940 4072 Deus,
1963 4011 2052 4076 qni
2077 4016 2124 4061 1.
2151 4012 2215 4061 ad
2238 4012 2372 4060 Tim.
2394 4016 2444 4063 6.
2485 4015 2694 4063 ‘lucem

1639 4088 1898 4139 inhabitat
1922 4088 2371 4141 inaccessibilem.’
