3049 4928
998 450 1521 505 1³111Los01³mAE
1575 452 1714 500 ΜΒ.
1766 446 1878 502 111.
2399 437 2532 504 293

329 606 564 665 natura
595 617 865 681 semper
911 599 1194 681 appetit,
1238 598 1568 663 interdum
1619 598 1888 663 coercet
1918 597 2247 662 voluntas.
2339 594 2531 663 Adeo

330 702 476 767 haec
505 703 611 766 sui
641 699 931 765 caritas*
988 719 1122 764 non
1178 719 1270 764 ex
1332 701 1605 766 animali
1649 703 1965 779 motione,
2025 700 2145 765 sed
2194 721 2283 765 ex
2339 709 2535 765 natu-

329 805 446 868 rali
476 804 841 869 intentione
869 804 1191 887 procedit.
1281 804 1493 869 Dedit
1534 807 1705 870 enim
1744 806 2168 891 providentia
2220 806 2459 870 creatis
2493 825 2536 870 a

332 929 402 973 se
427 909 622 973 rebus
669 908 840 973 hanc
891 908 1003 971 vel
1050 908 1410 974 maximam
1460 909 1770 974 manendi
1801 928 2100 987 causam,
2159 915 2257 987 ut,
2311 907 2536 992 quoad

320 1018 643 1096 possunt,
698 1011 1092 1078 naturaliter
1135 1031 1398 1077 manere
1452 1012 1868 1079 desiderent:
1949 1033 2154 1097 quare
2211 1011 2377 1076 nihil
2433 1019 2540 1078 est

325 1114 510 1200 quod
540 1115 685 1179 ullo
714 1115 916 1180 modo
946 1134 1160 1198 queas
1192 1115 1524 1194 dubitare,
1559 1123 1805 1182 cuncta
1833 1138 1988 1201 quae
2023 1121 2194 1195 sunt,
2224 1121 2538 1201 appetere

331 1217 728 1283 naturaliter
794 1219 1235 1283 constantiam
1295 1219 1753 1302 permanendi,
1811 1219 2107 1284 devitare
2154 1220 2538 1303 perniciem.

331 1320 691 1400 Confiteor,
721 1321 1014 1405 inquam,
1044 1316 1222 1385 nunc
1250 1342 1357 1386 me
1398 1321 1785 1386 indubitato
1816 1341 2076 1386 cernere
2106 1342 2257 1404 quae
2289 1321 2541 1385 dudum

331 1426 588 1489 incerta
636 1423 1078 1491 videbantur!
1185 1425 1391 1505 Quod
1441 1433 1687 1506 autem,
1743 1428 1987 1509 inquit,
2044 1426 2404 1490 subsistere
2458 1444 2540 1489 ac

333 1547 719 1612 permanere
751 1530 1031 1613 appetit,
1064 1529 1135 1594 id
1166 1549 1378 1593 unum
1404 1548 1557 1593 esse
1591 1528 1965 1595 desiderat:
2011 1530 2138 1592 hoc
2171 1528 2349 1592 enim
2380 1529 2540 1592 sub-

334 1631 500 1710 lato,
531 1650 619 1693 ne
645 1637 694 1667 ¹²
740 1651 895 1695 esse
928 1631 1200 1714 quidem
1231 1632 1554 1714 cuiquam
1598 1634 2040 1715 permanebit.
2129 1629 2384 1695 Verum
2416 1636 2543 1709 est,

336 1735 631 1819 inquam.
738 1734 989 1799 Omnia
1045 1737 1265 1818 igitur,
1312 1737 1549 1820 inquit,
1600 1756 1809 1799 unum
1858 1734 2255 1799 desiderant.
2369 1733 2548 1798 Con-

337 1838 590 1904 sensi.13
682 1838 820 1902 Sed
849 1858 1056 1903 unum
1106 1840 1402 1925 idipsum
1451 1841 1981 1906 monstravimus
2032 1859 2182 1904 esse
2217 1838 2401 1923 quod
2431 1838 2550 1901 bo-

335 1960 498 2005 num
560 1947 685 2007 est.
791 1932 906 2006 Ita
967 1943 1262 2026 quidem.
1371 1942 1640 2008 Cuncta
1696 1944 1898 2025 igitur
1960 1944 2217 2023 bonum
2275 1946 2549 2024 petunt:

338 2045 518 2128 quod
555 2045 827 2128 quidem
856 2046 952 2110 ita
982 2045 1327 2113 describas
1357 2047 1538 2126 licet,
1590 2047 1817 2133 ipsum
1857 2048 2111 2111 bonum
2163 2064 2317 2109 esse
2364 2043 2548 2128 quod

339 2148 754 2214 desideretur
782 2150 868 2214 ab
898 2149 1232 2214 omnibuS.
1325 2150 1546 2229 Nihil,
1580 2152 1877 2232 inquam,
1897 2150 2127 2215 verius
2146 2137 2551 2230 fexcogitari

339 2257 589 2335 potest.
660 2251 841 2316 Nam
870 2251 981 2318 vel
1000 2252 1087 2316 ad
1103 2252 1379 2316 nihilum
1412 2259 1656 2318 cuncta
1677 2253 2064 2332 referuntur,
2095 2257 2163 2316 et
2184 2270 2323 2315 uno
2349 2244 2553 2315 veluti

341 2355 593 2421 vertice
625 2355 959 2434 destituta,
990 2356 1130 2419 sine
1162 2362 1436 2436 rectore,
1469 2356 1863 2437 fluitabunt:
1910 2362 2026 2422 a'ut
2054 2356 2111 2420 si
2142 2353 2304 2438 quid
2336 2362 2439 2418 est
2464 2352 2553 2417 ad

344 2458 532 2540 quod
562 2460 869 2526 universa
894 2459 1237 2539 festinent,
1268 2460 1332 2526 id
1365 2462 1490 2527 erit
1519 2462 1813 2527 omnium
1849 2482 2179 2527 summum
2206 2460 2552 2523 bonorum.

347 2558 435 2624 Et
486 2562 630 2641 illa,
692 2563 1016 2642 Nimium,
1073 2565 1317 2648 inquit,
1380 2585 1421 2629 o
1465 2565 1753 2644 alumne,
1802 2567 2030 2631 laetor:
2097 2565 2319 2646 ipsam
2379 2561 2554 2626 enim

346 2665 634 2732 mediae*
675 2661 1027 2732 veritatisg
1068 2673 1302 2731 notam
1330 2674 1554 2731 mente
1605 2667 1862 2732 fixisti:
1911 2666 2127 2731 sedin
2172 2665 2299 2728 hoc
2329 2664 2556 2747 patuit

348 2771 473 2834 tibi
504 2770 684 2854 quod
712 2772 1010 2852 ignorare
1039 2776 1107 2834 te
1149 2768 1356 2854 paulo
1388 2773 1545 2832 ante
1582 2768 1883 2833 dicebas».
1973 2768 2208 2847 Quid'e
2255 2768 2553 2849 inquam.

354 2871 528 2951 Quis
576 2879 783 2951 esset,
831 2874 1068 2958 inquit,
1117 2893 1331 2937 rerum
1384 2872 1684 2937 omnium
1735 2869 1939 2938 finis.¹¹
2014 2869 2096 2936 Id
2149 2877 2256 2935 est
2305 2870 2558 2934 enim¹4

414 3072 441 3106 ¹²
477 3076 628 3124 Amor
646 3091 762 3139 erga
782 3078 1091 3141 semetipsum.
1318 3079 1334 3111 ί
1367 3080 1451 3129 Me
1462 3079 1570 3140 jam
1601 3080 1976 3130 animadvertere
2015 3084 2114 3127 tam
2134 3075 2373 3126 evidenter
2405 3088 2460 3121 ea
2500 3075 2557 3122 de

352 3139 519 3206 quibus
538 3146 677 3191 antea
699 3143 992 3208 dubitabam,
1007 3151 1060 3194 ut
1077 3147 1136 3196 de
1156 3145 1233 3196 his
1253 3161 1345 3195 non
1362 3147 1534 3210 possim
1554 3146 1757 3210 amplius
1775 3144 2008 3195 dubitare.
2138 3140 2161 3174 te
2196 3138 2490 3200 Manifestoe.

1275 3276 1644 3297 mOWO

354 3374 512 3424 tersh.
538 3380 594 3424 et
616 3374 701 3424 ed.
727 3376 863 3426 Flor.
889 3377 1018 3427 Nam
1040 3393 1184 3442 neque
1205 3379 1406 3429 itu—12
1442 3380 1457 3408 ‘
1478 3380 1607 3429 Mss,
1629 3378 1832 3440 sublato,
1869 3390 1970 3437 nec,
1992 3373 2213 3434 scilicet,
2238 3339 2380 3434 saepe
2401 3369 2453 3418 in
2482 3368 2562 3418 his

354 3439 501 3488 libris
519 3455 578 3489 ne
599 3455 693 3503 pro
714 3457 797 3491 nec
816 3442 1064 3507 velaeque
1088 3458 1358 3508 perperam
1383 3444 1581 3494 editum
1607 3443 1796 3495 fuisse)
1842 3442 2147 3491 Sina—13
2181 3438 2285 3488 Ms.
2325 3435 2563 3492 Comensi.

354 3509 481 3555 ——14
519 3505 570 3553 Is
585 3511 655 3555 est
669 3508 794 3557 enim
816 3509 955 3571 vulg.
988 3509 1073 3559 ed.
1098 3509 1268 3560 Hack.
1305 3512 1368 3559 Id
1380 3512 1503 3560 enim
1526 3515 1612 3561 est.

1346 3666 1561 3720 Nom:

419 3793 442 3825 f
460 3793 605 3844 Nihil
626 3794 807 3857 verius]
863 3796 999 3846 Nam
1019 3795 1304 3860 praedictus
1327 3811 1418 3845 na·
1503 3798 1622 3846 dem
1663 3796 1877 3846 nihilum
1919 3807 2023 3845 non
2055 3796 2233 3858 potest
2266 3803 2378 3839 esse
2413 3786 2563 3837 ullius

360 3874 540 3922 tui-alis
564 3873 832 3936 appetitus
856 3874 938 3922 vel
962 3879 1041 3922 est
1069 3888 1101 3923 a
1135 3873 1314 3936 nihilo,
1335 3874 1420 3924 vel
1501 3873 1580 3922 rei
1596 3887 1768 3923 causa.

362 3956 441 3999 est
481 3949 551 3999 ab
596 3949 773 4013 aliquo
818 3964 1017 3998 summo
1076 3959 1301 4013 rectore,
1353 3950 1420 4000 ad
1569 3956 1595 3992 8
1621 3950 1796 3999 Medioe
1818 3945 2063 4008 veritatis]
2119 3940 2453 3993 Manifestae:
2491 3938 2566 3988 sic

358 4041 508 4091 quem
551 4034 834 4090 propterea
877 4027 1040 4075 veluti
1097 4027 1161 4076 ad
1202 4028 1422 4091 primum
1505 4025 1666 4087 enim,
1693 4027 1983 4089 interprete
2005 4021 2207 4080 Servio,
2240 4015 2568 4079 Virgil.AEn.

359 4106 671 4169 principium
703 4111 761 4153 et
800 4104 1036 4153 ultimum
1079 4104 1234 4153 finem
1278 4119 1423 4154 revo-
1506 4118 1570 4153 11.
1616 4119 1693 4152 vs.
1732 4106 1848 4151 533.
1912 4101 1928 4131 ‘
1955 4099 2059 4149 Hic
2105 4096 2362 4156 Priamus,
2405 4103 2565 4155 quan·

362 4183 558 4233 candus
582 4188 682 4231 est.
750 4181 913 4245 Atqui
947 4180 1062 4230 fieri
1096 4196 1198 4231 non
1230 4188 1422 4245 potest,
1508 4196 1659 4249 qnam
1686 4181 1739 4229 in
1761 4179 1932 4228 media
1940 4178 2052 4242 jam
2071 4180 2238 4224 morte
2260 4166 2506 4253 tenetur?

363 4267 420 4310 ut
450 4261 553 4313 iste
588 4258 856 4323 appetitus
896 4257 964 4307 sit
989 4273 1017 4307 a
1040 4258 1230 4308 nihilo:
1267 4259 1422 4324 siqui·
1572 4256 1595 4292 ¹¹
1620 4257 1799 4307 Rerum
1822 4253 2025 4305 omnium
2032 4248 2181 4320 finis]
2226 4261 2319 4298 ιιι.
2336 4243 2569 4322 Philosof
