3049 4928
488 437 619 502 444

493 604 690 662 quanto
730 595 890 659 magis
932 595 1110 659 glorias
1151 598 1259 662 ejus
1294 597 1552 661 praedica-

488 675 718 738 tionique
741 674 1057 734 invidemus;
1084 681 1238 738 atque
1259 689 1321 724 ea
1344 674 1552 724 demum

490 759 637 800 recte
680 749 821 800 facta
864 751 1032 800 minus
1073 750 1447 817 detorquemus
1497 762 1552 803 et

493 826 771 890 carpimus,
794 842 910 890 quae
950 827 1001 876 in
1033 827 1356 878 obscuritate
1395 840 1451 881 et
1485 832 1552 881 si·

493 903 657 952 lentio
683 903 1043 966 reponuntur.'
1079 903 1310 955 Vaelium.

556 980 865 1045 Inflammare
915 995 1076 1031 sacras
1128 982 1277 1046 oedes]
1334 984 1552 1034 Petron.

492 1057 741 1107 Arbiter:
775 1058 928 1108 ‘Non
964 1059 1212 1122 sanguine
1254 1058 1390 1109 tristi
1427 1062 1553 1109 Per-

489 1133 633 1183 fusus
653 1135 834 1195 veni03
866 1150 966 1183 nou
1003 1137 1208 1200 templis
1230 1137 1418 1200 impius
1440 1137 1553 1186 hos-

492 1210 561 1259 tis
605 1210 826 1261 Admovi
871 1212 1146 1262 dextram.’
1217 1215 1332 1263 Hoc
1385 1214 1553 1278 ipsum

490 1285 695 1337 facinus
762 1290 1045 1352 exprobrat
1106 1291 1278 1339 Persis
1338 1291 1555 1342 Alexan.

493 1363 714 1425 Magnus
737 1365 873 1427 apud
900 1365 966 1416 Q.
988 1367 1137 1415 Curt.
1160 1366 1250 1416 lib.
1277 1380 1365 1416 111.
1389 1372 1404 1395 ‘
1424 1368 1555 1416 Cum

495 1440 695 1490 adierat
737 1442 972 1504 Graecos,
1016 1441 1347 1505 admonebat,
1388 1443 1454 1493 ab
1495 1444 1557 1491 iis

493 1515 735 1576 gentibus
779 1518 926 1567 illata
971 1518 1192 1569 Graeciae
1231 1519 1366 1569 bella
1403 1520 1555 1569 Darii

494 1593 657 1655 prius,
702 1592 895 1643 deinde
937 1595 1129 1645 Xerxis
1169 1596 1462 1659 insolentia,
1505 1612 1557 1646 a·

404 1719 415 1732 ,
492 1685 643 1733 quam
667 1670 832 1733 ipsam
854 1679 1151 1736 terramque
1167 1674 1557 1737 postulantium,

493 1754 552 1797 ut
575 1763 743 1812 neque
766 1749 984 1799 fontium
1018 1753 1281 1812 haustum,
1319 1768 1415 1803 uec
1439 1756 1560 1803 soli-

494 1831 576 1872 tos
601 1826 744 1875 cibos
785 1827 1154 1893 relinquerent.
1220 1831 1363 1879 Dein
1388 1831 1558 1880 Deum

495 1903 693 1964 templa
725 1905 882 1954 ruinis
915 1914 970 1954 et
994 1906 1197 1968 ignibus
1220 1921 1336 1956 esse
1360 1908 1559 1971 deleta,

495 1977 649 2027 urbes
726 1995 903 2030 eorum
960 1993 1301 2048 expugnatas,
1357 1983 1561 2034 foedera

492 2053 700 2102 humani
722 2056 988 2122 divinique
998 2058 1131 2120 juris
1153 2059 1343 2108 violata
1366 2058 1560 2109 refere-

495 2129 623 2180 bat.’
658 2131 828 2182 Sitzm.

559 2209 909 2273 Proscriptioni
942 2211 1241 2277 damnamur]
1282 2215 1448 2277 Magis
1481 2229 1563 2263 er-

497 2301 562 2346 go
592 2289 820 2335 oratorie
859 2304 1008 2352 quam
1051 2305 1171 2338 vere
1206 2291 1472 2342 Ennodius
1509 2294 1562 2341 in

496 2361 824 2426 Panegyrico
868 2366 1000 2429 Regi
1042 2367 1364 2418 Theoderico
1418 2369 1563 2420 dicto

497 2439 601 2488 ait:
636 2441 651 2468 ‘
673 2441 938 2506 Nusquam
976 2444 1029 2493 in
1065 2446 1182 2495 aula
1209 2455 1296 2496 tua
1320 2447 1562 2511 ambiti03

496 2522 553 2562 et
575 2526 729 2579 opum
754 2518 944 2583 ubique
970 2521 1202 2571 confusio
1227 2532 1327 2574 est.
1393 2526 1562 2575 Nemo

497 2590 775 2643 indonatus
825 2596 1063 2647 abscedit
1087 2615 1103 2659 ;
1158 2606 1214 2648 et
1262 2601 1430 2649 nullus
1486 2602 1561 2650 in·

497 2671 770 2720 commoda
804 2674 1195 2738 proscriptionis
1235 2677 1564 2740 ingemiscit!

497 2746 648 2796 Idem.

564 2825 870 2886 Dignitatem
905 2864 918 2879 .
942 2865 957 2878 .
984 2863 996 2877 .
1008 2830 1279 2894 fuscarent]
1324 2831 1561 2880 Familia·

496 2901 567 2949 ris
588 2902 819 2967 loquutio
840 2905 1143 2969 Symmacho
1167 2909 1399 2973 aliisque.
1424 2910 1561 2959 Vide

500 2978 675 3028 Juret.
702 2980 768 3028 ad
791 2982 960 3044 Epist.
984 2987 1065 3032 53.
1091 2983 1178 3033 lib.
1201 2996 1284 3032 tx.
1322 2986 1470 3033 Idem.

551 3052 705 3103 Ἐπου
733 3057 846 3120 θεῷ’]
878 3057 1197 3109 Jamblichus
1238 3062 1372 3109 enim
1411 3060 1558 3123 [vitae

500 3130 819 3195 Pythagoroe
846 3135 880 3182 l.
914 3149 977 3184 11.
999 3136 1175 3200 Symb.
1199 3137 1327 3201 νιι.]
1364 3153 1559 3201 eorum,

499 3223 615 3272 quae
657 3210 723 3259 ad
765 3212 1084 3275 Sapientiam
1125 3215 1421 3276 conferunt,
1457 3220 1562 3280 pri-

498 3301 638 3335 mum
662 3288 975 3352 Pythagorae
993 3292 1289 3354 Symbolum
1316 3294 1561 3356 ejusmodi

499 3360 657 3412 fuisse
674 3364 1079 3426 refertJAAEwns
1087 3366 1175 3431 πρὸ
1186 3371 1282 3416 τῶν
1291 3367 1449 3417 ἄλλων
1457 3367 1560 3433 κρά-

499 3456 573 3487 τει
584 3441 703 3488 θεοῖς
716 3440 952 3500 ἑπόμενος.
965 3444 1236 3506 ‘Linguam
1257 3456 1377 3494 ante
1392 3447 1563 3494 omnia

502 3521 773 3568 contineto
802 3520 944 3568 Deos
982 3521 1238 3584 sequens!
1306 3523 1458 3573 Quod
1489 3524 1566 3572 ita

501 3594 741 3656 exponit,
762 3598 953 3658 Πρῶτον
972 3596 1067 3659 γὰρ
1089 3595 1193 3645 ἔστι
1213 3596 1387 3659 Σοφίας
1409 3597 1565 3662 ἔργον,

500 3669 560 3718 τὸ
579 3670 664 3720 τὸν
683 3670 833 3732 λόγον
866 3671 1161 3736 ἐπιστρέφειν
1192 3672 1256 3723 εἷς
1283 3673 1463 3735 ἑαυτὸν,
1485 3675 1564 3725 καὶ

502 3745 669 3809 ἐθίζειν
708 3747 774 3809 μὴ
823 3746 907 3810 ἔξω
942 3748 1146 3813 προϊέναι
1186 3751 1478 3800 τελειοῦσθαι
1506 3771 1565 3802 τε

501 3824 601 3872 καθ’
617 3823 795 3886 ἑαυτὸν,
807 3823 885 3873 καὶ
902 3825 952 3874 ἐν
965 3827 1027 3891 τῇ
1041 3824 1155 3889 πρὸς
1170 3827 1334 3877 ἑαυτὸν
1349 3829 1562 3893 ἐπιστρο-

500 3903 585 3966 φῇ.
596 3902 672 3951 καὶ
683 3904 801 3961 μετὰ
814 3904 952 3954 τοῦτο
969 3905 1019 3954 ἐν
1027 3908 1094 3971 τῷ
1104 3908 1205 3956 τοῖς
1216 3910 1333 3958 θεοῖς
1350 3906 1561 3961 ἕπεσθαι.

500 3976 637 4029 οὐδὲν
660 3978 756 4043 ’γὰρ
777 3979 898 4030 ἄλλο
928 3982 1050 4032 οὕτω
1083 3988 1261 4034 relicto?
1281 3986 1369 4035 τὸν
1390 3989 1513 4050 νοῦν,
1531 3988 1563 4047 ἢ

501 4054 615 4104 ὅταν
638 4057 1023 4122 ἐπιστρεφόμενος
1056 4060 1123 4113 εἷς
1143 4063 1309 4112 ἑαυτὸν
1330 4067 1429 4115 τοῖς
1447 4068 1566 4116 Θεοῖς

503 4137 841 4200 συνακολουθῇ,
860 4138 1111 4188 ‘Primum
1129 4141 1265 4189 enim
1280 4142 1562 4204 Sapientiae

504 4225 633 4273 opus
670 4219 750 4261 est
788 4227 1076 4264 sermonem
1116 4216 1232 4279 [seu
1270 4217 1425 4265 animi
1461 4217 1564 4267 dis-

506 4289 734 4351 cursum]
778 4289 829 4337 in
872 4293 1098 4356 seipsum
1140 4300 1465 4355 convertere,
1509 4302 1564 4345 et

504 4364 579 4414 ita
614 4365 929 4417 assuefacere
953 4376 1013 4419 ut
1040 4369 1178 4418 foras
1215 4383 1315 4419 non
1352 4385 1563 4435 progre-

1185 452 1399 500 No'rAE
1452 452 1846 501 VARJORCM
1898 454 1976 502 IN

1626 598 1800 649 diatur
1823 598 2191 664 perfectusque
2214 598 2469 649 reddatur
2486 598 2538 648 in
2561 600 2683 664 seip-

1627 690 1701 736 so,
1736 684 1790 724 et
1831 679 1883 725 in
1921 677 2259 725 conversione
2296 693 2358 726 ac
2394 678 2678 728 considera-

1626 752 1767 801 tione
1793 754 1857 801 ad
1883 754 2143 815 seipsum:
2183 754 2373 803 deinde
2398 756 2447 804 in
2472 770 2535 804 eo
2569 771 2685 805 cou-

1627 829 1788 890 sistit,
1821 836 1877 878 ut
1910 830 2053 879 Deos
2074 832 2321 896 sequaris.
2393 833 2538 882 Nihil
2560 833 2688 880 enim

1629 905 1769 954 aliud
1805 915 2030 956 mentem
2073 909 2145 957 sic
2192 908 2422 971 perficit,
2463 923 2613 974 quam
2647 908 2688 958 si

1628 980 1681 1030 in
1716 997 1772 1031 se
1808 998 2085 1032 conversus
2108 985 2251 1033 Deos
2287 1000 2495 1051 quoque
2533 985 2697 1049 sequi·

1627 1058 1748 1107 tur!
1813 1059 2063 1125 Idemque
2085 1062 2241 1111 habet
2270 1062 2547 1111 Hierocles
2563 1076 2694 1112 com-

1629 1136 1865 1184 mentarii
1890 1137 1939 1184 in
1981 1152 2141 1187 carm.
2173 1151 2333 1187 aurea
2354 1137 2698 1203 Pythagorae-

1627 1225 1772 1260 orum
1797 1214 2031 1274 capitulo
2069 1227 2132 1263 11.
2171 1216 2462 1279 eademque
2499 1216 2698 1264 ratione

1629 1290 1874 1352 explicat.
1943 1291 2046 1339 Sed
2071 1301 2125 1342 et
2147 1291 2303 1339 latius
2334 1291 2401 1340 de
2425 1306 2492 1340 ea
2515 1306 2573 1339 re
2596 1291 2699 1340 dis-

1629 1366 1756 1414 serit
1811 1366 1948 1415 idem
1993 1367 2318 1418 Jambiichus
2358 1367 2528 1431 ejusd.
2575 1370 2694 1418 vitae

1629 1442 1719 1491 lib.
1746 1457 1783 1491 ι.
1807 1458 2007 1492 c.xrtx.
2051 1456 2102 1493 et
2142 1459 2326 1496 xxnm
2371 1446 2698 1510 gratiamque

1629 1519 1903 1569 habiturus
1928 1530 2006 1570 est
2030 1522 2188 1571 indici
2225 1521 2459 1586 quisquis
2500 1522 2702 1584 legerit.

1631 1597 1696 1645 Et
1749 1596 2115 1660 Hippodamus
2166 1600 2389 1648 Thur-ius
2437 1599 2700 1663 Pythago-

1632 1688 1763 1722 raeus
1798 1675 1935 1738 apud
1971 1676 2233 1725 Stobaeum
2267 1691 2420 1726 serm.
2455 1689 2528 1725 cr.
2601 1676 2702 1727 Qui

1633 1763 1807 1797 omnes
1859 1751 2267 1814 Pythagoricum
2322 1749 2539 1801 effatum
2588 1766 2702 1801 esse

1632 1841 1748 1875 cum
1808 1826 1999 1877 Boetio
2048 1829 2496 1878 existimaverunt.
2599 1829 2701 1879 Alii

1637 1919 1759 1952 vero
1807 1913 1862 1954 ut
1906 1905 2109 1968 Cicero,
2158 1906 2493 1966 Plutarchus,
2536 1906 2702 1956 Clem.

1636 1980 1919 2032 Alexandr.
1952 1982 2059 2031 Str.
2102 1996 2165 2032 11.
2201 1991 2268 2032 et·
2293 1984 2366 2032 D.
2395 1982 2703 2032 Ambrosius

1638 2072 1791 2107 unum
1813 2073 1843 2106 e
1867 2059 2130 2108 veteribus
2145 2073 2245 2110 vu.
2263 2060 2558 2122 sapientum
2573 2074 2703 2123 pra·-

1637 2135 1807 2198 ccptis
1850 2145 2154 2198 agnoscunt.
2222 2135 2486 2201 Quicquid
2520 2138 2615 2198 sit,
2647 2138 2703 2185 il·

1637 2212 1723 2261 lud
1751 2213 1817 2261 ab
1843 2213 2065 2276 antiquis
2088 2219 2364 2275 acceptum
2396 2215 2549 2262 Plato
2565 2227 2707 2272 egre·

1637 2290 1719 2353 gie
1761 2290 2066 2339 celebravit.
2148 2289 2412 2354 Siquidem
2457 2291 2509 2339 in
2557 2291 2703 2339 libris

1640 2367 1705 2416 de
1731 2367 1869 2431 Rep.
1896 2383 2045 2417 omne
2071 2369 2286 2418 hominis
2309 2370 2500 2418 bonum
2526 2369 2579 2417 in
2603 2370 2703 2432 pri·

1639 2446 1707 2495 mi
1731 2447 2016 2512 summique
2054 2446 2172 2496 boni
2207 2446 2427 2497 scientia
2460 2449 2707 2510 positum,

1636 2522 1836 2585 hocque
1882 2524 1935 2571 in
1978 2522 2211 2571 omuibus
2250 2523 2570 2587 sequendum
2608 2537 2705 2572 coe·

1641 2599 1872 2662 terisque
1912 2599 2112 2648 relictis
2152 2599 2271 2648 huie
2311 2600 2397 2648 uni
2439 2599 2706 2649 adhaeren-

1640 2673 1764 2724 dum
1802 2676 2120 2738 praescribit:
2161 2678 2420 2742 docetque
2457 2675 2706 2725 Alcinous

1639 2749 1908 2813 εἰσαγωγῆς
1944 2767 1992 2802 c.
2034 2766 2136 2803 xx.
2179 2768 2243 2802 ex
2292 2753 2467 2802 verbis
2502 2753 2620 2817 ejus
2654 2752 2705 2801 in

1638 2827 1870 2876 Phaedro
1904 2837 1958 2879 et
2001 2843 2077 2879 tv.
2114 2832 2179 2878 de
2204 2830 2335 2892 Rep.
2360 2829 2585 2877 hominis
2622 2828 2709 2877 ho-

1638 2917 1760 2954 num
1803 2913 1857 2954 et
1902 2904 2056 2955 finem
2094 2920 2209 2955 esse
2248 2905 2346 2955 hoc
2386 2906 2576 2969 ipsum,
2610 2904 2709 2966 Θεῷ

1638 2976 1849 3030 ἕπεσθαι.
1947 2982 2197 3046 Idemque
2263 2982 2473 3045 penitus
2531 2982 2709 3031 scribit

1642 3059 1902 3121 Apuleius
1935 3058 2024 3107 tib.
2062 3059 2127 3107 de
2149 3060 2315 3122 ejusd.
2338 3059 2527 3107 Morali
2550 3059 2706 3123 philo-

1639 3135 1836 3198 sophia,
1855 3134 2334 3199 interpretaturque
2347 3136 2444 3198 ita,
2468 3136 2707 3185 nimirum

1641 3218 1697 3260 ut
1720 3212 1940 3274 Sapiens
1959 3213 1974 3238 ⁸
1996 3211 2323 3260 aemulatioue
2343 3212 2465 3260 vitoe
2483 3211 2709 3262 adDeo·

1640 3301 1750 3334 rum
1776 3294 1926 3334 actus
1938 3284 2193 3335 accedat!
2218 3286 2370 3336 Philo
2392 3302 2605 3351 quoque
2621 3287 2708 3340 lib.

1640 3360 1745 3423 sepi
1766 3361 1998 3412 ἀποικίας.
2064 3364 2151 3412 De
2174 3377 2275 3427 qua
2299 3378 2355 3413 re
2378 3364 2637 3417 videndus
2655 3370 2708 3414 et

1644 3439 1866 3489 Procius
1889 3440 2281 3490 Institutionum
2300 3441 2581 3505 theologie.
2594 3456 2708 3507 cap·

1640 3520 1755 3566 203.
1813 3524 1869 3566 et
1922 3517 2273 3582 sequentibus.
2337 3517 2516 3568 Alium
2586 3533 2709 3568 vero

1640 3594 1801 3645 Stoici
1827 3593 1977 3655 liujus
2002 3593 2257 3657 praecepti
2292 3609 2439 3643 usum
2480 3596 2709 3658 peculia·

1641 3685 1749 3720 rem
1770 3668 2026 3734 fecerunt,
2044 3686 2148 3735 qno
2165 3685 2243 3732 se,
2266 3671 2515 3721 adversus
2538 3673 2709 3722 omnia

1640 3762 1756 3812 quae
1794 3749 2027 3797 humanis
2069 3750 2315 3797 accidunt
2357 3748 2598 3811 adversa,
2632 3765 2707 3799 so·

1642 3828 1891 3876 lare-ntur.
1954 3824 2123 3874 Aiunt
2164 3825 2300 3874 enim
2340 3825 2490 3889 sequi
2532 3828 2704 3876 Deum

1640 3916 1755 3950 esse
1788 3901 1879 3960 τὴν
1916 3901 2060 3951 αὐτοῦ
2090 3900 2282 3963 ’γνώμην
2320 3900 2610 3952 ὑποπάσσειν
2638 3902 2705 3963 ἐὖ

1640 3980 1883 4028 διοικοῦντι
1910 3978 1975 4028 τὰ
1995 3978 2105 4039 ὅλα,
2126 3976 2336 4043 καθάπερ
2357 3979 2402 4029 οἱ
2431 3979 2600 4042 ἀγαθοὶ
2621 3997 2704 4029 πο·

1639 4056 1768 4106 ata-m
1811 4060 1883 4119 τᾷ
1929 4057 2052 4119 νόμῳ
2087 4059 2174 4116 τῆς
2208 4056 2408 4121 πόλεως,
2440 4060 2455 4087 ‘
2475 4068 2700 4109 mentem

1642 4151 1781 4185 suani
1808 4137 2116 4185 submittere
2154 4137 2465 4200 gubernanti
2501 4133 2705 4186 omnia’

1641 4214 1833 4275 Menti,
1871 4220 1884 4242 ⁸
1905 4213 2038 4263 sicut
2062 4213 2185 4263 boni
2210 4216 2351 4263 cives
2377 4214 2502 4278 Legi
2524 4214 2701 4262 civita·

1642 4290 1745 4340 tis.’
1785 4292 2067 4340 Cleanthes
2090 4291 2227 4354 apud
2249 4290 2700 4354 Epictetum,⁸'A7e

1640 4368 1695 4427 δή
1728 4370 1797 4433 μ’,
1829 4366 1864 4417 ὦ
1899 4369 2003 4435 Ζεῦ,
2036 4369 2116 4420 καὶ
2147 4366 2210 4418 σύ
2256 4361 2305 4432 'y'
2338 4368 2370 4429 ἡ
2416 4365 2698 4433 πεπρωμένη,
