3049 4928
522 407 657 472 472

524 581 677 633 quam
697 566 852 630 juvat
868 563 1006 615 nuda
1029 563 1459 628 manu-captasse
1473 561 1588 613 fou·

521 644 660 695 tem!
695 641 890 693 certior
922 654 1126 691 somnus
1166 640 1356 705 premit
1390 641 1587 691 Secura

523 721 652 771 duro
673 719 900 769 membra
919 725 1215 769 versantem
1238 718 1389 769 toro.'
1431 719 1583 769 Idem.

591 800 818 848 Nondum
852 796 1000 846 m
1031 799 1133 846 altu
1162 796 1373 859 secabat]
1405 797 1588 847 Senec.

521 875 577 926 in
601 875 766 939 Hipp.
790 890 864 925 vs.
886 877 1002 925 228.
1031 873 1047 902 ‘
1068 874 1314 923 Nondum
1338 874 1587 924 secabant

523 954 748 1004 credulo
789 959 1004 1016 pontum
1040 957 1199 1015 rates,
1227 950 1335 1000 Sua
1365 951 1587 1016 quisque

524 1036 677 1080 norat
699 1026 895 1078 marial
930 1027 1079 1078 Idem.

595 1107 697 1155 Nec
715 1104 945 1154 mercibus
965 1105 1167 1168 undique
1189 1104 1348 1167 lectis]
1401 1106 1588 1156 Manil.

521 1181 615 1231 lib.
655 1195 697 1233 1.
745 1181 761 1210 ‘
781 1182 852 1230 Et
882 1195 1039 1245 vagus
1061 1181 1319 1231 incertum
1343 1189 1586 1247 penetra-

521 1259 601 1308 vit
634 1258 812 1308 navita
844 1257 1089 1321 Pontum,
1124 1259 1273 1309 Fecit
1305 1265 1362 1310 et
1392 1260 1585 1323 ignotis

522 1335 682 1385 itiner
724 1335 1033 1385 commercia
1068 1335 1258 1385 terris?
1308 1335 1586 1386 Parissima

521 1419 694 1462 autem
737 1410 879 1460 bisce
913 1410 1077 1460 tribus
1114 1411 1348 1462 versibus
1382 1413 1471 1461 illa
1499 1412 1584 1462 'ri-

523 1488 651 1537 bnlli
670 1488 760 1538 lib.
781 1502 820 1538 1.
843 1489 993 1553 Eleg.
1016 1493 1065 1539 8.
1096 1489 1111 1515 ‘
1138 1488 1382 1540 Nondum
1417 1506 1583 1541 caeru-

521 1565 631 1614 leas
665 1565 816 1629 pinus
851 1573 1239 1629 contempserat
1271 1567 1454 1629 undas,
1490 1565 1582 1616 Ef-

520 1640 692 1691 fusum
738 1642 907 1691 ventis
952 1642 1357 1709 praebueratque
1395 1645 1583 1706 sinum,

522 1718 640 1768 Nec
661 1733 825 1783 vagus
848 1719 1038 1782 ignotis
1062 1728 1309 1784 repetens
1338 1735 1586 1785 compen-

522 1794 610 1843 dia
636 1795 809 1858 terris,
847 1796 1122 1845 Presserat
1154 1804 1370 1847 externa
1405 1797 1586 1848 navita

523 1885 699 1920 merce
719 1871 921 1921 ratem!
956 1871 1108 1922 Idem.

590 1949 732 1997 Νοοα
747 1949 915 2012 litora]
938 1948 1121 2000 Senec.
1137 1949 1191 1999 in
1208 1951 1353 2003 Med.
1376 1966 1450 2002 vs.
1470 1957 1585 2003 ³31.

525 2031 580 2073 et
603 2037 749 2090 seqq.
782 2025 799 2052 ‘
819 2024 1056 2074 Candida
1084 2027 1252 2076 nostri
1275 2030 1470 2078 saecula
1493 2044 1585 2093 pa-

523 2109 634 2151 tres
669 2101 886 2166 Videre,
919 2103 1099 2165 procul
1133 2101 1317 2155 fraude
1351 2112 1585 2168 remota3

524 2177 629 2226 Sua
652 2178 869 2242 quisque
893 2179 1035 2242 piger
1055 2179 1212 2230 litora
1241 2189 1462 2246 tangens
1483 2184 1586 2233 Pa·

525 2253 627 2302 trio
664 2267 827 2303 senex
859 2252 1030 2304 factus
1060 2254 1113 2304 in
1136 2270 1278 2320 arvo,
1313 2257 1486 2309 Parvo
1509 2259 1587 2309 di-

523 2344 636 2393 ves,
669 2330 768 2379 nisi
803 2345 931 2396 quas
971 2332 1163 2382 tulerat
1184 2334 1379 2384 Natale
1402 2336 1589 2398 solum,

524 2422 627 2457 non
655 2416 804 2459 norat
826 2408 990 2474 opes!
1042 2409 1159 2459 Rex
1182 2410 1496 2461 Colchorum
1517 2413 1586 2463 ad

521 2483 844 2550 Argonautas
867 2486 1006 2550 apud
1032 2487 1152 2537 Val.
1172 2487 1350 2538 Flacc.
1367 2488 1460 2538 lib.
1486 2504 1588 2541 vn.

522 2563 539 2589 ‘
552 2562 701 2612 Orbe
720 2570 858 2613 satos
877 2563 998 2625 alio,
1017 2577 1107 2613 sua
1125 2563 1304 2627 litora,
1321 2579 1587 2631 regnaque

522 2641 791 2704 babentes,
834 2642 983 2693 Quis?
1004 2641 1148 2691 furor
1179 2642 1268 2692 bas
1300 2643 1482 2692 mediis
1502 2651 1588 2694 tot

522 2717 768 2769 fluctibus
791 2719 903 2782 egit
924 2718 976 2767 in
1002 2733 1116 2769 oras
1138 2718 1175 2767 θ’
1250 2720 1336 2769 De
1370 2720 1586 2771 andacia

521 2794 806 2858 primorum
853 2795 1146 2845 Nautarum
1200 2798 1364 2847 multa
1400 2798 1584 2849 Senec.

522 2868 577 2918 in
593 2870 806 2934 Medea,
827 2871 983 2920 Cbor.
1005 2875 1054 2921 2.
1076 2872 1209 2922 Stat.
1233 2873 1321 2923 lib.
1342 2887 1381 2923 ι.
1396 2873 1586 2925 Achill.

521 2946 711 2996 Horat.
739 2958 777 2997 ι.
815 2947 987 2997 Carm.
1016 2946 1119 2997 Od.
1142 2951 1191 2996 2.
1227 2949 1483 2999 Phaedrns
1505 2963 1586 3000 ιν.

523 3021 653 3071 Fab.
677 3022 945 3073 claudian.
979 3022 1034 3071 in
1057 3022 1273 3074 Praefat.
1311 3024 1400 3075 lib.
1437 3040 1477 3076 1.
1517 3026 1586 3076 de

522 3099 681 3163 Rapt.
705 3101 953 3163 Proserp.
989 3101 1140 3151 Idem·

592 3176 727 3225 'liene
761 3176 954 3226 classica
994 3191 1123 3227 saevu
1160 3177 1402 3243 tacebunt]
1437 3178 1586 3244 Virg.

521 3267 587 3303 ιι.
602 3254 800 3318 Georg.
822 3258 837 3284 ‘
861 3257 976 3306 Nec
993 3256 1115 3306 dum
1133 3258 1290 3308 etiam
1310 3257 1585 3308 audierant

519 3328 691 3378 inflari
735 3331 972 3394 classica,
1008 3345 1107 3382 nec
1147 3333 1268 3387 dum
1303 3333 1582 3398 Impositos

519 3405 660 3456 duris
684 3407 944 3472 crepitare
967 3408 1240 3460 incudibus
1260 3411 1444 3462 enses?
1474 3411 1584 3462 Ho-

520 3490 623 3532 rat.
664 3484 835 3548 Epod.
869 3484 974 3536 Od.
1002 3490 1067 3535 ·2.
1103 3486 1119 3514 ‘
1151 3487 1267 3537 Nec
1323 3488 1585 3538 excitatur

519 3560 738 3610 classico
761 3561 909 3610 miles
947 3562 1104 3625 truci,
1139 3563 1256 3613 Nec
1286 3563 1466 3615 horret
1485 3565 1586 3615 ira·

519 3642 633 3685 tum
654 3635 835 3688 mare.'
871 3638 1023 3688 Idem·

588 3712 743 3761 Cruor
774 3712 970 3762 horrida
1004 3713 1219 3763 tinxerat
1251 3714 1412 3778 uma]
1475 3717 1582 3769 Me.

523 3790 679 3838 Cruor
696 3791 890 3840 horrida
910 3790 1126 3840 tinxerat
1145 3807 1299 3842 mu..
1319 3792 1508 3845 Senec.
1526 3795 1582 3845 in

518 3866 645 3917 Oct.
658 3871 859 3918 vs.390.
877 3874 935 3917 et
952 3882 1058 3933 seq.
1077 3875 1091 3898 ⁸
1106 3869 1400 3920 Humanum
1418 3887 1583 3936 genus

516 3945 640 3994 Non
670 3946 809 3996 heila
831 3955 1000 4011 norat,
1034 3963 1138 3998 non
1172 3949 1314 4000 tubae
1342 3949 1581 4000 fremitus

514 4028 711 4085 truces,
734 4025 850 4073 Non
871 4039 1013 4076 arma
1037 4033 1236 4090 gentes,
1266 4027 1478 4089 cingere
1499 4042 1579 4077 as-

514 4109 729 4151 suerant
748 4117 868 4152 suas
893 4104 1058 4154 Muris
1078 4102 1392 4154 nec-urbes!
1427 4105 1579 4155 Idem

512 4176 570 4244 ip
606 4178 772 4243 Hipp.
805 4194 882 4230 vs.
915 4184 1030 4233 351,
1064 4182 1080 4209 ⁴
1104 4180 1225 4231 Non
1260 4195 1405 4231 arma
1438 4195 1579 4231 saeva

458 4249 463 4253 ’
514 4253 663 4304 miles
685 4257 901 4320 aptabat
916 4257 1104 4307 manu.’
1136 4258 1286 4311 Idem.

583 4331 764 4397 Furor]
817 4332 1016 4383 Statius
1048 4345 1150 4385 vu.
1197 4332 1453 4384 Thebaid.
1483 4333 1576 4384 Sa·

1231 418 1448 468 ⁸01*AE
1495 417 1896 469 vammum
1945 418 2024 469 m

1663 562 1857 613 tellites
1894 561 2084 613 Martis
2145 562 2220 614 ait
2261 575 2395 627 esse,
2437 561 2701 628 Impetum,

1664 637 1848 699 Nefas,
1883 639 2040 702 Iram,
2075 639 2300 704 Metam,
2338 641 2579 703 Insidias,
2596 643 2706 691 Dis·

1662 714 1911 777 cordiam,
1977 715 2247 779 Furorem,
2325 705 2706 780 Crudelitatem,

1662 792 1910 843 Mortem.
1943 791 2096 842 Idem.

1732 868 1929 917 Utinam
1949 870 2085 917 modo
2118 874 2281 918 nostra
2302 867 2538 930 redirent]
2583 868 2707 917 Pru-

1662 943 1870 994 dentius
1893 958 1953 994 u.
1971 951 2155 993 contra
2191 944 2551 1008 Symmachum
2588 941 2638 992 in
2660 955 2711 993 re

1659 1021 1866 1087 quidem
1885 1021 2109 1083 diversa,
2127 1021 2312 1071 iisdem
2329 1029 2501 1072 tamen
2516 1019 2681 1070 verbis
2696 1033 2711 1070 ε

1661 1101 1676 1127 ‘
1698 1099 1926 1149 Edomiti
1939 1099 2049 1162 jam
2068 1099 2220 1148 triste
2241 1096 2487 1159 fremant,
2510 1098 2714 1147 iterum-

1659 1190 1760 1241 que
1781 1173 1975 1225 ferinos
1996 1174 2060 1224 In
2097 1188 2265 1225 mores
2304 1174 2545 1238 redeant,
2564 1179 2715 1238 atque

1661 1253 1726 1301 ad
1749 1266 1843 1302 sua
1860 1252 2033 1316 prisca
2055 1251 2358 1301 recurrant.'
2388 1250 2538 1300 Idem.

1722 1328 1819 1379 Sed
1836 1330 2006 1378 saeoior
2022 1329 2212 1392 ignibus
2237 1328 2429 1391 AEtaoe]
2460 1328 2648 1377 Senec.
2666 1326 2718 1375 in

1659 1405 1823 1456 Herc.
1857 1406 1966 1456 OEt.
1986 1420 2062 1454 vs.
2085 1409 2200 1454 286.
2263 1406 2280 1435 ‘
2304 1405 2434 1457 Quis
2457 1404 2588 1469 ignis
2611 1409 2720 1452 tan·

1658 1488 1742 1533 tus
1765 1484 1817 1532 in
1846 1484 2031 1533 caelum
2069 1480 2198 1533 furit
2220 1482 2484 1531 Ardentis*
2504 1479 2721 1530 AEtnae?

1656 1560 1870 1611 Lucret.
1892 1560 1983 1610 lib.
2013 1573 2079 1609 n.
2143 1559 2392 1609 ‘Eximiis
2429 1569 2559 1608 vero
2593 1556 2720 1609 furit

1656 1636 1860 1700 ignibus
1883 1638 2108 1702 impetus
2135 1636 2341 1687 AEtnae.’
2374 1637 2527 1688 Idem.
2707 1667 2710 1670 -

1722 1713 1930 1764 Feruens
1948 1730 2080 1764 umor
2099 1717 2235 1764 ardet
2255 1715 2481 1780 habendi]
2503 1716 2716 1765 Lucret.

1658 1788 1749 1839 lib.
1772 1803 1823 1839 v.
1877 1793 1893 1820 ‘
1917 1791 2173 1840 Nimirum
2205 1791 2323 1856 quia
2344 1805 2450 1840 non
2469 1790 2718 1855 cognovit

1659 1868 1746 1931 qni
1771 1868 1842 1919 sit
1861 1869 2084 1919 habendi
2109 1868 2284 1920 Finis.'
2315 1870 2564 1918 Evander
2586 1866 2718 1933 apud

1658 1943 1844 2007 virgil.
1880 1958 2011 1996 vm.
2050 1943 2254 1996 AEneid.
2322 1947 2337 1975 ‘
2363 1946 2615 1996 Deterior
2636 1945 2719 1994 do·

1656 2034 1756 2071 nec
1796 2023 2063 2086 paullatim
2107 2039 2169 2073 ac
2210 2024 2425 2074 decolor
2472 2029 2623 2085 εἰει,
2654 2024 2721 2073 Et

1656 2099 1781 2149 belli
1803 2099 1996 2163 rabies,
2016 2106 2073 2149 et
2091 2115 2233 2150 amor
2249 2100 2501 2151 successit
2525 2100 2715 2150 haben·

1658 2176 1751 2226 di.'
1817 2177 2074 2228 Prudent.
2111 2178 2165 2226 in
2211 2177 2492 2242 Psycbom.
2563 2176 2583 2204 ‘
2605 2177 2717 2227 Nec

1659 2252 1830 2317 parcit
1861 2254 2087 2318 propriis
2131 2268 2276 2305 amor
2309 2255 2587 2304 insatiatus
2629 2254 2715 2303 ha·

1658 2329 1818 2380 bendi
1855 2330 2207 2396 Pignoribus.’
2277 2330 2476 2381 Arnob.
2516 2331 2611 2381 lib.
2655 2343 2719 2380 ιι.

1660 2404 1798 2456 Adv.
1817 2406 2044 2457 Gentes:
2082 2408 2097 2436 ‘
2119 2408 2322 2458 Iccirco
2346 2408 2544 2457 animas
2561 2407 2720 2471 misit,

1660 2492 1720 2535 nt
1741 2500 1856 2549 quae
1896 2500 2071 2536 secum
2107 2493 2486 2536 commorantes
2521 2499 2721 2549 posses·

1661 2560 1818 2610 sionis
1851 2561 2072 2625 alicujus
2123 2563 2319 2610 nullum
2368 2576 2597 2627 unquam
2633 2561 2721 2611 ba·

1660 2637 1896 2687 buissent
1952 2651 2214 2687 amorem:
2271 2638 2586 2687 avarissimae
2639 2638 2718 2686 hic

1659 2714 1865 2776 fierent,
1887 2715 2011 2764 etin
2030 2714 2253 2764 habendi
2273 2715 2501 2764 studium
2520 2715 2720 2763 inexsa-

1664 2790 1869 2841 turabili
1912 2791 2142 2856 pectoris
2178 2791 2512 2841 ardescerent
2565 2804 2718 2854 appe·

1659 2870 1794 2919 titu:
1829 2867 2119 2919 effoderent
2139 2871 2272 2919 altos
2292 2877 2520 2932 montes,
2549 2878 2607 2919 et
2628 2870 2720 2918 vis·

1660 2959 1780 2995 cera
1802 2946 1983 3010 ignota
2005 2952 2259 2996 terrarum
2273 2947 2326 2996 in
2342 2947 2591 2997 materias
2612 2960 2718 2995 ver·

1661 3026 1837 3073 terent
1854 3024 2009 3073 alieni
2028 3024 2249 3073 nominis
2272 3033 2430 3089 atque
2450 3022 2609 3073 usus.’
2645 3022 2716 3071 Id.

1727 3100 1860 3162 Heu,
1880 3101 2067 3164 primus
2086 3102 2193 3165 quis
2214 3102 2324 3160 suit
2343 3101 2443 3164 ille]
2476 3099 2532 3148 Si
2555 3098 2719 3150 credi·

1660 3191 1773 3226 mus
1813 3177 2143 3240 cassiodoro,
2169 3178 2321 3242 primi
2347 3178 2363 3205 ‘
2387 3191 2569 3227 aurum
2608 3175 2717 3226 AEa·

1660 3267 1776 3316 cus,
1797 3261 2071 3319 argentum
2087 3254 2253 3304 Indus
2276 3269 2367 3303 rex
2389 3252 2624 3317 Scythiae
2645 3265 2718 3300 re·

1659 3332 1943 3397 pererunt.’
1988 3339 2046 3383 et
2079 3334 2302 3383 hnmano
2341 3332 2458 3382 usui
2496 3320 2735 3381 tradide-‘

1660 3417 1798 3461 runt.
1851 3410 1973 3461 Vid.
2009 3424 2097 3461 ω.
2131 3409 2336 3460 Variar.
2357 3413 2439 3458 25.
2496 3407 2719 3456 Videtur

1659 3494 1836 3537 autem
1869 3493 2051 3538 noster
2107 3486 2299 3537 imitari
2335 3486 2602 3536 Tibullum
2635 3484 2718 3550 qui

1657 3563 1748 3614 lib.
1789 3577 1828 3612 ι.
1869 3565 2017 3629 Eleg.
2060 3568 2140 3613 10.
2165 3562 2374 3629 inquit,
2417 3563 2589 3614 ‘Quis
2624 3561 2719 3611 fuit

1653 3639 1942 3691 horrendos
1958 3640 2152 3706 primus
2167 3640 2259 3707 qui
2282 3638 2499 3704 protulit
2522 3652 2672 3689 enses
2686 3634 2720 3685 2·

1721 3795 1852 3844 Arm·
1884 3794 1967 3858 qui
1994 3796 2203 3858 pondere
2232 3791 2375 3856 tecti]
2415 3791 2493 3842 At
2525 3794 2717 3856 quanto

1656 3872 1899 3922 meliores
1918 3871 2215 3937 Babytaces
2238 3869 2461 3920 iucolae?
2517 3869 2584 3919 de
2605 3867 2714 3933 qui·

1655 3950 1754 4000 bus
1784 3948 1985 4000 Solinus
2009 3964 2127 4013 cap.
2151 3953 2201 4000 8.
2266 3950 2283 3977 ‘
2310 3947 2354 3996 A
2377 3946 2526 3997 Susis
2543 3944 2717 4008 Baby·

1654 4033 1776 4077 tace
1798 4026 2050 4091 oppidum
2073 4029 2186 4075 135.
2210 4023 2437 4073 millibus
2476 4035 2714 4087 passuum

1653 4102 1837 4164 distat,
1858 4102 1911 4150 in
1935 4116 2038 4167 quo
2076 4101 2325 4151 mortales
2350 4100 2575 4150 universi
2596 4097 2713 4148 odio

1651 4179 1761 4229 auri
1797 4179 2043 4229 coe'munt
2074 4177 2172 4229 boc
2216 4192 2381 4242 genus
2422 4172 2636 4238 metalli,
2656 4179 2713 4224 et

1651 4255 1999 4319 abjiciunt-in
2036 4260 2295 4305 terrarum
2334 4253 2609 4319 profunda,
2645 4263 2708 4299 ne

1649 4334 1837 4397 polluti
1858 4348 1956 4384 usu
1990 4333 2102 4397 ejus
2142 4333 2362 4384 avaritia
2384 4332 2706 4394 corrumpent
