3049 4928
1037 402 1557 457 P‘Hlnos‘ormzn
1607 407 1747 454 mn.
1796 408 1846 455 I.

599 554 853 617 Suetus
879 550 949 614 in
974 549 1287 616 aetherios
1317 551 1410 614 ire
1438 557 1726 628 meam,

602 655 939 720 Cernebat
967 655 1141 719 rosei
1173 653 1422 718 lumina
1453 654 1682 732 Solis:

606 758 895 824 Visebat
923 757 1164 839 gelidas
1196 756 1420 822 sidera
1450 757 1708 834 Lunae‚⁸

602 864 694 927 Et
723 864 1169 945 quaecumque
1198 879 1406 942 vagos
1433 860 1627 925 stella
1655 879 1965 927 recursus
1980 860 1999 896 ‘

2455 863 2541 930 lo

341 1069 402 1117 ad
421 1070 642 1133 reg-iones
661 1073 884 1133 coelestes,
905 1070 1158 1136 aspiciebat
1169 1070 1330 1120 radios
1352 1069 1480 1119 Solis
1507 1069 1753 1133 purpurei,
1774 1069 2045 1121 intuebatur
2058 1067 2269 1130 formam
2285 1068 2433 1118 Luuoe
2443 1065 2543 1129 fri·

338 1134 486 1198 eidoe,
523 1142 574 1186 et
610 1141 834 1202 quotquot
855 1108 1003 1187 s'telloe
1030 1137 1203 1187 liabent
1235 1134 1523 1185 reversiones
1544 1141 1773 1200 mantes,
1791 1151 2021 1186 converse
2035 1150 2124 1199 per
2142 1134 2372 1185 circuitus
2386 1135 2542 1184 diver·

1333 1268 1384 1320 N
1391 1267 1551 1320 01⁸AE

339 1363 812 1432 nalem‚variasque
828 1373 1028 1418 natnrae
1048 1381 1245 1418 causas.
1261 1366 1403 1416 Hiuc

342 1440 480 1490 idem
530 1442 779 1493 Boethius
817 1459 955 1495 nunc
998 1445 1192 1495 dicitur
1233 1448 1249 1474 ‘
1270 1444 1405 1494 liber

339 1519 472 1568 coelo
482 1530 671 1585 aperto
682 1521 984 1587 {quatenns
998 1524 1109 1587 ejus
1128 1538 1290 1587 meus,
1302 1524 1403 1592 vel-

341 1594 419 1646 uti
457 1611 679 1648 excusso
716 1600 948 1664 corporis
973 1602 1124 1665 jugo,
1156 1599 1403 1666 factoque

341 1674 439 1722 sibi
462 1689 561 1738 per
583 1675 786 1726 abditas
810 1677 970 1741 ipsius
995 1677 1204 1728 aetheris
1229 1677 1404 1742 plagas

339 1750 549 1815 itinere,
583 1752 900 1817 cogitatione
929 1767 1028 1803 non
1065 1752 1217 1804 modo
1249 1754 1406 1803 attin·

343 1826 436 1890 git,
456 1827 548 1877 sed
571 1829 726 1878 etiam
752 1829 990 1894 pervadit
1009 1831 1224 1881 coelnm:
1247 1845 1406 1895 quare

340 1903 576 1968 additur,
597 1907 612 1933 ‘
628 1906 818 1955 Suetus
841 1906 894 1955 in
911 1906 1154 1956 aetherios
1177 1907 1254 1956 ire
1271 1921 1408 1955 mea-

344 1980 463 2030 tus!
505 1981 638 2033 Quae
653 1981 824 2032 omnia
841 1983 1068 2032 seorsum
1081 1982 1406 2047 exponenda.

407 2063 428 2088 ¹·
454 2057 691 2106 Cernebat
706 2059 828 2108 rosei
844 2058 1022 2108 lumivia
1039 2058 1189 2122 Solis]
1215 2074 1252 2109 1.
1271 2058 1407 2109 Boe·

342 2129 481 2182 thius
509 2132 756 2197 cognovit
789 2134 963 2184 Solem
982 2153 997 2196 ;
1031 2135 1179 2198 cujus
1213 2134 1408 2185 doctri-

343 2214 513 2271 nae‚nt
523 2214 581 2258 et
602 2211 948 2275 sequentinm,
962 2209 1146 2260 melior
1165 2211 1312 2261 'testis
1330 2225 1406 2260 es-

340 2296 395 2339 se
420 2298 524 2333 non
549 2291 740 2348 potest,
761 2301 911 2351 qnam
932 2285 1047 2349 ipse
1069 2286 1318 2337 Boethius
1342 2287 1408 2337 de

341 2373 398 2408 se
421 2361 518 2409 sub
545 2375 766 2424 persona
798 2362 1148 2427 Philosophiae
1187 2363 1409 2414 locutus.

338 2428 356 2460 '‘
370 2434 497 2498 Sol‚'
515 2443 712 2500 autem,
731 2436 900 2503 inquit
914 2437 1116 2488 Tullius
1141 2452 1181 2490 1.
1201 2438 1266 2488 de
1287 2439 1410 2492 Nat.

344 2514 510 2562 Deor.
547 2512 754 2562 ‘dictus
788 2518 888 2577 est,
923 2514 1006 2562 vel
1041 2514 1163 2579 qnia
1184 2516 1321 2565 solus
1342 2529 1409 2564 ex

342 2588 583 2643 omnibus
596 2589 852 2640 sideribus
869 2598 949 2641 est
963 2597 1136 2641 tantus
1152 2607 1166 2640 t
1191 2592 1272 2640 vel
1290 2592 1410 2656 quia

343 2666 459 2716 cnm
483 2674 701 2720 exortus
725 2674 823 2732 est,
836 2668 1122 2719 obscuratis
1139 2670 1327 2719 ceteris
1344 2670 1409 2719 si·

343 2739 557 2791 ‘deribns
592 2744 731 2793 solus
766 2744 1025 2809 apparet?
1073 2745 1290 2809 Quare,
1323 2749 1410 2812 qui

343 2813 494 2881 hujus
515 2819 706 2869 sideris
717 2827 955 2874 naturam
977 2830 1303 2887 perspectam
1320 2823 1410 2873 ha·

344 2891 540 2957 buerit,
569 2895 656 2944 hic
690 2896 744 2946 in
773 2897 1089 2961 cogitatione
1112 2913 1285 2949 rerum
1309 2914 1411 2950 coe·

344 2967 552 3018 iestium
578 2973 956 3022 versatissimus
976 2973 1150 3024 haberi
1182 2981 1374 3039 potest.

348 3053 353 3058 “
426 3052 446 3077 ⁸
486 3045 682 3097 Visebat
710 3048 888 3110 gelida·
920 3051 1081 3099 sideru
1118 3051 1292 3115 Lunoe]
1345 3066 1407 3104 ιι.

345 3120 597 3172 Boethius
622 3124 867 3188 cognovit
890 3126 1113 3177 Lunam:
1137 3128 1275 3177 sicut
1295 3128 1406 3191 ipse

345 3198 503 3248 etiam
542 3206 784 3251 testatur.
849 3203 867 3231 ‘
887 3203 1073 3265 Luna,’
1102 3210 1297 3262 autem,
1334 3205 1408 3253 in·

345 3276 456 3340 quit
476 3276 678 3326 Tullius
701 3291 763 3329 n.
781 3277 848 3327 de
876 3278 1002 3329 Nat.
1043 3281 1201 3331 Deor.
1244 3283 1260 3310 ⁸
1282 3296 1314 3330 a
1330 3282 1408 3330 ln·

346 3351 513 3403 cendo
536 3353 828 3403 nominata:
853 3368 914 3403 ea
929 3361 1009 3405 est
1031 3355 1167 3405 enim
1187 3357 1405 3407 Lucina:

345 3427 521 3493 itaque
545 3434 605 3477 ut
624 3428 762 3493 apud
785 3429 1004 3480 Graecos
1028 3432 1252 3481 Dianam
1272 3447 1409 3482 eam·

345 3518 445 3567 qne
465 3503 869 3567 Luciferam,sic
885 3507 1024 3571 apud
1037 3515 1240 3559 nostros
1257 3511 1409 3560 Luci·

346 3589 461 3629 nam
477 3581 530 3629 in
548 3581 798 3644 pariendo
812 3581 1080 3648 in‘vocant,
1094 3601 1206 3649 qum
1226 3586 1408 3637 eadem

345 3658 519 3707 Diana
528 3657 559 3719 ,'
574 3662 676 3708 διο.
700 3672 709 3676 ·
739 3660 954 3711 Scilicet
973 3669 1031 3712 ut
1046 3662 1135 3712 Sol
1160 3677 1255 3727 per
1272 3663 1409 3712 diem

344 3736 502 3795 solus,
518 3734 593 3783 sic
610 3735 755 3800 Luna
773 3750 866 3800 per
880 3744 1089 3789 noctem
1107 3740 1217 3788 sola
1234 3741 1412 3790 lucere

349 3810 578 3871 videtur,
602 3811 739 3861 unde
762 3819 977 3861 vocatur
999 3814 1286 3864 noctilucaz
1322 3830 1413 3864 un·

347 3885 411 3933 de
435 3886 596 3935 etiam
617 3886 732 3949 ejus
763 3888 950 3937 notitia
980 3903 1217 3954 magnam
1250 3896 1413 3948 astro-,

346 3962 499 4026 logiae
515 3963 724 4012 Boethii
740 3962 894 4014 affert
909 3967 1269 4017 accessionem.
1304 3967 1411 4018 Sed

350 4052 443 4087 cur
489 4038 826 4101 Philosophia
866 4039 950 4089 hic
992 4049 1146 4092 vocat
1196 4044 1212 4072 ‘
1238 4044 1410 4093 sidera

352 4111 551 4162 Lnnae?
574 4128 692 4162 eum
711 4115 857 4163 Luna
880 4114 1033 4165 unica
1054 4117 1140 4180 sit,
1155 4117 1297 4167 sidus
1321 4133 1408 4167 au-

355 4195 459 4239 tem
505 4189 750 4240 videatur
797 4191 1018 4253 signum*
1047 4206 1112 4241 ex
1173 4194 1409 4272 pluribus

356 4265 515 4315 stellis
535 4260 902 4330 compositum,
933 4274 993 4318 ut
1016 4267 1188 4332 Aries,
1202 4262 1408 4320 Andro·

1483 1364 1656 1427 meda,
1669 1367 1769 1415 διο.
1784 1363 1939 1428 Quia,
1954 1363 2179 1428 inquam,
2192 1361 2332 1411 sidus
2346 1361 2540 1411 dicitnr

1483 1456 1670 1506 corpus
1693 1456 1864 1504 omne,
1878 1440 2016 1505 quod
2037 1439 2312 1504 splendida
2330 1452 2421 1487 sua
2437 1436 2542 1487 for-

1483 1533 1568 1569 ma
1594 1535 1624 1568 a
1646 1519 1904 1570 communi
1926 1524 2216 1570 ceterorum
2256 1514 2409 1565 turba
2440 1514 2542 1565 dis·

1486 1586 1773 1661 tinguitur:
1796 1596 1870 1647 sic
1893 1595 2027 1644 enim
2052 1596 2315 1658 eleganter
2331 1592 2546 1641 dicitnr:

1487 1673 1577 1722 ‘et
1620 1673 1780 1724 habet
1825 1688 1919 1722 sua
1948 1672 2119 1722 sidera
2150 1668 2357 1720 tellusz’
2401 1667 2546 1720 sidus

1485 1751 1678 1818 quippe
1723 1749 1915 1801 dicitnr
1953 1750 2017 1798 ab
2064 1745 2183 1798 εἶδος
2223 1745 2393 1796 forma
2437 1746 2546 1821 siv-e

1485 1828 1711 1893 species,
1732 1827 1968 1893 Spiritu'
2005 1828 2055 1876 in
2096 1844 2121 1876 s
2157 1830 2373 1886 mutato,
2406 1821 2546 1889 quod

1488 1918 1661 1954 rarum
1717 1920 1822 1955 non
1872 1911 1971 1954 est.
2036 1903 2141 1953 Cur
2176 1914 2301 1952 vero
2346 1900 2362 1929 ‘
2380 1896 2547 1950 Luna’

1488 1988 1707 2032 vocatur
1752 1980 2039 2046 ‘gelidae’
2091 1979 2192 2029 nisi
2229 1976 2366 2043 qnod
2402 1962 2549 2025 Luna

1488 2066 1680 2122 praeest
1712 2059 1875 2120 nocti,
1898 2073 2033 2123 qnae,
2070 2055 2289 2107 absente
2311 2053 2452 2116 Sole,
2474 2052 2548 2117 vig·

1487 2135 1609 2183 cino
1632 2134 1717 2184 die
1740 2142 1820 2183 est
1842 2131 2095 2197 frigidior.

1580 2211 1671 2260 ‘Et
1685 2224 1977 2275 quencumque
1990 2222 2137 2271 vagos
2156 2206 2295 2255 stella
2311 2201 2555 2269 recursus]

1488 2306 1580 2342 ιιι.
1591 2291 1861 2353 Boethius,
1875 2304 1930 2339 se
1955 2288 2113 2338 etiam
2134 2279 2552 2346 teste,cognovit

1491 2359 1691 2434 pariter
1703 2368 1910 2418 stellaS.
1934 2379 2035 2414 non
2060 2364 2221 2412 solum
2246 2359 2383 2425 quod
2403 2372 2551 2423 spec

1492 2450 1574 2495 tat
1595 2459 1772 2495 earnm
1798 2443 2124 2509 qualitatem,
2146 2437 2282 2505 quod
2308 2442 2551 2501 magnum

1491 2530 1661 2583 esset;
1695 2536 1874 2571 verum
1898 2519 2077 2578 etiam,
2100 2514 2238 2582 quod
2262 2511 2426 2577 majus
2446 2520 2550 2588 «ιιιη

1491 2599 1627 2663 quod
1652 2598 1845 2647 attinet
1869 2596 1935 2646 ad
1969 2594 2249 2644 earundem
2287 2589 2550 2656 quantita·

1491 2679 1616 2724 tem.
1680 2674 1855 2723 Stellae
1880 2679 2051 2721 antem
2072 2667 2296 2733 duplicis
2318 2673 2439 2716 sunt
2462 2680 2554 2733 ge-⁴

1492 2748 1649 2810 neris,
1686 2761 1876 2809 nempe
1911 2747 2223 2805 inerrantes,
2278 2747 2332 2790 et
2388 2753 2551 2806 vagae.

1489 2825 1669 2874 Steuae
1704 2823 2019 2880 inerrantes,
2040 2834 2157 2884 quae
2184 2817 2334 2881 vulgo
2368 2815 2552 2886 dicun-¹

1493 2906 1581 2949 tnr
1595 2899 1732 2959 flxae,
1752 2904 1873 2947 sunt
1891 2895 2063 2946 sidera
2085 2895 2278 2958 lucida,
2297 2888 2412 2958 q'uae
2434 2907 2553 2941 ean-

1489 2975 1607 3026 dem
1631 2977 1769 3025 inter
1808 2989 1863 3024 se
1900 2971 2220 3027 distantiam,
2242 2983 2393 3018 sensu
2417 2967 2551 3040 arhi-¹

1489 3059 1592 3115 tro,
1634 3065 1844 3116 semper
1883 3062 2093 3099 servare
2129 3045 2409 3095 videntur-x
2466 3041 2551 3092 has

1488 3136 1662 3180 autem
1678 3129 1843 3177 stellae
1862 3122 2261 3175 innumerabiles
2279 3126 2397 3169 sunt
2420 3136 2434 3169 ε
2459 3133 2553 3188 un7

1488 3205 1556 3254 de
1587 3205 1782 3255 Genea.
1820 3217 1918 3253 xv.
1984 3202 1999 3228 ‘
2021 3201 2257 3249 Numera
2277 3197 2471 3259 stellas,
2505 3196 2551 3247 si

1492 3280 1692 3346 potesz'
1716 3288 1771 3330 et
1804 3281 1858 3330 S.
1883 3278 2015 3342 Aug.
2038 3290 2155 3326 xv1.
2151 3275 2241 3325 de
2263 3275 2377 3325 civ.
2410 3274 2479 3325 D.
2504 3290 2551 3327 c.

1489 3362 1573 3409 23.
1593 3359 1609 3387 ‘
1649 3356 1782 3420 nec,’
1819 3356 2045 3422 inquit,‘
2068 3369 2247 3405 omnes
2271 3368 2359 3403 eas
2384 3353 2552 3426 videri

1492 3449 1645 3499 posse
1684 3433 2001 3485 credendum
2044 3438 2158 3482 est.
2204 3445 2322 3480 nam
2357 3436 2551 3495 quanto

1490 3513 1710 3577 quisque
1747 3510 1950 3559 acutius
1986 3508 2238 3573 intuetur,
2261 3514 2408 3558 tanto
2442 3509 2553 3573 plu-

1489 3602 1573 3637 res
1604 3585 1800 3636 videt·’
1769 3622 1782 3636 .
1845 3586 2014 3652 qnin‘
2035 3598 2214 3634 omnes
2248 3583 2551 3648 Philosophi

1491 3663 1728 3714 fatentur
1777 3663 1831 3711 in
1874 3663 2048 3712 lactea
2075 3663 2179 3723 'via
2231 3661 2550 3711 innumeram

1492 3754 1608 3789 esse
1655 3738 1907 3802 ejusmodi
1958 3737 2226 3786 stellarum
2264 3735 2554 3785 multitudi-

1493 3830 1646 3865 nemz
1680 3828 1839 3879 quare
1872 3814 2004 3862 hanc
2028 3812 2410 3862 multitudinem
2433 3826 2550 3876 per-

1494 3897 1724 3954 spectam
1745 3888 1939 3937 habere
1958 3902 2059 3937 non
2086 3888 2258 3951 potuit
2280 3885 2550 3939 Boethius.

1489 3965 1669 4014 Stellae
1694 3970 1868 4014 antem
1889 3978 2053 4027 vagae,
2068 3978 2183 4027 quae
2203 3963 2355 4026 vulgo
2371 3963 2550 4013 dicun·-

1489 4047 1577 4091 tur
1602 4041 1848 4105 planetae‚
1870 4046 1990 4090 sunt
2012 4040 2186 4088 sidera
2215 4053 2401 4103 opaca,
2433 4053 2549 4104 quoe

1488 4116 1712 4167 invicem
1736 4115 1893 4166 modo
1928 4114 2211 4177 accedunt,
2232 4114 2385 4163 modo
2405 4127 2551 4165 rece·

1487 4191 1651 4245 dunt.
1688 4206 1846 4257 quare
1867 4191 2003 4240 inter
2023 4191 2114 4240 illa
2146 4192 2255 4253 Sol,
2264 4196 2460 4255 utpote
2482 4191 2551 4241 si·

1490 4270 1585 4320 dus
1591 4263 1849 4333 lucidum,
1868 4257 2296 4320 areceutioribus
2313 4261 2559 4318 Philoso-
