3049 4928
552 458 681 523 422

551 615 784 676 milium,’
805 616 970 680 inquit
995 616 1149 678 paulo
1174 621 1294 679 post
1316 616 1513 681 [Epist.
1538 631 1619 667 se·
1649 637 1654 644 .

554 693 761 757 quenti]
793 693 809 720 ‘
830 699 943 742 toto
963 692 1085 742 orbe
1110 692 1479 756 praedicatam?
1507 693 1619 744 Vaz-

552 770 694 819 linus.

617 846 785 896 Anicii
842 844 1024 896 Manlii
1080 846 1330 910 Torquati]
1385 846 1617 897 Phoebus

553 923 942 973 Ecclesiasticus
965 923 1196 973 historioe
1230 923 1616 973 Illustrissimus

555 1000 808 1049 Baronius
847 1001 1012 1051 lucem
1058 999 1221 1049 dabit.
1264 999 1400 1050 Ann.
1440 1015 1517 1051 vr.
1551 1001 1618 1051 de

552 1076 743 1126 Boe'tio
764 1077 1029 1126 scribenst
1066 1079 1081 1104 ⁸
1104 1077 1393 1127 Nobilitate
1411 1079 1616 1143 generis

551 1155 681 1202 nulli
733 1154 1007 1217 sccundus,
1054 1160 1337 1219 prognatus
1375 1155 1614 1204 nimirum

554 1246 620 1281 ex
646 1232 856 1297 antiqua
894 1231 1078 1282 Manlii
1111 1232 1365 1296 Torquati
1402 1232 1619 1296 familia,

553 1315 610 1359 et
645 1323 710 1359 eo
743 1310 828 1374 qui
868 1310 1268 1360 Christianitate
1293 1310 1617 1373 resplenduit

553 1383 738 1435 Anicio
793 1385 1025 1450 gaudens
1080 1393 1267 1448 atavo;
1310 1386 1616 1436 adolescens

552 1460 811 1524 Athenas,
848 1461 901 1511 in
946 1462 1129 1527 quibus
1171 1462 1384 1512 fuerant
1422 1462 1615 1512 litteras

553 1538 935 1603 Philosophicae
981 1540 1257 1603 restitutae,
1305 1539 1478 1603 petiit,
1526 1540 1615 1590 ubi

552 1615 695 1663 varia
718 1615 1064 1679 Philosophiae
1102 1618 1461 1681 pervestigans
1495 1618 1619 1683 dog-

550 1698 714 1753 mata,
759 1691 1113 1743 Aristotelicis
1143 1692 1352 1744 tandem
1392 1709 1506 1745 sese
1541 1700 1620 1744 to-

553 1776 662 1818 tum
687 1769 908 1831 addixit,
930 1777 1044 1820 toto
1080 1771 1169 1820 illo
1203 1772 1381 1821 decem
1420 1779 1477 1822 et
1498 1780 1621 1823 octo

557 1860 809 1895 annorum
830 1847 1111 1909 curriculo,
1134 1848 1321 1913 quibus
1348 1856 1429 1899 cst
1451 1865 1620 1900 mora-

554 1930 639 1973 tus
658 1923 915 1975 Athenis:
950 1930 1171 1974 testatur
1205 1925 1256 1973 id
1297 1925 1506 1990 quidem
1543 1928 1620 1993 ip-

555 2015 611 2050 se
656 2002 709 2050 in
753 2000 887 2051 libro
942 2015 1094 2066 quem
1150 2001 1318 2052 edidit
1358 2003 1425 2054 de
1464 2003 1621 2055 disci-

554 2079 698 2141 plina
720 2079 1025 2141 scholarum,
1061 2093 1221 2144 prope
1255 2078 1409 2130 finem
1449 2096 1496 2131 c.
1526 2081 1621 2131 rv.’

556 2154 788 2204 Ber-nort.

620 2230 798 2280 Manlii
841 2231 1084 2295 Severini]
1136 2235 1425 2299 Utramque
1469 2234 1622 2286 fami-

554 2307 674 2356 liam
714 2305 921 2356 videtur
954 2308 1203 2373 sanguine
1242 2317 1334 2360 aut
1366 2310 1621 2362 affinitate

557 2384 812 2449 attigisse.
879 2385 998 2449 Illa,
1020 2400 1051 2435 a
1075 2387 1255 2450 primis
1274 2389 1452 2438 etiarn.
1471 2391 1621 2454 Reip.

557 2460 879 2526 temporibus
902 2463 1042 2513 clara
1071 2472 1127 2515 et
1163 2467 1405 2529 patricia,
1429 2467 1623 2517 Consu·

554 2540 633 2588 les
670 2545 724 2588 et
746 2539 1056 2590 Dictatores
1091 2542 1228 2592 tulit.
1298 2543 1448 2604 Haec,
1486 2545 1622 2596 Βοέ·

555 2617 616 2668 tii
642 2618 932 2682 praesertim
974 2625 1156 2683 aetate,
1187 2619 1316 2670 duos
1351 2622 1623 2685 Consules,

555 2700 758 2759 patrem
809 2708 944 2743 anno
998 2695 1190 2745 Christi
1233 2711 1424 2750 cnnxr.
1457 2698 1622 2751 filium

556 2787 690 2822 anno
714 2785 1009 2822 cnnxxxn.
1050 2775 1293 2825 Romanis
1315 2776 1481 2829 dedit.
1509 2778 1622 2828 Val-

555 2848 644 2897 lin.

622 2923 815 2987 Boiitii]
856 2923 1036 2974 Serius
1080 2940 1268 2977 nomen
1307 2928 1447 2978 istud
1481 2930 1620 2994 apud

561 3001 816 3051 Romanos
841 3007 1040 3063 notum,
1074 3011 1232 3067 atque
1267 3004 1366 3054 nisi
1389 3021 1471 3054 me
1496 3021 1620 3056 con·

549 3078 764 3141 jectura
801 3077 960 3141 fallit,
998 3094 1063 3129 ex
1100 3079 1323 3131 Oriente
1348 3085 1509 3133 Latio
1533 3083 1622 3133 do-

555 3162 736 3204 natum
782 3162 882 3206 est.
947 3155 1234 3222 Postquam
1291 3158 1426 3208 enim
1484 3160 1623 3224 apud

558 3230 851 3282 Bizantium
871 3234 1078 3298 imperii
1103 3236 1278 3285 sedem
1302 3237 1624 3288 constituere

556 3307 920 3375 imperatores,
955 3311 1163 3362 Graecae
1203 3313 1414 3363 familiae
1439 3316 1624 3365 miscu-

557 3399 647 3434 ere
672 3401 730 3435 se
757 3387 1040 3449 Romanis3
1064 3389 1201 3439 unde
1225 3399 1381 3453 prout
1404 3406 1626 3457 quaeque

556 3462 785 3513 illustres
806 3461 948 3513 fama
971 3465 1106 3514 viros
1140 3468 1279 3530 tulit,
1320 3470 1396 3517 ita
1423 3470 1624 3534 nepoti·

557 3539 656 3589 bus
679 3539 845 3589 autin
879 3555 994 3590 eam
1026 3543 1201 3591 ascitis
1239 3558 1425 3594 nomen
1458 3545 1625 3597 dedit.

555 3615 727 3666 Porro
753 3632 869 3666 cum
899 3616 1074 3666 Boetii
1098 3619 1234 3683 (haec
1258 3621 1392 3669 enim
1416 3619 1515 3671 fuit
1542 3638 1624 3673 ve-

559 3699 728 3743 terum
753 3694 876 3743 olim
916 3693 1143 3757 lapidum
1184 3696 1627 3764 vetustiorumque

557 3772 751 3822 dehinc
793 3773 1022 3821 omnium
1068 3772 1306 3822 codicum
1350 3776 1631 3842 scriptura)

560 3863 651 3898 seu
674 3847 882 3899 Boethii
926 3849 1102 3913 plures
1140 3848 1369 3914 fuerint3
1411 3862 1469 3902 ut
1507 3855 1629 3905 alio·

560 3938 692 3981 rum,
717 3924 807 3989 qui
831 3939 966 3988 pene
991 3939 1169 3974 ornnes
1200 3925 1376 3976 Graeci
1395 3927 1627 3994 fuerunt,

559 4001 860 4049 memoriam
908 4001 1226 4064 omittamus,
1269 4011 1475 4053 nostros
1515 4012 1629 4055 tan·

561 4081 692 4137 tum,
731 4076 830 4125 hoc
870 4085 970 4139 est,
1014 4078 1295 4140 Romanos,
1332 4079 1431 4131 hoc
1467 4083 1629 4133 veluti

560 4158 837 4202 stemmate
863 4153 1266 4218 recensebimus,
1289 4164 1347 4206 ut
1370 4157 1631 4209 referatur

567 4226 745 4278 fuisse.

625 4303 673 4354 1.
711 4305 917 4355 Boiitius
953 4320 1003 4354 v.
1045 4320 1093 4354 c.
1131 4306 1228 4354 sub
1263 4308 1630 4361 Valentiniano

562 4378 859 4432 Praefectus
876 4383 1155 4444 Praetorio,
1189 4382 1254 4430 in'
1283 4386 1513 4448 ejusdem
1541 4405 1631 4452 pa·

1259 473 1476 523 No'rAE
1527 473 1931 523 vAluoRUM
1985 475 2058 522 ΙΝ

1693 616 1822 666 latio
1868 631 1971 666 una
2026 630 2141 667 cum
2177 614 2336 666 Aetio
2386 615 2574 678 amico,
2622 628 2744 665 anno

1695 693 1891 744 Christi
1928 707 2117 744 cnuv.
2151 694 2460 755 trucidatus,
2497 701 2556 743 nt
2586 693 2748 742 memi-

1691 784 1817 820 nere
1842 771 2030 821 Victor
2046 771 2255 832 Tuneti‚
2285 770 2623 819 Marcellinus
2657 770 2745 818 Co-

1691 861 1822 909 mes,
1866 855 1919 897 et
1967 847 2305 897 Cassiodorus
2362 848 2417 897 in
2470 846 2745 896 Chronicis.

1693 924 1864 973 Panll.
1898 924 2169 975 Diaconus
2204 925 2295 975 lib.
2319 938 2413 974 κν.
2453 926 2544 988 qni
2580 929 2594 952 ‘
2615 937 2750 972 seua·

1691 1006 1857 1050 torem
1878 999 2253 1050 nobilissimum
2271 997 2287 1024 ⁹
2312 1006 2481 1050 vocat.

1756 1076 1834 1127 11.
1869 1077 2014 1127 Anic.
2041 1079 2197 1127 Moal.
2227 1080 2361 1128 Flao.
2393 1079 2612 1139 Bo'e‘tius,
2645 1092 2748 1127 nos-

1692 1153 1757 1202 tri
1784 1161 1956 1217 pater,
1989 1169 2125 1204 anuo
2160 1168 2502 1204 cnnxxxvu.
2553 1155 2750 1204 Consul.

1690 1228 1849 1292 Cujus
1874 1230 2110 1293 Synodus
2135 1232 2312 1280 Romae
2334 1231 2451 1279 eod.
2478 1246 2561 1280 an.
2579 1238 2750 1281 coacta

1687 1307 2005 1357 mentionem
2042 1307 2186 1357 facit.
2256 1309 2491 1373 Eumque
2519 1309 2751 1373 Onuphr.

1688 1383 1976 1434 Panvinius
2021 1385 2073 1435 in
2117 1386 2307 1448 Fastis,
2350 1386 2514 1436 nostri
2553 1395 2749 1450 patrem

1689 1456 1853 1508 fuisse
1875 1460 2161 1524 existimat,
2191 1461 2317 1512 licet
2348 1462 2422 1512 illi
2448 1477 2551 1511 non
2575 1463 2753 1526 Flavii,

1690 1535 1785 1584 sed
1827 1536 2084 1600 Severini,
2128 1552 2426 1601 praenomen
2481 1538 2754 1588 adscribat.

1690 1612 1805 1662 Nos
1829 1627 2033 1678 quoque
2060 1614 2109 1662 in
2135 1614 2235 1664 hoc
2260 1615 2590 1678 inclinamus,
2622 1614 2754 1680 quod

1690 1690 1930 1739 nimirum
1976 1690 2042 1740 ab
2086 1691 2323 1740 Ennodio
2370 1693 2540 1754 Epist.
2586 1706 2626 1742 1.
2667 1691 2753 1741 lib.

1695 1780 1823 1817 vm.
1876 1766 2065 1818 Boetio
2110 1775 2287 1817 nostro
2332 1766 2489 1817 fuisse
2553 1767 2754 1817 dicatur

1693 1845 1707 1869 ‘
1728 1857 1860 1891 vena
1905 1842 2283 1906 purpurarum!
2314 1844 2330 1870 ‘
2352 1844 2529 1907 Prope
2576 1842 2759 1907 inops,'

1692 1918 1882 1983 inquit,
1903 1921 1918 1946 ⁸
1936 1918 1999 1967 ad
2036 1919 2319 1983 scipionem
2353 1920 2629 1969 adducitur
2652 1919 2753 1968 suf-

1692 1993 1846 2060 fragii
1871 1995 2188 2054 Consularis,
2223 1996 2311 2060 qui
2348 2002 2551 2045 tantum
2575 1995 2642 2044 de
2668 2012 2754 2060 pa·

1693 2072 1930 2122 rentibus
1952 2073 2217 2136 gloriatur..
2279 2072 2396 2121 Tibi
2412 2081 2688 2136 utrumque
2706 2074 2757 2121 in

1694 2150 1902 2213 peculio
1924 2156 2029 2212 est,
2051 2149 2275 2199 Latiaris
2296 2150 2533 2210 scientia,
2548 2157 2602 2199 et
2629 2162 2758 2197 vena

1695 2226 2081 2289 purpurarum.'
2179 2227 2327 2276 Vena
2398 2240 2759 2290 purpurarum,

1697 2305 1814 2367 quia
1858 2318 2046 2367 nempe
2084 2309 2255 2367 pater,
2296 2311 2356 2352 ut
2397 2309 2454 2352 et
2488 2303 2639 2352 multi
2674 2303 2759 2351 alii

1694 2381 1932 2444 majores,
1955 2381 2148 2430 Consul
2173 2379 2378 2431 funerat:
2415 2381 2534 2445 quia
2569 2389 2626 2431 et
2661 2395 2756 2429 ma-

1696 2466 1779 2509 ter
1824 2457 2050 2509 fortasse
2095 2458 2168 2508 illi
2211 2474 2276 2508 ex
2321 2458 2588 2509 Severinis
2631 2458 2758 2508 Con·

1697 2535 1957 2585 sularibus
2000 2534 2121 2585 fuit.
2185 2536 2339 2599 Saepe
2382 2537 2519 2585 enim
2564 2551 2633 2585 ex
2666 2550 2760 2584 avo

1697 2621 1927 2660 materno
1952 2613 2048 2662 sibi
2087 2627 2385 2676 praenomen
2415 2613 2757 2662 asciscebant.

1699 2690 1866 2738 Porro
1909 2689 2126 2737 ‘venam
2147 2688 2162 2710 '
2198 2689 2331 2738 dixit
2355 2689 2647 2752 Ennodius,
2668 2690 2758 2738 hoc

1698 2773 1799 2829 est,
1839 2774 2109 2828 parentum
2150 2766 2470 2828 sanguinem,
2514 2781 2580 2816 eo
2616 2780 2760 2815 sensu

1698 2857 1803 2907 quo
1830 2842 1994 2891 Focas
2028 2842 2429 2904 Grammaticus,
2450 2838 2662 2906 Virgilii
2684 2855 2762 2907 pa-

1700 2924 1834 2966 trem
1862 2914 2158 2981 designavit
2172 2917 2248 2965 his
2273 2917 2461 2980 verbis,
2481 2919 2496 2945 ‘
2518 2918 2651 2969 Quis
2669 2931 2763 2966 non

1697 2995 1952 3044 miracula
1976 3009 2143 3043 rerum
2165 2992 2297 3043 Haec
2322 2994 2573 3056 stupeat?
2607 2994 2763 3051 Dives

1700 3078 1881 3133 partus
1905 3071 1969 3119 de
1998 3083 2226 3134 paupere
2252 3085 2383 3119 vena
2405 3070 2676 3120 Emicuit?

1768 3150 1879 3200 111.
1925 3151 2068 3201 Anio.
2115 3151 2273 3200 Mani.
2314 3148 2526 3201 Sea-erin.
2572 3150 2767 3200 Bo'e'tias

1700 3226 1966 3278 Patricius
2027 3228 2266 3292 primum,
2331 3226 2521 3276 deinde
2579 3228 2767 3278 Consul

1701 3319 1833 3354 anno
1861 3318 1959 3353 nx.
1984 3310 2247 3367 postremo
2275 3303 2532 3368 Magister
2558 3302 2768 3353 Officio-

1700 3395 1845 3430 rum:
1868 3395 2093 3429 summus
2112 3381 2375 3447 utriusque
2400 3380 2768 3445 Philosophia»,

1701 3473 1762 3508 ac
1810 3457 2130 3520 Theologiae,
2178 3457 2766 3522 Mathematicarumque

1701 3536 2093 3600 disciplinarum
2132 3534 2380 3590 antistes.
2435 3535 2608 3586 Quem
2648 3537 2768 3584 mul-

1704 3616 1772 3666 tis
1814 3614 2015 3678 elogiis,
2058 3614 2222 3678 iisque
2266 3613 2590 3675 clarissimis,
2636 3614 2767 3664 idem

1701 3691 1814 3755 ipse
1866 3690 1982 3739 Rex
2024 3690 2374 3739 Theudoricus
2414 3692 2645 3753 ornavit,
2687 3691 2766 3756 qni

1703 3765 1934 3816 occidit:
1973 3766 2121 3829 cujus
2160 3772 2379 3814 mortem
2413 3765 2683 3816 miraculis
2715 3768 2768 3816 il·

1702 3845 1938 3905 lustrem,
1962 3844 2001 3891 is
2027 3843 2157 3905 ipse,
2177 3842 2266 3906 qui
2290 3842 2588 3906 imperavit,
2612 3842 2772 3908 flevit,

1700 3924 1762 3968 ut
1786 3918 2121 3968 Cassiodorus
2142 3918 2230 3968 lib.
2257 3933 2298 3967 1.
2335 3919 2537 3970 Variar.
2562 3929 2618 3971 et
2649 3922 2766 3970 Pro-

1704 3996 1885 4060 copius
1926 3995 2014 4045 lib.
2051 4010 2088 4045 r.
2131 3996 2273 4045 Hist.
2312 3996 2555 4047 Gothicas
2602 4007 2766 4048 aucto-

1703 4089 1788 4124 res
1830 4074 2108 4123 certissimi
2147 4079 2421 4123 testantur.
2491 4077 2661 4127 Quem
2689 4092 2764 4125 ce·

1705 4151 1877 4200 lebrat
1922 4149 2185 4199 Eunodius
2233 4151 2557 4216 propinquus
2603 4154 2764 4202 multis

1708 4227 1980 4290 Epistolis.
2051 4225 2216 4288 Cujus
2252 4233 2309 4275 et
2350 4227 2633 4279 meminere
2655 4246 2763 4278 auc-

1705 4313 1788 4354 tor
1834 4303 1977 4353 Hist.
2027 4303 2280 4352 Miscellae
2324 4301 2413 4351 lib.
2460 4317 2553 4353 xv.
2606 4304 2762 4353 Pauli.

1705 4381 1978 4430 Diaconus
2003 4379 2092 4428 lib.
2119 4392 2261 4429 xvn.
2329 4379 2637 4431 Anastasius
2664 4381 2764 4430 bib·
