3049 4928
446 358 454 365 ’
548 406 680 472 466

544 568 704 628 libro,
737 566 899 615 Prosa
919 578 998 615 nr.
1032 564 1048 594 ‘
1071 564 1126 615 Si
1152 565 1264 630 quis
1287 577 1458 615 rerum
1480 578 1612 615 mor·

1253 422 1469 470 No'rAE
1517 420 1921 471 vARloluJM
1975 422 2054 470 ΙΝ

1689 565 1958 631 temporis,
1990 570 2050 615 ut
2089 563 2255 615 nullus
2292 563 2551 614 habeatur
2585 565 2735 628 magis

552 645 733 694 talium
758 643 982 693 fructus'
1014 644 1201 708 iuquit,
1231 643 1247 672 ‘
1263 640 1423 693 ullum
1448 644 1610 693 beati·
1686 643 1890 704 nobilis,
1911 657 2060 707 quiam
2080 644 2165 708 qui
2183 650 2265 693 est
2278 644 2555 706 plurimum
2572 640 2739 692 dives!

551 721 745 770 tudinis
772 719 972 783 pondus
994 719 1171 782 habet,
1194 720 1452 782 poteritne
1474 720 1611 768 illius

551 798 801 846 memoria
820 797 946 846 lucis
970 796 1350 861 quantumlibet
1368 795 1614 859 ingruen-

553 873 684 922 tium
707 873 955 922 malorum
978 874 1111 920 mole
1134 871 1316 934 deleri,
1342 886 1459 921 cum
1474 865 1613 921 'duos

553 948 754 1011 pariter
795 949 1035 998 consules
1080 948 1275 997 liberos
1312 956 1427 997 tuos
1460 948 1615 997 domo

552 1025 769 1089 provehi
791 1025 886 1074 sub
925 1023 1219 1088 frequentia
1260 1033 1484 1087 patrum,
1517 1025 1615 1073 sub

551 1102 720 1164 plebis
743 1102 1011 1150 alacritate
1033 1100 1238 1150 vidisti?
1271 1116 1388 1151 cum
1419 1101 1616 1150 eisdem

550 1178 606 1225 in
626 1178 773 1226 curia
789 1178 995 1226 curules
1011 1176 1370 1238 insidentibus,
1389 1186 1442 1225 tu
1459 1177 1616 1238 regiae

552 1254 717 1302 laudis
742 1261 934 1314 orator,
965 1252 1156 1315 ingenii
1192 1253 1410 1313 gloriam
1432 1251 1615 1301 facun-

555 1328 757 1394 diaeque
779 1328 1010 1378 meruisti
1029 1328 1066 1376 ?’
1119 1328 1250 1376 Haec
1275 1336 1444 1388 certa,
1460 1329 1617 1391 clara,

555 1421 653 1457 nec
685 1406 894 1455 dubium
933 1407 1057 1470 quin
1083 1420 1205 1455 vere
1229 1406 1479 1455 Consules
1505 1404 1615 1455 fue·

553 1484 676 1531 rint.
744 1483 888 1540 Fasti
921 1483 1048 1531 nibil
1084 1493 1311 1543 movent,
1350 1497 1466 1532 cum
1499 1483 1615 1532 fieri

550 1561 716 1624 possit
738 1566 796 1609 ut
819 1558 1025 1609 suffecti
1049 1558 1251 1609 fuerint
1272 1573 1373 1608 non
1408 1558 1615 1608 ordina-

551 1637 617 1685 rii
651 1636 918 1699 (hostiles,
951 1651 1050 1685 nec
1088 1635 1272 1685 mirum
1312 1636 1434 1685 ideo
1477 1637 1520 1684 si
1563 1637 1613 1685 iu

551 1710 708 1761 fastis
768 1727 955 1762 nomen
1013 1727 1116 1761 nou
1172 1713 1427 1761 relatum=
1486 1712 1616 1760 illud

551 1804 740 1839 nexum
764 1790 930 1852 injicit
953 1789 1090 1854 quod
1109 1790 1247 1839 inter
1272 1803 1477 1852 pueros.
1527 1790 1620 1839 Vi-

552 1865 721 1915 dimus
764 1866 972 1929 nodum,
1028 1873 1084 1915 et
1137 1868 1408 1915 solvemus.
1477 1867 1617 1915 Dum

551 1942 779 1993 moribus
817 1943 1044 2007 antiquis
1078 1944 1228 1993 stetit
1266 1956 1349 1991 res
1388 1944 1619 1994 Romana

551 2018 780 2083 virisque
804 2020 1032 2069 annariae
1072 2021 1216 2083 leges
1257 2020 1489 2085 viguere,
1521 2022 1618 2072 sub

554 2094 968 2158 Imperatoribus
1004 2096 1142 2158 quod
1187 2097 1339 2146 libuit
1379 2112 1518 2161 saepe
1558 2099 1618 2147 li-

554 2171 681 2220 cuit.
746 2172 962 2221 Tacitus
981 2170 1169 2222 Annal.
1210 2188 1248 2222 1.
1290 2175 1375 2223 De
1416 2175 1618 2239 Augus-

550 2259 624 2299 to.
661 2251 676 2278 ‘
703 2250 884 2299 Caium
921 2265 981 2300 ac
1025 2252 1241 2300 LucIum
1279 2254 1330 2299 in
1371 2251 1622 2301 familiam¹

553 2327 818 2375 Caesarum
854 2327 1147 2390 induxerat,
1182 2329 1403 2377 necdum
1448 2329 1619 2392 posita

552 2403 741 2468 puerili
788 2410 1044 2468 praetexta
1076 2404 1339 2469 principes
1367 2405 1617 2469 juventu·

550 2482 620 2529 tis
687 2483 958 2545 appellari,
1035 2482 1284 2531 destinari
1347 2483 1616 2547 Consules,

549 2559 724 2622 specie
748 2559 1035 2609 recusantis
1059 2557 1454 2623 flagrantissime
1473 2548 1617 2623 cupi-

548 2634 737 2683 verat!
802 2635 939 2686 Quid
967 2636 1273 2698 cupiverat?
1300 2635 1615 2698 perfecerat.

544 2711 734 2761 Romoe
759 2726 983 2761 marmor
1005 2714 1072 2762 de
1096 2713 1254 2762 Caio:
1293 2714 1482 2764 QUEM.
1508 2713 1617 2763 Po-

550 2800 737 2837 rums.
786 2801 905 2837 cos.
954 2802 1223 2839 cnnAvrr.
1266 2802 1467 2839 annos.
1516 2803 1616 2839 ΝΑ-

549 2876 688 2914 ¹rum·
724 2878 876 2914 xlm.
942 2866 1181 2930 Denique
1205 2875 1265 2916 ut
1286 2880 1436 2916 omne
1462 2866 1621 2930 posti·

550 2954 667 2989 cum
708 2941 992 3003 occludam,
1034 2943 1360 3003 Capitolinus
1395 2945 1445 2992 in
1486 2942 1618 2992 Gor·

548 3015 709 3065 diano
733 3017 946 3080 juniore
981 3025 1197 3067 exerte:
1236 3020 1341 3066 ‘Et
1379 3018 1463 3068 hic
1498 3017 1617 3068 finis

548 3091 672 3141 belli
697 3094 933 3142 intestini
966 3091 1101 3155 fuit:
1133 3094 1321 3158 inquit,
1355 3096 1371 3121 ‘
1396 3108 1511 3143 cum
1537 3108 1617 3143 es-

549 3176 635 3219 set
674 3170 878 3220 delatus
912 3170 1176 3220 Gordiano
1202 3184 1363 3233 puero
1385 3169 1619 3219 consula-

550 3245 676 3293 tus!
743 3247 879 3297 Quid
906 3247 1102 3295 hau-es?
1138 3247 1399 3310 principes
1434 3260 1491 3295 re
1526 3252 1620 3295 aut

550 3320 901 3371 destinatione
946 3323 1049 3382 isti,
1089 3324 1226 3372 scio:
1261 3324 1353 3371 sed
1402 3328 1457 3371 et
1495 3322 1618 3372 ideo

550 3398 737 3447 eadem
777 3399 876 3448 ista
912 3400 1079 3448 Prosa
1118 3414 1205 3450 ιιι.
1262 3399 1617 3463 Philosophia,

548 3474 797 3523 eximium
850 3475 985 3524 hunc
1028 3476 1276 3525 honorem
1318 3476 1619 3539 respiciens,

551 3551 567 3579 ‘
595 3551 825 3612 Munus‚'
844 3551 1028 3616 inquit,
1048 3554 1063 3580 ‘
1083 3554 1220 3616 quod
1246 3554 1370 3602 nulli
1390 3568 1616 3617 uuquam

554 3631 762 3694 privato
832 3630 1269 3693 commodaverat,
1314 3630 1617 3681 abstulisti.’

558 3709 793 3757 Bernart-

622 3787 669 3833 Ο
690 3791 738 3834 te
761 3784 807 3834 si
831 3789 914 3833 tuo
952 3783 1070 3832 bona
1099 3796 1366 3845 cognoscas,
1393 3783 1613 3848 felicem]

553 3859 702 3922 Virg.
727 3874 790 3910 11.
815 3860 1010 3923 Georg.
1031 3875 1104 3909 vs.
1126 3863 1210 3908 77.
1230 3864 1344 3909 458.
1401 3863 1416 3890 ‘
1444 3861 1493 3910 Ο
1513 3859 1617 3909 for-

553 3942 766 3986 tunatos
791 3936 1024 3999 nimium,
1058 3951 1151 3985 sua
1182 3936 1225 3986 si
1265 3937 1402 3986 bona
1425 3937 1615 4001 norint,

554 4011 824 4075 Agricolas
840 4013 870 4061 l'
905 4013 1076 4062 Sitzm.

620 4089 768 4138 Hunc
791 4090 1011 4139 nobilitas
1030 4096 1192 4141 uotum
1201 4091 1351 4153 fucit,
1370 4093 1456 4141 sed
1476 4105 1590 4153 ang
1594 4089 1617 4154 ]

553 4165 877 4216 Menander:
932 4168 1076 4218 Πενία
1113 4170 1152 4217 δ’
1198 4169 1362 4231 ἄτιμον
1404 4169 1485 4219 καὶ
1530 4169 1618 4219 τὸν

551 4242 721 4303 εὐγενῆ
772 4245 907 4293 ποιεῖ.
985 4245 1218 4295 Salvian.
1255 4246 1346 4296 lib.
1388 4259 1482 4296 ΙΙΙ.
1534 4246 1615 4295 De

555 4317 693 4369 ouh.
718 4318 849 4369 Dei:
887 4320 902 4346 ‘
925 4320 1094 4371 Tanta
1121 4325 1205 4370 est
1237 4320 1444 4371 miseria
1466 4321 1618 4386 hujus

1691 719 1789 768 His
1813 720 1935 768 addi
1961 729 2174 783 possunt
2197 727 2378 769 notata
2396 720 2461 769 ab
2490 719 2650 769 Andr.
2666 718 2743 767 'ri-

1689 797 1920 862 raquello
1943 799 1995 846 iu
2015 798 2130 846 Lib.
2147 797 2213 846 de
2235 797 2548 857 Nobilitate,
2572 810 2684 858 cap.
2701 799 2748 844 8.

1691 879 1747 921 et
1785 877 1865 922 25.
1899 873 1948 921 in
1989 874 2174 937 quibus
2211 879 2457 923 accurate
2502 870 2748 935 inquirit3

1692 948 1709 974 ‘
1736 948 1816 998 An
1861 950 2066 1011 generis
2104 948 2349 1013 splendor
2388 948 2647 1012 perdatur
2690 945 2752 995 ob

1692 1032 2053 1088 paupertatem
2068 1024 2107 1073 ?’
2142 1025 2291 1075 Idem.

1762 1101 1920 1152 Orbus
1940 1102 2125 1167 liberis]
2157 1102 2386 1150 Theseus
2410 1100 2477 1150 ad
2495 1100 2687 1149 Senec.
2705 1099 2753 1147 in

1692 1177 1854 1242 Hipp.
1894 1192 1969 1229 vs.
1990 1183 2136 1227 1248.
2170 1180 2186 1206 ‘
2213 1178 2262 1226 Ο
2289 1178 2440 1226 triste
2459 1175 2654 1225 fractis
2677 1188 2754 1223 or-

1691 1253 1827 1303 bitas
1860 1256 2004 1304 anuis
2026 1252 2250 1305 malum!
2317 1253 2636 1304 Quintilian.
2657 1252 2757 1300 De-

1692 1333 1898 1380 clamat.
1921 1337 1970 1382 6.
2004 1332 2020 1359 ‘
2044 1330 2182 1383 Quid
2205 1346 2303 1394 ego
2327 1335 2569 1392 putarem
2593 1329 2658 1376 in
2681 1341 2757 1376 re-

1690 1423 1803 1458 rum
1824 1416 2008 1458 natura
2029 1423 2178 1472 posse
2203 1406 2443 1471 reperiri,
2464 1405 2609 1470 quod
2629 1405 2758 1454 orbi·

1690 1490 1802 1533 tate
1825 1485 2061 1535 acerbius
2085 1484 2338 1535 videtur?
2384 1485 2557 1533 Vetus
2580 1496 2758 1545 super·

1690 1564 1837 1611 stitio
1861 1563 1912 1611 in
1938 1564 2102 1612 tutela
2126 1562 2356 1611 Orbouae
2381 1559 2598 1609 orbatos
2633 1558 2756 1607 libe-

1693 1639 1763 1687 ris
1787 1647 2028 1702 parentes
2048 1653 2162 1688 esse
2184 1637 2427 1697 credidit,
2451 1636 2520 1684 de
2542 1651 2644 1701 qua
2666 1635 2757 1684 Ar·

1694 1715 1879 1765 nobius
1928 1717 2016 1766 lib.
2055 1731 2131 1766 ιν.
2179 1715 2375 1765 Adver.
2409 1713 2634 1777 Gentes,
2665 1713 2757 1776 Cy-

1694 1794 1901 1857 prianus
1924 1794 1989 1841 de
2012 1791 2191 1841 Idolis.
2227 1792 2376 1840 Idem.

1760 1861 1932 1918 Alieno
1974 1882 2160 1917 censum
2199 1867 2358 1916 nutrit
2400 1866 2591 1930 heredi]
2642 1819 2753 1915 Hoc

1696 1960 1858 2009 genus
1881 1946 2089 1995 divitias
2113 1944 2394 2009 possessori
2428 1944 2623 1993 invisas
2644 1956 2755 1991 esse

1697 2023 1770 2072 ait
1797 2023 2051 2073 Pindarus
2076 2024 2289 2087 Olymp.
2311 2035 2368 2073 Χ.
2399 2020 2534 2070 Ἐπεὶ
2564 2022 2591 2069 ὁ
2610 2021 2753 2069 πλοῦ-

1692 2118 1776 2150 τος
1796 2103 1823 2149 ὁ
1841 2102 2005 2163 λαχὼν
2034 2098 2230 2162 ποιμένα
2250 2098 2455 2148 ἐπακτὸν
2485 2098 2754 2162 ἄλλόν-ρων,

1693 2176 1952 2228 evicerant
1987 2177 2354 2242 στυγερώτατος.
2433 2178 2506 2226 Et
2544 2178 2757 2225 Menan-

1694 2253 1789 2303 der
1824 2255 2026 2303 tristem
2058 2268 2172 2302 esse
2210 2267 2319 2301 rem
2357 2252 2684 2315 pronuntiat,
2715 2251 2755 2299 si

1693 2332 1805 2395 quis
1828 2331 1880 2380 in
1905 2345 1961 2379 re
1984 2332 2126 2380 lauta
2158 2331 2268 2379 sine
2299 2327 2498 2377 herede
2536 2342 2632 2375 suo
2653 2342 2754 2376 mo-

1695 2408 1873 2457 riatur.
1935 2407 2185 2473 Ὀδυνηρόν
2210 2407 2359 2470 ἐστιν,
2379 2405 2674 2468 εὐτυχοῦντα
2692 2404 2755 2466 τᾷ

1692 2486 1797 2547 βίῳ,
1818 2485 1985 2547 ''l-:xciv
2017 2484 2183 2550 ἔρημον
2218 2483 2437 2545 διαδόχου
2466 2483 2561 2542 τὴν
2596 2482 2756 2533 οἰκίαν.

1692 2562 1826 2611 Vide
1850 2562 2015 2611 Andr.
2040 2563 2178 2612 Gall.
2212 2561 2302 2610 lib.
2328 2574 2365 2609 1.
2406 2559 2754 2608 observation.

1697 2643 1806 2688 122.
1858 2638 2125 2702 Ejusmodi
2149 2650 2272 2686 vero
2293 2635 2555 2685 fortunam
2578 2647 2756 2696 exper-

1693 2720 1777 2765 tus
1817 2724 1900 2765 est
1932 2714 2304 2774 Quintilianus,
2337 2711 2426 2774 qui
2462 2712 2515 2758 in
2541 2707 2753 2758 Praefat.

1691 2791 1782 2840 lib.
1807 2805 1883 2841 vx.
1916 2791 1990 2839 ita
2013 2787 2272 2839 flebilibus
2294 2787 2460 2837 modis
2487 2784 2756 2850 conqueri·

1693 2875 1809 2917 tur:
1857 2868 1874 2895 ‘
1900 2867 2010 2915 Nos
2054 2865 2247 2926 miseri,
2301 2864 2437 2913 sicut
2473 2862 2752 2912 facultates

1694 2942 1990 3006 patrimonii
2019 2942 2203 3002 nostri,
2236 2941 2310 2991 ita
2346 2942 2443 2990 hoc
2484 2955 2619 3004 opus
2651 2938 2757 2989 aliis

1691 3034 1950 3083 paramus,
1985 3019 2096 3067 aliis
2120 3017 2508 3082 relinquemus!
2544 3019 2699 3066 Idem.

1757 3097 1899 3146 Alius
1934 3097 2065 3159 prole
2101 3097 2309 3157 tamtus,
2326 3094 2453 3159 filii,
2471 3094 2662 3158 filiaeve
2681 3095 2756 3142 de·

1691 3171 1821 3221 lictis
1841 3177 2030 3221 maestus
2049 3171 2329 3233 illam-imai]
2362 3171 2626 3234 Exempla
2659 3171 2756 3217 hue

1692 3251 2012 3313 pertinentia
2055 3249 2176 3298 vide
2221 3248 2361 3312 apud
2422 3248 2498 3296 Μ.
2563 3246 2754 3297 Anton-

1692 3326 1954 3376 Muretum
1990 3326 2045 3376 in
2074 3326 2262 3375 Ethica
2283 3323 2592 3374 Aristotelis
2621 3323 2756 3372 ‘libro

1691 3403 1857 3466 primo
1897 3410 1954 3452 et
1992 3417 2107 3467 quae
2141 3402 2335 3452 notabo
2355 3399 2491 3451 infra
2516 3400 2584 3451 ad
2609 3402 2756 3450 Pros-

1692 3493 1791 3530 vu.
1823 3480 1915 3529 lib.
1940 3494 2027 3529 ιη.
2064 3480 2214 3530 Idem.

1757 3557 1918 3605 Beata
1958 3571 2059 3604 sors
2105 3557 2257 3605 omnis
2288 3559 2358 3604 est
2404 3555 2755 3618 aquatus-itate

1690 3632 1959 3695 tolerantis]
1993 3631 2316 3682 Prudentius
2353 3630 2408 3679 in
2444 3630 2756 3695 Psychoma·

1690 3711 1807 3760 chia
1830 3711 1903 3762 ita
1923 3711 2224 3774 loquentem
2247 3707 2534 3758 introducit
2547 3708 2753 3763 Patien-

1692 3789 1847 3837 tiam:
1879 3788 1895 3816 ‘
1917 3788 2028 3836 Lex
2049 3786 2211 3835 habet
2231 3783 2370 3833 istud
2394 3784 2624 3833 Nostra:
2671 3798 2752 3846 ge·

1690 3879 1787 3913 nus
1807 3863 1951 3926 belli,
1969 3862 2172 3922 Furias,
2189 3873 2498 3923 omnemque
2513 3859 2751 3908 malornm

1692 3939 1959 4001 Militiam,
2000 3944 2057 3987 et
2102 3937 2313 3986 rabidas
2350 3935 2628 3985 tolerando
2667 3951 2749 3984 ex·

1693 4016 1933 4079 tinguere
1956 4013 2129 4064 vires
2165 4014 2316 4063 Idem.

1769 4089 2187 4142 Amaritudiuilms
2240 4091 2457 4139 humana
2500 4088 2748 4151 felicitatis

1690 4171 1880 4219 dulcedo
1924 4183 2138 4231 respersa
2176 4167 2269 4229 est]
2347 4167 2450 4216 Ms.
2499 4167 2744 4216 Rittersh.

1691 4242 2095 4295 amaritudinibus
2135 4242 2252 4291 vitoe
2290 4242 2509 4290 humano
2543 4255 2746 4304 respersa

1690 4330 1764 4373 est
1780 4323 1989 4372 dulcedo.
2040 4319 2314 4370 Lucretius
2339 4319 2640 4383 elegantias.
2659 4316 2740 4366 lib.
