3049 4928
539 392 687 458 462.

542 567 700 615 saque
720 554 963 606 voluntas
982 554 1193 615 divina,’
1231 561 1469 617 respectu
1495 555 1593 604 sci-

544 631 672 680 licet
700 632 827 692 Dei3
861 646 972 681 eam
1010 647 1130 681 vero
1163 641 1408 696 respectu
1440 633 1600 681 homi·

546 721 667 756 nuru
691 708 1072 758 consideratam
1096 709 1287 758 ibidem
1309 724 1424 758 esse
1446 709 1596 772 dicit,

547 785 767 836 ὡσαύτως
783 785 989 845 ἔχουσαν
1005 784 1239 849 ἐνέργειαν
1252 788 1338 834 τοῦ
1350 787 1486 847 Θεοῦ,
1508 786 1600 844 τὴν
1617 827 1620 828 ⁷

546 860 701 911 ἄϊδίως
712 861 790 910 καὶ
803 860 1039 925 ἀτρέπτως
1046 862 1110 910 τὰ
1124 859 1278 910 πάντα
1292 861 1404 925 πρὸς
1416 861 1473 910 τὸ
1488 860 1601 911 εἶναι

544 940 867 1004 παράγουσαν,
883 946 897 968 ⁴
910 942 1009 990 Dei
1026 942 1283 990 actionem
1300 942 1478 990 eodem
1497 956 1603 990 mo-

548 1017 619 1066 do
640 1032 696 1065 se
719 1017 1014 1078 habentem,
1052 1025 1403 1081 perpetuaque
1437 1026 1492 1065 et
1512 1018 1603 1066 im-

548 1092 784 1142 mutabili
803 1093 1002 1142 ratione
1023 1107 1104 1141 res
1121 1107 1294 1141 onmes
1312 1093 1604 1155 producen-

536 1167 691 1217 ·tem.'
747 1168 880 1217 Hinc
900 1170 1099 1218 Seneca
1122 1169 1212 1218 lib.
1237 1170 1300 1217 de
1319 1171 1603 1219 Providen-

551 1246 622 1295 tia
647 1247 830 1294 coelum
855 1244 1068 1295 fortuito
1090 1254 1232 1296 motu
1258 1262 1359 1296 non
1381 1250 1485 1310 agi,
1508 1248 1602 1297 sed

552 1329 658 1370 tam
683 1321 849 1371 varios
883 1321 1103 1371 siderum
1139 1322 1402 1373 discursus
1446 1326 1461 1352 ‘
1487 1340 1602 1388 pro·

552 1397 741 1447 cedere
786 1405 999 1447 aeternae
1047 1399 1176 1462 legis
1224 1400 1463 1464 imperio’
1507 1402 1602 1452 ait.

551 1476 752 1524 Passim
771 1490 972 1539 quoqne
992 1477 1008 1504 ‘
1021 1477 1209 1526 divina’
1226 1477 1432 1527 dicitur.
1452 1494 1604 1543 quam

552 1553 804 1616 Apuleius
827 1556 940 1603 vult
973 1569 1103 1617 esse,
1144 1570 1208 1603 ex
1232 1563 1406 1605 mente
1422 1558 1604 1607 *Plato-

554 1630 652 1689 nis,
675 1629 762 1677 lib.
805 1629 870 1678 de
908 1637 1078 1680 natur.
1117 1632 1448 1696 Philosophia
1481 1633 1603 1682 Pla·

554 1711 661 1753 ton.
706 1706 722 1733 ‘
743 1704 926 1766 fatum,
968 1721 1062 1770 per
1093 1708 1228 1772 quod
1278 1708 1608 1758 inevitabiles

553 1782 896 1844 cogitationes
919 1784 1018 1832 Dei
1043 1790 1203 1847 atque
1237 1785 1447 1849 incepta
1468 1801 1606 1835 com-

555 1857 802 1921 plentur!
853 1860 983 1908 Eam
1016 1860 1092 1909 sic
1130 1860 1377 1911 describit
1421 1863 1608 1911 Cicero

555 1935 646 1984 lib.
669 1949 732 1984 11.
752 1934 818 1984 de
841 1936 1021 1998 Legib.
1064 1938 1080 1963 ‘
1099 1938 1252 1987 Hanc
1274 1937 1432 2000 igitur
1455 1939 1609 1987 video

556 2010 1044 2074 sapientissimorum
1083 2010 1240 2061 fuisse
1275 2014 1611 2076 sententiam,

555 2087 721 2150 legem
761 2101 926 2151 neque
963 2088 1222 2138 hominum
1266 2090 1484 2152 ingeniis
1523 2106 1611 2139 ex-

553 2163 859 2225 cogitatam,
889 2177 988 2213 nec
1029 2165 1214 2214 scitum
1251 2166 1462 2229 aliquod
1497 2181 1610 2215 esse

557 2239 897 2300 populorum:
936 2240 1027 2289 sed
1068 2246 1319 2290 aeternnm
1344 2242 1612 2307 quiddam,

557 2314 693 2377 quod
714 2315 1006 2364 universnm
1026 2317 1268 2365 mundum
1289 2323 1498 2375 regeret
1520 2318 1611 2366 im·

468 2411 473 2426 ·
554 2391 770 2454 pet-andi
797 2392 1200 2457 prohibendique
1217 2394 1492 2456 sapientia.
1528 2394 1613 2443 Ita

558 2468 845 2531 principem
878 2469 1043 2533 legem
1080 2470 1217 2519 illam
1255 2477 1312 2520 et
1357 2471 1634 2530 ultimam,

555 2550 780 2592 mentem
815 2557 930 2593 esse
973 2544 1236 2609 dicebant,
1281 2547 1453 2595 omnia
1494 2547 1615 2595 rati·

557 2633 656 2668 one
685 2628 777 2669 aut
819 2621 1050 2682 cogentis
1093 2629 1183 2671 aut
1215 2621 1440 2670 vetantis
1475 2621 1607 2670 Dei:

560 2711 627 2745 ex
666 2712 769 2761 qua
792 2697 880 2746 illa
919 2699 1024 2762 lex,
1072 2714 1224 2763 quam
1271 2698 1357 2746 Dii
1390 2698 1613 2746 humano

560 2773 740 2836 generi
773 2772 1052 2835 dederunt,
1073 2781 1215 2824 recte
1250 2782 1331 2823 est
1371 2773 1608 2823 laudata:

561 2856 642 2897 est
665 2848 799 2897 enim
826 2851 959 2898 ratio
990 2864 1235 2915 mensque
1273 2851 1526 2914 sapientis
1548 2849 1612 2897 ad

550 2924 843 2988 jubendum
860 2932 916 2973 et
933 2925 997 2974 ad
1012 2925 1383 2976 deterrendum
1400 2928 1618 2976 idonea!

565 3001 629 3049 Et
654 3001 811 3063 paulo
838 3007 987 3064 -post,
1026 3001 1042 3028 ‘
1065 3001 1197 3052 Quae
1222 3003 1296 3050 vis
1333 3016 1434 3049 non
1460 3001 1614 3049 modo

562 3078 734 3127 senior
775 3084 857 3127 est
887 3093 1041 3142 quani⁸
1073 3086 1198 3126 aetas
1222 3079 1526 3142 populorum
1561 3085 1618 3127 et

562 3156 849 3217 civitatum,
887 3155 979 3204 sed
1013 3155 1224 3219 aequalis
1258 3155 1393 3204 illius
1430 3156 1616 3204 coelum

566 3237 722 3294 atque
748 3237 912 3279 terras
931 3232 1126 3280 tuentis
1151 3238 1206 3280 et
1234 3230 1464 3293 regentis
1497 3231 1615 3281 Dei.

567 3322 824 3370 nunquam
848 3307 982 3355 enim
1005 3320 1120 3355 esse
1144 3322 1288 3356 mens
1312 3307 1486 3356 divina
1507 3308 1617 3357 sine

563 3382 765 3431 ratione
791 3390 1001 3444 potesta
1038 3397 1134 3432 nec
1159 3384 1292 3432 ratio
1315 3382 1492 3432 divina
1513 3398 1616 3432 non
1658 3379 1660 3383 ’

563 3458 698 3505 hanc
723 3458 824 3506 vim
865 3460 917 3506 in
954 3460 1110 3508 rectis
1150 3459 1424 3523 pravisque
1453 3460 1617 3508 sanci-

564 3533 713 3581 endis
735 3533 924 3584 habet!
988 3536 1060 3583 Et
1097 3535 1281 3582 iterum
1306 3537 1460 3598 paulo
1483 3543 1620 3600 post,

563 3613 578 3637 ⁸
606 3610 735 3658 Erat
770 3610 908 3658 enim
942 3610 1073 3659 ratio
1108 3608 1346 3672 profecta
1385 3626 1414 3659 a
1447 3627 1617 3661 rerum

567 3692 753 3743 natura
760 3719 775 3746 ,
798 3692 853 3735 et
875 3684 940 3734 ad
964 3692 1107 3734 recte
1123 3683 1417 3738 faciendum
1438 3687 1618 3750 impel-

562 3765 674 3812 lens
698 3770 755 3811 et
789 3778 821 3810 a
853 3763 1047 3815 delicto
1071 3778 1321 3813 avocans:
1364 3779 1481 3827 quae
1517 3779 1618 3813 non

569 3847 681 3888 tum
728 3839 949 3903 denique
992 3839 1175 3901 incipit
1220 3839 1305 3887 lex
1354 3852 1467 3888 esse
1500 3855 1618 3891 cum

565 3915 764 3978 scripta
786 3922 888 3976 est,
921 3915 1013 3963 sed
1053 3929 1171 3963 cum
1195 3926 1311 3964 orta
1348 3922 1458 3966 est:
1504 3923 1621 3967 orta

568 3998 652 4040 est
677 3999 846 4040 autem
870 3990 1020 4040 simul
1055 4005 1172 4039 cum
1208 3999 1379 4042 mente
1416 3993 1619 4042 divina:

565 4065 894 4130 quamobrem
916 4067 1003 4116 lex
1027 4082 1152 4117 vera
1183 4075 1337 4133 atque
1373 4067 1618 4131 princeps

563 4151 693 4205 apta
712 4142 779 4201 ad
797 4143 1088 4206 jubendum
1122 4152 1176 4194 et
1210 4145 1275 4192 ad
1318 4145 1618 4202 vetandum‚

561 4219 693 4268 ratio
704 4226 784 4269 est
800 4227 946 4270 recta
960 4221 1141 4271 summi
1155 4221 1340 4271 Jovis:
1357 4219 1618 4285 Archytas

563 4297 703 4359 apud
735 4297 1000 4348 Stobaenm
1043 4311 1198 4347 serm.
1239 4310 1351 4347 xm.
1403 4301 1619 4363 Πονηρῶν

1238 411 1452 459 NOTAE
1502 375 1902 461 vA‘monuu
1952 413 2030 461 m

1674 552 1817 603 ἄθέων
1830 554 1959 615 νόμοι
1971 557 2086 604 θεῶν
2098 554 2302 619 ἄγραφοι
2320 555 2717 620 ἀντινομεζόμενοι,

1672 631 1876 695 πονηρὲ*
1890 634 2051 695 μοῖραν
2087 633 2170 694 καὶ.
2197 633 2370 695 ζημίαν
2399 636 2471 697 ⁷6
2489 636 2554 696 μὴ
2581 637 2722 683 *⁶⁴⁰⁰-

1674 705 1795 769 μένῳ
1816 707 2032 769 διδόντες,
2070 711 2267 775 πατέρες
2288 711 2366 759 καὶ
2386 711 2610 773 ἡγεμόνες
2636 714 2725 759 τῶν

1674 784 2006 847 γεγραμμένων
2026 784 2175 847 νόμων
2193 784 2274 835 καὶ
2292 786 2543 848 δογμάτων
2565 786 2726 849 ανθρώ-

1677 877 1778 909 ποις
1814 858 2062 910 τεθέν-Μνῷ
2120 864 2136 889 ‘
2160 861 2429 912 Adversus
2472 864 2729 927 improbos

1680 951 1849 985 meres
1886 936 2141 987 institutae
2190 945 2309 987 sunt
2355 939 2591 988 Deorum
2638 952 2748 987 nou.

1679 1011 1888 1075 scriptae
1911 1013 2071 1075 leges,
2115 1014 2300 1062 malam
2343 1022 2541 1063 sortem
2578 1014 2733 1062 mulc-

1681 1094 1885 1152 tamque
1896 1101 1996 1136 non
2019 1089 2284 1138 obedienti
2308 1088 2626 1149 inferentes,
2650 1103 2733 1152 pa-

1679 1173 1852 1213 rentes
1871 1179 1932 1212 ac
1954 1165 2217 1228 principes
2236 1167 2554 1228 scriptarum
2574 1167 2737 1227 legum

1681 1248 1736 1289 et
1761 1240 2186 1289 constitutionum
2205 1242 2344 1290 inter
2360 1240 2630 1291 homines.’
2665 1242 2740 1290 Ex

1679 1314 1743 1364 iis
1778 1314 1935 1377 igitur
1960 1314 2312 1379 pulcherrimis
2348 1318 2476 1367 locis
2514 1319 2642 1381 quid
2677 1319 2740 1366 sit

1681 1399 1880 1442 aeterua
1902 1393 1986 1441 lex
2007 1399 2186 1453 patet3
2218 1393 2459 1442 nimirum
2484 1400 2739 1442 aeternum

1679 1467 1941 1531 quiddam,
1974 1466 2111 1529 νόμος
2130 1466 2357 1532 ἄγραφος,
2379 1470 2602 1534 aequalis
2627 1484 2741 1520 cnm

1681 1546 1800 1593 Deo
1847 1546 2041 1607 aetatis,
2097 1545 2202 1594 νοῦς
2244 1560 2337 1594 seu
2381 1546 2526 1594 ratio,
2564 1546 2742 1594 summi

1681 1621 1800 1683 Dei,
1840 1620 2060 1685 denique
2104 1621 2353 1671 ‘aeterna’
2397 1636 2492 1671 seu
2540 1622 2743 1671 ‘diviua

1679 1696 1802 1757 lex,'
1834 1710 1898 1745 ex
1919 1711 2021 1761 qua
2051 1697 2169 1746 aliae
2202 1698 2425 1748 humano
2449 1699 2635 1762 generi
2657 1699 2742 1747 da-

1682 1782 1749 1824 tm
1788 1781 1844 1824 et
1880 1784 2123 1839 tanquam
2165 1790 2233 1825 ex
2287 1774 2432 1825 fonte
2486 1776 2739 1825 derivatae

1684 1861 1833 1903 sunt:
1859 1854 1977 1902 hinc
2017 1855 2107 1902 illa
2141 1853 2385 1917 princeps
2425 1868 2520 1903 seu
2563 1854 2745 1916 ἡγεμὼν

1683 1927 1844 1980 dicta.
1931 1932 2139 1981 Eadem⁴
2171 1938 2227 1981 et
2264 1933 2436 1981 lumen
2486 1934 2623 1982 illud
2669 1939 2745 1982 est

1682 2007 1944 2057 hominum
1984 2010 2167 2059 animis
2195 2011 2426 2071 insitum,
2470 2012 2622 2075 cujus
2661 2026 2745 2060 eos

1687 2086 1969 2149 participes
2012 2085 2144 2136 fecit
2174 2089 2338 2151 Deus,
2382 2087 2449 2137 de
2499 2103 2602 2151 quo
2637 2103 2747 2151 pro-

1686 2163 1843 2224 pbeta
1864 2179 1975 2224 rex,
1996 2164 2082 2213 ubi
2104 2166 2347 2229 qnaesivit
2380 2166 2396 2193 ‘
2416 2166 2551 2217 Quis
2575 2173 2745 2215 osten-

1686 2238 1765 2289 dit
1810 2240 1951 2289 nobis
1989 2241 2121 2290 bona
2142 2240 2177 2289 ?’
2208 2241 2493 2305 subjungit,
2534 2244 2550 2271 ⁸
2570 2242 2747 2302 Signa-

1688 2320 1795 2363 tum
1820 2324 1904 2365 est
1939 2331 2099 2379 super
2132 2332 2223 2366 nos
2258 2318 2428 2366 lumen
2454 2320 2627 2367 vultus
2652 2319 2746 2379 tui,

1691 2392 1949 2441 Domine?
2014 2391 2099 2442 Ad
2124 2393 2287 2442 Stoici
2331 2400 2452 2456 post
2491 2394 2746 2457 ejuratam

1688 2471 1886 2520 veteris
1910 2470 2209 2521 Academia».
2231 2478 2426 2521 rectam
2460 2473 2528 2520 de
2553 2473 2674 2522 Deo
2695 2479 2749 2522 et

1689 2548 1939 2610 religione
1983 2549 2277 2610 opinionem
2335 2548 2635 2597 ‘divinam’
2679 2549 2749 2597 le-

1689 2638 1822 2687 gem,
1855 2624 2070 2673 obscuro
2098 2624 2254 2672 verbo
2295 2624 2311 2651 ‘
2329 2624 2641 2673 naturalem’
2667 2638 2745 2670 vo·

1690 2710 1916 2760 carunt3
1991 2698 2421 2764 quemadmodum
2481 2701 2743 2763 scripsisse

1691 2775 1952 2824 Zenonem
1976 2783 2123 2824 notat
2140 2775 2324 2825 Cicero
2349 2776 2439 2825 lib.
2459 2790 2501 2823 r.
2531 2776 2602 2823 de
2631 2776 2745 2824 Nat.

1694 2851 1855 2900 Deor.
1897 2851 2011 2900 binc
2072 2853 2087 2881 ‘
2115 2858 2348 2900 naturam
2405 2850 2600 2916 sequi‚'
2648 2866 2745 2899 non

1693 2927 1710 2954 ‘
1737 2926 1943 2976 Denm'
1990 2927 2271 2988 dixerunt3
2326 2927 2342 2955 ‘
2376 2928 2478 2976 Dei
2525 2929 2743 2988 nomine,

1691 3002 1777 3051 τὸν
1791 3002 1910 3051 Θεὸν
1930 3002 1993 3052 εἰς
2013 3002 2170 3066 φύσιν,
2184 3004 2236 3052 in
2261 3012 2502 3053 naturam
2522 3017 2745 3052 commn-

1694 3079 1841 3142 tato,'
1884 3080 2055 3144 inquit
2094 3081 2331 3129 Clemens
2362 3077 2517 3129 Alex.
2555 3081 2743 3129 Strom.

1690 3157 1780 3206 lib.
1809 3172 1872 3206 11.
1943 3156 2197 3206 Nimirum
2233 3155 2353 3215 ‘bi,'
2395 3162 2453 3204 ut
2493 3161 2574 3205 est
2613 3156 2744 3219 apud

1694 3233 1995 3282 Ciceronem
2014 3232 2102 3281 lib.
2126 3246 2178 3281 v.
2197 3230 2263 3279 de
2284 3231 2520 3292 Finibus,
2544 3233 2560 3259 ‘
2585 3240 2745 3282 totam

1694 3309 1758 3357 ad
1782 3323 1837 3357 se
1867 3315 2090 3357 nostram
2127 3307 2497 3372 philosophiam
2530 3317 2749 3358 transtu·

1693 3387 1893 3436 leruntt
1931 3394 2088 3449 atque
2113 3394 2170 3434 ut
2190 3386 2371 3450 reliqui
2406 3384 2549 3436 fures
2573 3401 2745 3436 earum

1694 3475 1866 3509 rernm
1906 3476 2032 3525 quas
2066 3469 2334 3524 ceperunt,
2353 3463 2502 3517 signa
2526 3477 2746 3530 commn-

1697 3542 1844 3598 tant3
1882 3537 1958 3585 sic
1985 3536 2059 3584 illi
2081 3543 2139 3584 ut
2155 3537 2346 3586 nostris
2362 3538 2641 3586 sententiis
2661 3551 2749 3600 pro

1695 3613 1801 3661 suis
1838 3619 2123 3673 uterentur,
2145 3613 2352 3661 uomina
2392 3620 2637 3677 tanquam
2673 3627 2747 3662 re·

1695 3702 1805 3736 rum
1841 3696 1991 3736 notas
2026 3687 2389 3738 mutaverunt!
2472 3689 2747 3739 Postremo

1695 3765 1802 3827 legi
1844 3771 2057 3812 aetemae
2110 3763 2426 3826 Augustinus
2469 3765 2563 3813 lib.
2605 3780 2644 3817 ι.
2683 3764 2746 3813 de

1694 3841 1783 3890 lib.
1833 3840 2014 3889 arbitr.
2083 3841 2455 3901 ‘temporalem
2510 3841 2747 3904 opponit,

1696 3931 1812 3980 quae
1846 3916 1967 3963 nihil
2005 3915 2143 3964 aliud
2178 3914 2295 3976 est,’
2333 3915 2518 3980 inquit,
2561 3919 2578 3945 ‘
2600 3930 2744 3980 quam

1694 3994 1954 4055 neglectis
1990 3992 2143 4041 rebus
2178 3992 2407 4053 oeternis,
2439 3993 2603 4056 quibu
2631 4007 2744 4055 sper

1694 4071 1919 4132 seipsam
1943 4083 2083 4116 mens
2106 4066 2313 4129 fruitur,
2333 4077 2388 4115 et
2408 4081 2503 4131 per
2524 4069 2741 4131 seipsam

1694 4148 1945 4212 percipit,
1964 4156 2017 4195 et
2041 4161 2166 4210 quas
2192 4160 2368 4195 amans
2385 4148 2630 4196 amittere
2647 4160 2742 4195 uon

1695 4231 1903 4288 potest;
1943 4223 2248 4288 temporalia
2283 4230 2339 4273 et
2358 4239 2472 4288 qna*¹
2513 4239 2606 4287 per
2639 4238 2745 4275 cor·

1698 4315 1792 4363 pus
1816 4300 2035 4350 hominis
2071 4306 2274 4364 partem
2305 4299 2602 4351 vilissimam
2632 4313 2739 4351 sen-
