3049 4928
1011 453 1135 501 Pul
1153 451 1534 500 bosom-11:²13.
1588 450 1733 499 mn.
1779 452 1861 501 1¹.

2395 433 2527 499 185

848 599 936 666 Et
960 599 1281 664 fiuctibus
1305 599 1676 664 minantem
2495 598 2538 660 5

927 702 1139 769 Curat
1169 722 1482 786 spernere
1512 708 1846 787 pontum‚‘¹

845 805 1108 871 Montis
1138 826 1459 871 cacumen
1493 806 1658 885 alti:

926 910 1210 975 Bibulas
1238 911 1409 976 vitet
1437 918 1724 976 arenas!

844 1009 1026 1079 Illud
1054 1021 1398 1097 protervus
1429 1013 1679 1079 Auster

925 1119 1123 1184 Totis
1154 1119 1411 1184 viribus
1438 1125 1632 1200 urget
1659 1117 1710 1183 ε*

2449 1113 2537 1177 10

841 1222 978 1287 Hae
1008 1222 1372 1306 pendulum
1404 1223 1647 1287 solutae

928 1325 1210 1392 Pondus
1238 1325 1414 1390 ferre
1443 1328 1801 1390 recusant.¹¹

305 1506 766 1570 disjiciflaminibus
800 1510 1054 1573 strepentis
1085 1512 1226 1567 Euri.
1262 1517 1310 1561 et
1345 1516 1554 1562 temnere
1590 1526 1720 1561 mare
1741 1512 1986 1562 exundans
2007 1507 2153 1559 veluti
2174 1508 2417 1558 intentans
2440 1508 2540 1556 rui-

306 1588 419 1621 nam
435 1575 546 1622 -suis
559 1575 773 1636 «estibus,
796 1575 877 1624 ille
897 1576 1265 1638 paritersugiat
1286 1577 1507 1626 verticem
1532 1577 1704 1625 montis
1727 1576 1860 1632 elati,
1882 1581 1928 1623 et
1950 1590 2122 1625 arenas
2145 1574 2345 1624 bibaces.

2413 1574 2541 1623 Aus-

307 1640 384 1686 ter
399 1638 692 1703 impetuosus
713 1641 841 1691 omni
871 1646 1041 1691 conatu
1061 1646 1201 1690 vexat
1225 1642 1360 1691 illum
1379 1643 1601 1691 verticem
1617 1659 1634 1692 .-
1667 1643 1741 1691 1·oe
1760 1655 1869 1691 vero
1886 1655 2045 1690 arenae
2066 1641 2311 1701 disjuncte
2332 1643 2539 1689 renuunt

1325 1773 1546 1824 NOTIE

313 1888 458 1939 Ortu
482 1886 551 1938 ad
575 1888 837 1939 Occasum
855 1886 1065 1941 fluentis
1087 1903 1291 1940 cursum
1310 1905 1388 1941 se·

311 1971 490 2027 cutus,
542 1972 821 2029 propterea
882 1979 1062 2016 sonum
1122 1967 1388 2031 ingentem

309 2044 443 2093 edit.
473 2029 645 2093 XUnde
664 2044 850 2107 Virgil.
872 2057 935 2093 rr.
955 2044 1152 2108 Georg.
1180 2061 1254 2096 vs.
1271 2049 1388 2096 441.

311 2123 327 2148 ‘
348 2122 500 2174 Quos
525 2120 737 2170 animosi
752 2120 879 2170 Euri
897 2121 1099 2171 assidue
1122 2119 1390 2186 frangunt·

314 2212 424 2263 que
448 2195 771 2261 feruntque!

379 2286 405 2318 q
430 2275 668 2340 Pontum]
689 2277 889 2327 Pontus
912 2277 1199 2339 generatim
1223 2277 1386 2343 quod-

311 2353 450 2403 libet
466 2352 916 2416 mare‚speeiatim
938 2355 1224 2405 Euxinum:
1250 2353 1389 2406 forte

312 2431 443 2497 quia
464 2437 741 2496 utrumqne
765 2432 974 2496 plenum
994 2432 1211 2484 laboris:
1248 2431 1391 2485 πόνος

315 2509 455 2559 enim
481 2509 632 2560 labor
655 2510 827 2574 potuit
849 2524 963 2561 esse
994 2511 1139 2576 origo
1170 2512 1257 2561 τοῦ
1277 2512 1389 2563 τόν·

315 2604 433 2637 rou:
471 2586 720 2653 quicquid
744 2587 829 2637 sit.

380 2671 404 2696 ¹·
447 2665 636 2713 Montis
678 2678 895 2715 cacumen
937 2665 1051 2731 aui]
1105 2665 1388 2730 Cacumen,

318 2748 507 2793 vertex
544 2747 630 2792 est
670 2756 788 2792 cum
822 2741 1066 2792 arborum
1100 2747 1211 2792 tum
1247 2756 1389 2791 mon-

320 2819 484 2868 tium:
520 2817 661 2883 quod
696 2819 873 2883 plures
909 2819 1165 2884 ejusmodi
1204 2833 1390 2883 corpo-

320 2908 436 2944 rum
473 2899 650 2958 partes
686 2893 943 2959 surgendo
981 2895 1036 2944 in
1075 2908 1233 2944 unum
1269 2908 1391 2944 acu·

320 2986 442 3021 men
480 2970 700 3021 coeant:
743 2984 995 3021 cacumen
1041 2977 1216 3020 autem
1254 2983 1393 3019 nunc

319 3048 514 3099 dicitur
537 3049 553 3074 ⁸
572 3047 762 3097 montis
786 3047 877 3096 alti
892 3045 933 3108 ;’
966 3048 1089 3113 quia
1123 3062 1224 3112 quo
1246 3060 1394 3097 mons

323 3124 476 3175 altior
498 3130 603 3188 est,
635 3139 698 3173 eo
724 3123 986 3188 proedictis
1010 3130 1281 3174 ventorum
1301 3122 1393 3174 fia·

325 3202 461 3252 tibus
498 3201 666 3266 magis
705 3201 1011 3265 impellitur,
1046 3200 1282 3268 adeoque
1305 3201 1399 3251 do·

325 3294 434 3329 mus
470 3280 559 3329 hle
597 3278 815 3328 fundata
851 3279 1017 3328 rninae
1052 3279 1218 3343 magis
1261 3277 1400 3330 foret

326 3355 568 3406 obnoxia.
862 3373 867 3377 ·

387 3439 407 3464 ⁸
439 3431 647 3483 Bibulae
677 3432 796 3482 vitet
827 3432 1020 3496 arenas]
1052 3431 1183 3483 Quae
1218 3430 1398 3481 videli-

325 3515 414 3560 cet
430 3524 594 3574 aquas
612 3508 825 3558 sorbere
845 3508 1073 3572 possint:
1096 3507 1235 3573 quod
1254 3509 1393 3559 enim

325 3585 401 3634 his
422 3585 595 3635 arenis
617 3583 986 3648 intercipiatur
1009 3583 1116 3648 aer,
1137 3585 1221 3634 vel
1231 3582 1395 3651 quod-

325 3661 456 3712 libet
497 3660 642 3711 aliud
683 3674 871 3725 corpus
911 3660 1051 3724 quod
1087 3675 1240 3726 aquae
1276 3661 1397 3710 sub·

326 3738 491 3803 eunti,
525 3743 713 3801 utpote
738 3737 981 3801 graviori,
1013 3737 1184 3787 locum
1224 3737 1397 3801 cedat,

327 3823 614 3879 propterea
637 3814 682 3863 si
706 3814 874 3863 arenis
912 3814 1024 3863 istis
1061 3814 1398 3879 imponantur

328 3891 556 3943 aedificia
589 3891 718 3955 ipsis
758 3890 906 3955 aquis
940 3890 1095 3954 louge
1135 3891 1394 3954 graviora,

326 3968 511 4018 eadem
548 3966 772 4017 aedificia
809 3965 1174 4016 fatiscentibus
1208 3965 1394 4017 funda-

324 4047 513 4094 mentis
557 4045 733 4094 statim
773 4050 1035 4095 corruent.
1119 4045 1394 4094 Lucretius

327 4121 419 4171 lib.
465 4136 534 4170 11.
582 4122 600 4148 ‘
626 4123 866 4170 arenam·
897 4121 1033 4171 dixit
1067 4121 1083 4149 ‘
1109 4121 1337 4171 bibulam
1358 4120 1395 4182 ς’

327 4199 342 4225 ‘
366 4197 586 4247 Littoris
610 4196 813 4246 incurvi
830 4195 1058 4247 bibulam
1074 4195 1208 4247 lavit
1224 4212 1402 4264 aequor

332 4275 577 4326 arenam?

392 4354 412 4387 ⁸
449 4354 583 4403 lund
616 4357 866 4416 protervus
902 4352 1302 4417 Auster...urgee]
1331 4352 1403 4403 Il·

1469 1889 1561 1939 lud
1586 1891 1777 1940 montis
1814 1902 2069 1940 cacumen
2093 1886 2289 1939 Auster
2312 1886 2541 1950 impetit.

1469 1966 1670 2017 Auster
1690 1973 1771 2018 est
1793 1974 1981 2017 ventus
2005 1980 2071 2017 ex
2095 1966 2250 2030 plaga
2282 1963 2398 2015 coeli
2433 1977 2542 2012 me-

1469 2047 1674 2098 ridiana
1710 2045 1861 2097 flans.
1934 2045 2089 2098 Quod
2131 2052 2306 2094 autem
2349 2044 2539 2093 Auster

1470 2139 1539 2174 ex
1587 2122 1738 2174 terris
1797 2123 1851 2172 in
1912 2122 2135 2172 sublime
2191 2120 2384 2184 saepius
2430 2118 2544 2182 fiet,

1470 2200 1905 2267 quemadmodum
1948 2200 2150 2248 Boreas
2192 2196 2466 2262 oppositus
2512 2210 2543 2244 e

1471 2278 1737 2328 contrario
1781 2294 1849 2328 ex
1892 2276 2096 2328 sublimi
2137 2276 2191 2326 in
2232 2284 2427 2337 terras3
2462 2274 2543 2324 id-

1472 2357 1616 2406 circo
1639 2354 1836 2406 Auster
1870 2362 2069 2405 rectum
2104 2354 2225 2416 iter,
2257 2352 2423 2419 quoad
2450 2367 2545 2416 po-

1472 2441 1598 2498 test,
1637 2434 1879 2485 insistens
1923 2433 1977 2483 in
2022 2446 2246 2483 summos
2291 2430 2541 2483 montium

1471 2515 1699 2564 vertices
1722 2513 1910 2578 saepius
1930 2511 2137 2562 videtur
2158 2511 2453 2561 incurrere:
2489 2514 2546 2559 et

1471 2595 1758 2654 propterea
1797 2602 1936 2638 nunc
1974 2587 2269 2651 appellatur
2300 2588 2317 2615 ‘
2341 2592 2545 2650 proter·

1470 2682 1567 2715 vus
1586 2666 1602 2689 '
1635 2681 1668 2717 a
1704 2665 2043 2730 proterendo,
2077 2666 2200 2730 quia
2221 2664 2404 2714 altiora
2429 2678 2546 2713 cor-

1473 2758 1606 2808 pora
1645 2743 1748 2794 sibi
1794 2742 2009 2808 objecta
2067 2744 2204 2792 solet
2253 2747 2545 2805 proterere.

1471 2821 1675 2870 Seneca
1712 2820 1763 2869 in
1799 2818 1987 2886 Agam.
2025 2834 2101 2870 vs.
2124 2822 2206 2868 90.
2254 2817 2270 2846 ‘
2303 2816 2545 2867 Nubibus

1473 2896 1602 2961 ipsis
1626 2897 1843 2947 Inserta
1864 2902 2026 2960 caput
2063 2894 2219 2946 turris
2240 2889 2414 2958 pluvio
2438 2894 2542 2942 Va-

1474 2973 1624 3037 pulat
1638 2971 1862 3024 Austro:
1891 2971 2180 3037 densasque
2196 2984 2375 3019 nemus
2390 2968 2548 3032 Spar·

1476 3064 1606 3115 gens
1649 3048 1859 3101 umbras
1906 3062 2102 3098 annosa
2146 3047 2292 3098 videt
2335 3047 2547 3107 Robora

1473 3126 1686 3192 frangi?

1544 3210 1569 3236 ¹¹
1605 3203 1705 3253 Hoe
1721 3205 1975 3268 pendulum
2006 3201 2171 3252 solidoe
2193 3201 2385 3251 Pondus
2409 3197 2549 3261 ferre

1476 3279 1722 3344 recusant]
1757 3280 1860 3330 Hae
1882 3294 2053 3329 arenae
2072 3294 2103 3329 a
2121 3293 2178 3329 se
2202 3278 2420 3328 invicem
2443 3276 2546 3326 dis-

1472 3358 1679 3421 junctae
1717 3357 2017 3422 impositum
2062 3356 2268 3421 pondus
2304 3368 2403 3403 non
2429 3367 2549 3418 pos-

1480 3440 1604 3484 sunt
1626 3434 1901 3485 sustinere.
1933 3434 2220 3499 [Nimirum
2243 3432 2379 3483 sicut
2403 3432 2549 3481 librae

1480 3509 1601 3559 duae
1633 3517 1757 3560 sunt
1786 3511 1963 3559 lances
1984 3510 2197 3561 alteruis
2220 3509 2294 3558 sic
2318 3507 2552 3571 mobiles,

1480 3593 1562 3648 nt,
1583 3585 1625 3635 si
1652 3588 1821 3636 altera
1844 3586 2071 3651 graviori
2091 3585 2323 3650 pondere
2362 3589 2550 3633 onusta

1479 3661 1721 3713 deorsum
1783 3662 2126 3727 deprimatur,
2170 3663 2333 3713 altera
2348 3676 2547 3711 sursum

1479 3741 1755 3790 attollatur
1793 3754 2013 3790 necesse
2049 3741 2148 3802 sit;
2182 3740 2260 3789 ita
2290 3739 2343 3788 in
2387 3744 2550 3796 terra,

1477 3831 1632 3883 aqua,
1646 3823 1702 3866 et
1725 3816 1846 3867 aere
1868 3832 2020 3883 quem
2040 3816 2315 3880 spiramus,
2331 3830 2553 3879 corpora

1478 3895 1613 3943 adeo
1638 3907 1752 3944 sese
1776 3894 2034 3945 sustinent
2058 3893 2281 3959 aequatis
2306 3893 2549 3958 ponderi-

1478 3970 1597 4035 bus,
1618 3977 1679 4020 ut
1701 3969 1744 4020 si
1779 3971 2001 4022 alterum
2041 3969 2204 4020 fuerit
2239 3971 2464 4037 gravius„
2494 3969 2547 4018 id

1479 4046 1834 4112 propendeat,
1873 4048 2040 4096 altero
2077 4046 2359 4110 depresso:
2413 4047 2551 4095 sicut

1477 4121 1697 4174 infinitis
1718 4123 1973 4187 exemplis
1994 4123 2335 4173 demonstrari
2355 4130 2551 4186 posset.

1478 4199 1637 4249 AEdes
1674 4208 1850 4251 autem
1890 4200 2059 4249 arenis
2090 4200 2353 4263 impositae
2388 4199 2546 4261 longe

1482 4277 1750 4342 graviores
1775 4284 1895 4326 sunt
1919 4291 1982 4325 eo
2006 4275 2225 4339 liquore,
2258 4288 2360 4340 quo
2384 4273 2544 4323 inter·

1484 4355 1655 4417 posito
1680 4368 1852 4404 arenae
1869 4353 2195 4402 mollescunt:
2224 4350 2343 4402 Hoc
2364 4349 2547 4400 eodem
