3049 4928
1040 401 1559 452 Pnrnosopum
1607 401 1770 455 ωε.
1800 400 1848 449 ι.
2458 390 2547 456 69

343 550 403 613 si
455 568 663 632 quem
692 543 1127 631 profanum,‘¹
1187 547 1285 611 nti
1341 544 1544 627 vulgo
1589 544 1883 622 solitum,
1922 544 2117 611 nohis
2137 554 2165 597 ⁹
2204 546 2552 617 blanditiae

341 659 598 716 vestrae
664 649 1100 726 detraherent,
1171 650 1392 715 minus
1455 647 1744 713 moleste
1813 644 2153 713 ferendum
2225 656 2549 733 putarem.

344 752 540 819 Nihil
572 752 829 836 quippe
859 752 929 816 in
956 771 1039 817 eo
1066 757 1323 819 nostrae
1347 767 1575 834 operae
1597 760 1628 786 ⁸
1675 749 2091 819 laederentur.
2151 750 2363 819 Hunc
2392 773 2551 821 vero

342 855 679 925 Eleaticis
737 859 941 938 atque
1004 852 1437 921 Academicis
1457 863 1480 889 ⁰
1500 848 1527 887 ¹⁸
1618 850 1862 919 studiis
1920 853 2236 936 attigistis
2284 854 2553 923 innutri-

341 957 537 1024 tum?
562 964 620 997 ¹0
687 956 827 1023 Sed
875 956 1127 1022 abite¹¹
1191 955 1445 1039 potiuS,
1499 954 1771 1020 Sirenes
1796 957 1847 989 ¹²
1889 973 2110 1039 usque
2154 957 2226 1023 in
2268 958 2553 1024 exitium

1296 1162 1323 1186 ⁸⁸
1356 1152 1581 1204 Labores.

352 1217 360 1224 ·
406 1158 423 1187 ‘
461 1156 768 1209 Extremum
802 1160 852 1206 et
894 1158 1155 1219 vulgarem.
1708 1160 1732 1186 ¹⁹
1766 1153 2051 1206 Dialecticis
2082 1160 2133 1206 et
2142 1156 2423 1208 Platonicis.

1278 1297 1396 1319 ‘m

343 1399 631 1451 Hacine-9
663 1399 867 1450 Solitum
885 1400 1032 1461 uobis,
1066 1400 1310 1449 mnditia
1338 1398 1538 1448 eedem
1562 1396 1682 1448 edd.
1720 1404 1777 1446 et
1820 1398 2081 1447 Mss.-lo
2113 1398 2364 1461 Restitui,
2386 1399 2556 1464 inquit

341 1465 682 1527 Bernartius,
721 1480 787 1516 ex
831 1466 1039 1529 scriptis
1076 1465 1121 1513 Α
1163 1465 1402 1529 osiopesi,
1433 1462 1737 1515 Academicis
1765 1463 1944 1513 studiis
1971 1463 2249 1521 enutritum.
2314 1464 2477 1515 ‘Mem
2501 1474 2558 1516 et

342 1529 426 1581 ed.
471 1531 620 1579 Flor.
638 1544 743 1580 non
764 1531 963 1579 babent
995 1544 1120 1580 vocu
1146 1544 1226 1578 arn
1249 1528 1506 1592 attigistis,
1529 1537 1583 1577 et
1609 1542 1705 1592 pro
1727 1529 1985 1577 enutritum
2007 1527 2216 1591 ponitur
2251 1527 2557 1593 innutritum,

343 1610 461 1660 quae
489 1595 653 1645 lectio
679 1594 1060 1657 praestabilior?
1093 1594 1265 1644 Sitzm.
1332 1594 1467 1643 ‘Hic
1500 1592 1825 1642 variantibus
1864 1592 2028 1654 libris,
2061 1592 2348 1642 innutritum
2381 1595 2555 1657 potius

342 1674 502 1723 quam
536 1660 804 1710 enutritum
838 1661 1173 1719 retinuimus;
1208 1658 1343 1724 quod
1364 1658 1569 1716 codem,
1598 1672 1701 1722 quo
1730 1658 1834 1720 hic,
1857 1672 2009 1707 sensu
2029 1657 2097 1706 ab
2116 1657 2342 1735 antiquis
2362 1660 2555 1721 saepius

347 1723 621 1773 videamus
661 1724 995 1788 usurpatum!
1036 1724 1212 1774 Vallia.
1279 1723 1579 1773 Academicis
1617 1722 1790 1771 studiis
1826 1722 2113 1772 innutritum
2142 1723 2391 1773 exhibent
2432 1723 2554 1773 edd.

347 1789 550 1853 Delph.
575 1795 632 1839 et
656 1790 959 1840 flach—ll
987 1789 1149 1853 Abite,
1167 1789 1283 1837 sine
1301 1790 1483 1838 vocula
1495 1787 1676 1852 potius,
1697 1787 1828 1849 legit
1849 1788 2018 1837 codex
2039 1787 2326 1838 Thuanaeus
2344 1787 2556 1853 primus.

1357 1933 1572 1984 NOTAE

349 2058 430 2102 tes
454 2050 782 2101 assuefacere
805 2050 1005 2113 morbo,
1026 2064 1127 2099 non
1159 2047 1417 2098 liberare.'
1497 2060 1541 2097 1.

349 2129 736 2194 Philosophicae
765 2135 940 2177 autem
968 2128 1135 2176 Musae
1159 2125 1420 2187 dIcuntur,

351 2222 473 2272 quae
493 2204 981 2272 perturbationibus
1000 2211 1174 2253 exutae
1198 2208 1258 2251 ut
1279 2203 1418 2252 ctare

1607 2048 1624 2076 ‘
1653 2046 1760 2096 Odi
1778 2045 2049 2110 profanum
2071 2046 2272 2111 vulgus,
2289 2054 2348 2097 et
2370 2061 2522 2098 arceo
2542 2065 2557 2099 z

1497 2122 1698 2173 Favete
1711 2122 1923 2187 linguis;
1944 2122 2175 2172 carmina
2187 2137 2285 2173 non
2301 2123 2440 2187 prius
2452 2123 2559 2173 Au·

1497 2199 1628 2262 dita,
1661 2201 1927 2251 Musarum
1963 2199 2208 2249 sacerdos
2255 2199 2558 2263 Virginibus

350 2282 709 2346 distincteque
760 2288 1100 2346 cognoscunt,
1150 2280 1225 2328 sic
1280 2277 1420 2343 judi·

352 2365 519 2407 cant:
557 2356 695 2408 unde
716 2371 976 2422 nunqnam
1004 2354 1292 2406 fallunturz
1328 2355 1420 2404 has

354 2435 516 2485 Plato
558 2435 596 2484 1.
633 2447 688 2486 x.
734 2434 801 2484 de
835 2433 973 2500 Rep.
1014 2431 1230 2483 laudans
1265 2436 1422 2482 vocat

357 2521 375 2548 ‘
399 2517 634 2567 divinum
657 2515 852 2580 genus?
874 2528 1065 2579 easque
1101 2514 1154 2563 in
1177 2527 1268 2563 sua
1296 2512 1420 2562 civi·

358 2601 472 2645 tate
524 2594 775 2644 admittit.
859 2593 981 2655 Hae,
1022 2590 1215 2655 fugatis
1258 2590 1421 2640 Musis

359 2671 616 2735 Poeticis,
658 2669 935 2721 Boethium
974 2666 1226 2732 deinceps
1272 2665 1421 2716 doce-

361 2748 508 2799 bunt.
974 2783 983 2784 ff

423 2825 440 2859 ¹
468 2826 542 2876 At
578 2826 625 2875 si
657 2839 794 2889 quem
838 2820 1111 2887 profanum]
1163 2817 1421 2869 Profanus

360 2900 555 2951 dicitur
574 2907 634 2950 et
653 2901 800 2949 locus
820 2906 874 2948 et
888 2898 1056 2947 homo.
1081 2897 1280 2946 1.locus
1302 2908 1421 2959 pro-

361 2975 512 3028 fanus
533 2977 576 3025 is
613 2982 849 3037 vocatur,
869 2974 977 3039 qui,
1010 2971 1159 3038 quasi
1190 2971 1370 3036 procul
1391 2985 1422 3020 a

361 3052 478 3105 fano
497 3053 719 3116 positus,
736 3064 882 3101 sacer
902 3064 1007 3099 non
1039 3056 1153 3099 este
1193 3062 1294 3113 quo
1317 3062 1420 3097 mo·

362 3130 430 3182 do
446 3131 564 3181 AEn.
588 3142 694 3179 111.
718 3131 922 3179 vs.'7⁷⁷.
983 3128 999 3158 ⁴
1021 3127 1201 3191 Tuque
1225 3125 1423 3190 optima

362 3206 558 3257 ferrum
578 3208 741 3255 Terra
781 3211 934 3255 tene:
972 3204 1107 3253 colui
1136 3208 1335 3252 vestros
1375 3203 1419 3252 si

364 3298 570 3348 semper
583 3282 969 3345 honores,Quos
985 3286 1168 3331 contra
1179 3278 1420 3329 AEneadae

364 3359 499 3410 bello
522 3357 705 3409 fecere
728 3355 1006 3423 profanos!
1041 3360 1089 3406 2.
1114 3354 1286 3405 Homo
1306 3369 1420 3418 pro·

361 3435 510 3485 fanus
537 3436 630 3485 ine
651 3435 891 3494 habetur,
916 3432 1003 3497 qui
1035 3433 1178 3496 quasi
1204 3431 1361 3480 etiam
1390 3445 1421 3480 a

361 3511 482 3561 fano
508 3512 706 3575 procul,
724 3511 884 3559 sacris
907 3523 1009 3558 non
1041 3516 1123 3557 est
1158 3507 1386 3557 initiatus
1407 3523 1422 3557 z

363 3587 796 3653 quemadmodum
820 3586 1026 3635 AEneid.
1070 3598 1149 3635 vr.
1190 3599 1267 3634 vs.
1311 3588 1428 3635 258.

362 3668 377 3694 ‘
403 3665 670 3726 Proculo,
689 3663 872 3726 procul
893 3668 1025 3723 este,
1048 3660 1272 3724 profani,
1295 3661 1428 3710 Con-

363 3741 557 3789 clamat
576 3745 745 3801 vates,
764 3746 979 3802 totoque
1010 3737 1248 3787 absistite
1271 3736 1425 3787 inco?

365 3814 708 3879 Philosophia
732 3826 858 3876 ergo
880 3828 1016 3863 nunc
1033 3828 1150 3862 eum
1171 3813 1427 3863 homiuem

363 3897 518 3941 vocat
541 3889 833 3953 profanum,
853 3890 940 3953 qui
960 3889 1239 3954 praeceptis
1262 3889 1427 3952 philo·

365 3967 597 4032 sophicis
620 3980 722 4016 nou
755 3964 1005 4028 imbutus,
1028 3965 1094 4015 ab
1118 3965 1230 4029 ipsa
1252 3965 1428 4014 Phiio-

367 4044 552 4106 sophia
571 4042 769 4091 alienus
792 4046 909 4090 est:
946 4041 1021 4091 sie
1056 4041 1311 4091 Horatius
1334 4041 1427 4091 im·

366 4119 566 4182 peritos
582 4117 817 4166 homines
839 4123 895 4166 et
918 4132 950 4166 a
974 4117 1141 4166 Musis
1162 4118 1375 4175 alienos,
1397 4132 1431 4166 a

370 4195 474 4245 suis
492 4192 842 4256 Carminibus,
861 4199 1104 4257 tanquam
1126 4192 1371 4257 profanos
1397 4209 1430 4244 a

367 4273 549 4336 sacris,
571 4285 778 4336 arcens,
796 4270 955 4332 canit.
975 4271 1013 4334 l,
1032 4282 1121 4321 ιιι.
1136 4270 1306 4322 Carni.
1325 4269 1432 4321 Od„

1499 2277 1776 2341 puerisque
1791 2277 1982 2326 canto.’
2015 2276 2190 2327 Quare
2208 2274 2559 2340 Philosophia,

1501 2368 1622 2418 quai
1662 2367 1799 2403 nunc
1828 2353 1997 2403 utitur
2035 2353 2134 2405 bac
2183 2352 2428 2417 loquendi
2456 2352 2561 2402 {br-⁴·

1499 2444 1587 2480 ma
1608 2445 1723 2496 quae
1747 2424 1950 2482 Groeeis
1979 2427 2318 2492 ἀνοσιότητα,
2354 2428 2561 2480 Cicero·

1501 2510 1555 2559 ni
1590 2510 1889 2560 Reticcutia
1921 2508 2138 2571 dicitnr,
2172 2523 2275 2573 qua
2313 2508 2564 2560 videlicet

1501 2598 1672 2647 oratio
1709 2597 1785 2646 sic
1816 2596 2159 2661 contrahitur,
2192 2603 2251 2646 ut
2281 2597 2372 2646 vix
2408 2612 2566 2662 appa·

1503 2679 1618 2723 reat
1638 2672 1764 2736 quid
1797 2672 2032 2721 dicturus
2064 2672 2227 2722 fuerit
2246 2671 2456 2734 Orator,
2489 2674 2568 2724 ita

1505 2748 1717 2800 videtur
1750 2748 1926 2812 loqui:
1958 2748 2031 2807 Si,
2062 2763 2092 2797 o
2112 2749 2281 2798 Musae
2306 2749 2565 2811 Poeticae,

1506 2824 1727 2889 aliquem
1781 2823 2131 2887 Philosophiae
2193 2823 2451 2886 ignarum,
2505 2832 2566 2876 ut

1504 2906 1679 2950 vester
1714 2914 1824 2948 mos
1846 2907 1949 2960 est,
1974 2914 2005 2947 a
2035 2898 2235 2948 ratione
2269 2898 2335 2947 ad
2362 2906 2566 2963 pertur-

1502 2976 1730 3028 bationis
1773 2976 2071 3040 obsequium
2110 2976 2476 3041 detraheretis,
2510 2977 2566 3027 id

1503 3053 1672 3102 minus
1695 3053 1965 3102 molestum
1992 3051 2111 3100 mihi
2135 3050 2433 3101 videretur:
2469 3053 2563 3102 sed

1503 3127 1782 3179 Boethium
1823 3127 1875 3176 in
1916 3128 2055 3178 omni
2092 3126 2437 3191 Philosophiae
2478 3143 2565 3193 ge·

1502 3219 1629 3253 nere
1666 3203 2071 3255 versatissimum
2095 3236 2111 3253 .
2131 3238 2146 3253 .
2168 3239 2181 3254 .
2218 3209 2399 3253 cetera
2441 3205 2565 3255 reti-

1504 3288 1708 3333 centur.
1774 3281 1862 3330 Sic
1903 3280 2208 3332 Juvenalise
2263 3281 2563 3345 ‘Majorum

1501 3360 1696 3423 primus
1706 3357 1936 3423 quisquis
1957 3355 2057 3406 fuit
2074 3357 2161 3407 ille
2178 3363 2382 3407 tuorum
2401 3373 2416 3406 ε
2454 3357 2565 3410 Aut

1504 3441 1684 3499 pastor
1707 3433 1829 3496 fuit,
1850 3444 1941 3483 ant
1964 3433 2089 3482 iilud
2114 3434 2251 3498 quod
2275 3431 2453 3483 dicere
2474 3448 2563 3484 no·

1507 3511 1594 3562 io?
1662 3512 1751 3562 Sic
1793 3509 2042 3574 Virgilius
2089 3524 2240 3560 versu
2276 3510 2567 3573 notissimo,

1504 3590 1521 3618 ‘
1545 3590 1689 3640 Quos
1713 3601 1844 3650 egoi
1880 3585 1973 3635 sed
1995 3592 2163 3636 motos
2185 3592 2405 3650 praestat
2427 3600 2567 3636 eom·

1468 3698 1474 3704 -
1507 3678 1701 3727 ponere
1723 3661 1955 3713 fluctus.⁸

1569 3737 1594 3776 ¹⁸
1627 3740 1773 3789 Hune
1791 3754 1900 3789 uero
1930 3738 2303 3801 Eleatici-satque
2323 3738 2567 3788 Aeudenii·

1503 3814 1597 3878 cis]
1619 3815 1927 3865 Dialecticis
1948 3823 2003 3864 et
2027 3815 2334 3865 Platonicis.
2381 3816 2567 3866 Studia

1504 3891 1641 3940 enim
1658 3891 1932 3941 dialectica
1953 3898 2209 3940 vocantur
2236 3892 2252 3920 ‘
2282 3892 2518 3943 Eleatica
2537 3892 2571 3942 ε’

1506 3967 1629 4031 quia
1660 3967 1951 4016 Dialectica
1986 3965 2152 4017 fertur
2185 3967 2398 4018 inventa
2420 3983 2451 4018 a
2474 3971 2575 4019 Ze-

1506 4057 1663 4106 none,
1681 4044 1769 4108 qui
1785 4043 1923 4108 quod
1946 4050 2089 4092 ortus
2110 4043 2178 4093 sit
2208 4058 2274 4093 ex
2305 4045 2451 4101 Elea,
2488 4059 2576 4094 vo-

1507 4126 1661 4169 catur
1704 4120 1929 4170 Eleates.
1995 4120 2091 4168 Est
2129 4133 2253 4168 vero
2281 4120 2432 4181 Elea,
2452 4133 2572 4169 auc·

1510 4201 1630 4245 tore
1660 4195 1920 4246 Strabone
1941 4196 1978 4246 Ι.
2001 4208 2080 4244 vr.
2117 4194 2305 4244 civitas
2330 4195 2571 4246 Lucania

1509 4286 1543 4323 a
1573 4269 1936 4328 Phocensihus
1969 4269 2197 4333 condita,
2236 4268 2569 4320 Parmenidis
