3049 4928
624 427 934 476 1301?an
987 427 1084 476 DE
1133 427 1445 484 consul..
1496 428 1944 480 rumosorn.
1995 431 2138 480 Lm.
2185 429 2264 482 ΙΙ.

337 563 587 617 ¹Semina
619 569 704 632 qui
740 571 942 621 arcanis
976 571 1239 636 stringens
1277 587 1405 638 pug-

342 644 521 692 nantia
564 644 770 707 vinclis,
820 647 1205 714 complexuque
1258 664 1405 700 sacro

333 719 557 770 -dissona
599 737 729 773 nexa
774 722 952 775 fovest
1011 727 1249 791 Namque
1301 728 1404 776 ele-

340 799 519 846 metsta
541 798 670 860 ligas
695 799 906 862 vicibus,
938 802 1282 867 mundumque
1303 819 1405 855 ma·

343 873 498 921 ritas:
542 874 712 939 Atque
752 891 925 926 auram
957 880 1140 928 mentis
1175 881 1404 944 corpori-

344 948 446 998 bus
472 950 661 1000 socias.
706 952 926 1003 Foedere
957 942 1272 1018 complacito
1308 955 1404 1005 sub

345 1038 448 1087 qno
466 1025 669 1075 Natura
694 1028 931 1092 jugatur,
962 1031 1125 1080 Sexus
1160 1033 1405 1083 concilias

343 1108 400 1152 et
419 1101 513 1151 sub
537 1117 712 1154 amore
730 1104 923 1156 fidem?
987 1109 1135 1157 Idem.

412 1178 586 1227 Foedus
624 1187 897 1245 perpetuum
945 1186 1127 1249 tenent]
1194 1187 1404 1236 Lucret.

340 1252 433 1304 lib.
476 1261 524 1305 5.
591 1259 606 1284 ‘
638 1257 816 1307 Doceo
850 1259 1002 1308 dictis
1045 1275 1147 1324 quo
1189 1273 1404 1326 quaeque

340 1336 525 1379 creata
565 1331 781 1382 Foedere
824 1334 946 1394 siut,
992 1349 1087 1384 nec
1141 1351 1292 1401 quam
1335 1339 1405 1387 sit

342 1405 536 1457 durare
576 1424 865 1473 necessum,
907 1413 1022 1462 Nec
1065 1413 1262 1462 validas
1305 1416 1403 1463 aevi

343 1482 555 1532 valeant
578 1485 871 1537 rescindere
893 1488 1072 1552 leges!
1107 1491 1256 1542 Idem.

408 1559 585 1609 Phoebe
622 1563 837 1613 noctibus
880 1565 1100 1631 imperet]
1166 1567 1405 1619 Laetant.

342 1635 412 1688 de
436 1636 524 1685 Ira
556 1639 681 1700 Dei,
711 1654 829 1704 cap.
870 1645 951 1691 18.
983 1642 1000 1671 ‘
1023 1644 1168 1692 Luna
1203 1659 1403 1709 quoque

341 1718 585 1767 nocturni
639 1720 889 1783 temporis
945 1721 1295 1784 gubernatrix,
1349 1728 1406 1772 et

343 1796 517 1844 amissi
533 1809 594 1845 ac
611 1798 805 1861 recepti
823 1797 1026 1847 luminis
1045 1799 1243 1848 vicibus
1262 1814 1402 1849 men-

340 1876 489 1919 strua
511 1873 689 1935 spacia
711 1873 1026 1936 moderatur,
1064 1881 1118 1924 et
1140 1890 1305 1925 caecas
1326 1884 1404 1926 te·-

342 1946 519 1995 nebris
536 1949 864 1999 horrentibus
885 1957 1067 2000 noctes
1081 1952 1278 2016 fulgore
1296 1968 1403 2004 suoe

340 2023 601 2074 claritatis
632 2026 878 2091 illustrat,
911 2034 970 2078 ut
1003 2029 1185 2077 aestiva
1217 2030 1404 2081 itinera

342 2106 401 2150 et
421 2103 785 2166 expeditiones
823 2112 879 2155 et
914 2120 1076 2170 opera
1095 2107 1204 2156 sine
1228 2108 1405 2158 labore

340 2192 406 2227 ac
427 2179 669 2229 molestia
691 2180 872 2232 confici
897 2183 1137 2246 possint.’
1171 2183 1320 2235 Idem.

406 2256 615 2306 Avidum
634 2258 782 2321 mare]
816 2259 1027 2310 Lucret.
1060 2259 1151 2309 lib.
1171 2274 1207 2312 1.
1244 2263 1259 2291 ‘
1281 2260 1402 2316 Effi-

339 2332 419 2384 cit
458 2340 515 2383 ut
555 2335 723 2399 longis
759 2336 966 2386 avidum
1007 2352 1148 2387 mare
1181 2336 1403 2391 fluminis

339 2409 497 2464 undis
514 2409 794 2475 Integrent
814 2413 1025 2464 amnes!
1062 2414 1211 2466 Idem.

414 2487 695 2553 certesiae]
731 2488 976 2553 Propert·
1003 2490 1037 2540 Ι.
1072 2505 1157 2540 m.
1182 2494 1330 2558 Eleg.
1351 2498 1403 2544 4.

339 2577 422 2612 vs.
442 2567 523 2613 69.
575 2565 745 2614 ‘Suos
782 2564 909 2614 fines
948 2566 1105 2616 altum
1128 2582 1229 2617 nou
1252 2575 1406 2619 exeat

337 2639 558 2703 aequor.'
593 2640 743 2691 Idem.

411 2715 561 2771 Latos
577 2719 775 2767 tundere
796 2719 1044 2783 terminos]
1075 2722 1178 2772 Ms.
1202 2720 1403 2772 Erfurt.

342 2797 401 2845 et
437 2793 575 2844 Edit.
611 2794 813 2844 Norim.
857 2796 1004 2846 Latos
1030 2800 1219 2852 tendere
1241 2799 1408 2848 termi-

341 2886 445 2922 nos.
510 2871 744 2923 Alteram
771 2883 943 2924 tamen
982 2878 1258 2926 lectionem
1297 2893 1404 2927 rec-

343 2955 453 2998 tam
499 2964 631 3012 esse,
673 2953 838 3015 probo
888 2954 1030 3003 hisce
1073 2954 1262 3003 Tibull.
1315 2955 1408 3004 lib.

338 3036 408 3073 ιι.
444 3025 592 3089 Eleg.
625 3030 675 3077 4.
721 3029 736 3055 ‘
761 3028 953 3077 Cautes
985 3029 1206 3078 obnoxia
1239 3031 1407 3078 ventis

343 3099 616 3165 Naufraga
636 3118 785 3168 qnam
824 3105 955 3154 vasti
991 3104 1232 3155 tunderet
1270 3106 1408 3155 unda

341 3177 537 3227 maris.’
584 3179 838 3229 Minutius
863 3182 1040 3232 Felix:
1077 3184 1092 3210 ‘
1117 3183 1201 3232 Ibi
1226 3198 1407 3233 arenas

344 3253 587 3318 extimas,
619 3256 760 3306 velut
795 3263 1055 3308 sterneret
1093 3260 1408 3323 ambulacro,

343 3326 666 3391 perfundens
681 3332 793 3380 ,leni
818 3347 943 3382 aura
956 3333 1242 3384 tundebat.’
1272 3334 1405 3383 Pru-

347 3404 555 3455 dentius
612 3406 815 3457 Catbm.
874 3408 1083 3472 Hymno
1136 3413 1186 3460 ⁷.
1249 3413 1265 3440 ‘
1290 3411 1408 3461 Qua

344 3483 687 3532 murmuranti
736 3482 839 3532 fine
886 3482 1076 3533 finctus
1131 3482 1407 3548 frangitur,

2410 416 2541 484 481

1481 587 1687 637 quoque
1706 572 1924 637 longaevi
1946 569 2253 638 praestantes
2274 569 2550 625 laudibus?

1487 651 1662 703 Vallia.

1548 729 1650 778 Hic
1670 730 1867 789 sifrena
1882 727 2141 791 remiserit]
2173 727 2425 778 Phaedrus
2441 731 2477 779 l.
2496 735 2545 779 1.

1480 804 1609 855 Fab.
1648 810 1696 856 2.
1761 806 2130 869 ‘Frenumque
2174 804 2333 853 solvit
2374 805 2547 867 pristi-

1480 891 1598 928 num
1639 880 1888 932 licentia!
1939 880 2095 931 Silius
2140 880 2231 931 lib.
2274 894 2312 931 r.
2376 881 2544 932 ‘Haec

1481 963 1747 1022 postquam
1791 957 1951 1022 Tyrio
1992 965 2175 1020 gentes
2217 971 2419 1007 cessere
2461 966 2543 1022 ty·-

1480 1048 1660 1096 ranno,
1680 1035 1852 1100 thue
1876 1035 1985 1084 dati
2007 1049 2175 1084 rerum
2199 1032 2370 1085 freni?
2403 1035 2543 1085 Hinc

1477 1111 1493 1136 ‘
1520 1111 1783 1174 Frenare,'
1818 1126 1911 1174 pro
1944 1125 2142 1175 regere.
2186 1112 2300 1160 Val.
2328 1111 2545 1161 Flaccus

1476 1187 1569 1237 lib.
1613 1200 1652 1237 1.
1720 1188 2087 1237 ‘Haemoniam
2135 1188 2313 1250 primis
2368 1188 2545 1237 Pelias

1478 1261 1718 1311 frenabat
1763 1264 1827 1311 ab
1872 1264 2036 1325 annis,
2085 1264 2204 1315 Jam
2259 1265 2447 1327 gravis,
2490 1271 2546 1312 et

1477 1338 1660 1403 longus
1712 1341 1914 1404 populis
1972 1338 2180 1390 metus.’
2269 1341 2451 1390 Senec.
2489 1342 2543 1389 iu

1478 1415 1690 1476 Medea,
1717 1431 1789 1464 vs.
1823 1420 1870 1466 8.
1938 1418 1954 1444 ‘
1978 1418 2214 1479 Quaeque
2236 1416 2542 1466 domitorem

1480 1489 1604 1540 freti
1641 1492 1847 1557 Tiphyn
1884 1508 2069 1543 novam
2091 1492 2298 1542 frenare
2320 1493 2545 1543 docuisti

1480 1568 1681 1617 ratem.'
1745 1570 1810 1618 In
1857 1570 2241 1634 Agamemnone
2301 1584 2374 1618 vs.
2428 1573 2544 1619 201.

1478 1645 1493 1673 ‘
1518 1646 1736 1709 Regina,
1766 1645 1914 1696 frena
1950 1653 2131 1706 temet,
2154 1652 2210 1695 et
2232 1645 2355 1695 siste
2379 1646 2543 1709 impe·

1480 1722 1603 1773 tus.’
1638 1723 1809 1775 Sitzm.

1544 1798 1757 1862 Bellum]
1795 1798 2088 1849 cassiodor.
2106 1811 2146 1847 1.
2163 1800 2288 1848 Var.
2304 1802 2387 1847 80.
2422 1797 2544 1846 ‘In-

1482 1881 1564 1923 ter
1599 1876 1739 1938 ipsos
1776 1875 2118 1936 adversarios,
2157 1882 2216 1924 ut
2249 1875 2415 1936 scitis,
2440 1889 2543 1923 non

1480 1958 1631 2000 erant
1674 1952 1818 2016 prius
1865 1960 2062 2002 armata
2104 1952 2404 2014 certamina,
2450 1952 2543 2001 sed

1478 2029 1664 2092 pugnis
1686 2043 1760 2090 se,
1785 2029 2071 2093 quamlibet
2088 2027 2309 2090 fervida,
2329 2029 2548 2078 lacesse·

1479 2104 1570 2154 bat
1594 2105 1830 2155 intentio.
1898 2105 2051 2155 Unde
2073 2111 2129 2154 et
2152 2119 2325 2168 pugna
2356 2119 2544 2154 nomen

1479 2181 1705 2244 accepit.
1773 2181 1967 2231 Postea
1999 2183 2156 2231 Belus
2187 2180 2417 2230 ferreum
2440 2181 2545 2242 gla-

1480 2257 1618 2308 dium
1654 2259 1850 2322 primus
1883 2259 2146 2323 produxit,
2169 2274 2201 2309 a
2221 2273 2322 2323 quo
2357 2263 2412 2307 et
2435 2258 2544 2307 bel-

1477 2333 1580 2382 lum
1607 2335 1800 2398 placuit
1823 2334 2111 2387 nominari.’
2145 2335 2298 2385 Idem.

1541 2411 1750 2474 Populos
1787 2426 1963 2476 quoque
2000 2413 2202 2460 Junctos
2224 2411 2423 2471 foedere
2439 2426 2548 2460 cou-

1477 2486 1626 2549 tinee]
1670 2489 1869 2537 Seneca
1901 2490 1954 2537 in
1988 2489 2183 2538 Medea
2215 2487 2280 2536 de
2304 2490 2545 2540 Venere:

1478 2565 1495 2593 ‘
1521 2564 1652 2615 Qum
1694 2565 1787 2613 das
1834 2565 2098 2628 belligeris
2139 2563 2338 2613 foedera
2376 2565 2543 2626 genti-

1478 2638 1612 2689 bus.'
1675 2641 1796 2689 Huc
1835 2641 2063 2703 pertinet
2104 2640 2415 2689 exclamatio
2461 2640 2549 2689 illa

1480 2715 1592 2763 Silii
1636 2716 1828 2778 Italici,
1892 2716 2022 2765 libro
2085 2729 2215 2766 xut.
2283 2716 2301 2743 ‘
2324 2715 2547 2764 Foedera

1480 2793 1723 2841 mortales
1746 2807 1811 2840 ue
1835 2807 1974 2840 soevo
1998 2793 2221 2854 rumpite
2259 2790 2420 2852 fetro,
2441 2791 2544 2839 Sed

1482 2877 1680 2919 castam
1725 2877 1929 2918 servate
1971 2868 2164 2917 fidem:
2227 2865 2545 2928 fulgentibus

1482 2951 1624 2994 ostro
1648 2946 1779 2995 Haec
1803 2945 1978 3008 potior
2002 2943 2194 3006 regnis.
2258 2943 2436 2991 Dubio
2457 2945 2549 3006 qui

1482 3021 1727 3086 frangere
1768 3035 1937 3070 rerum
1974 3019 2239 3070 Gaudebit
2280 3024 2451 3082 pacta,
2484 3034 2547 3067 ac

1484 3106 1668 3147 tenues
1692 3113 1814 3162 spes
1857 3098 2091 3162 linquere
2121 3096 2292 3155 amici,
2327 3094 2445 3143 Nou
2473 3094 2547 3143 illi

1482 3174 1685 3236 domus,
1709 3182 1796 3222 aut
1821 3174 2033 3236 conjux,
2055 3180 2144 3221 aut
2182 3173 2290 3221 vita
2314 3170 2550 3220 manebit

1482 3251 1723 3315 Unquam
1747 3264 1936 3310 expers
1977 3250 2164 3312 luctus,
2196 3248 2547 3311 lacrimaeque,

1482 3335 1604 3390 aget
1629 3341 1835 3392 aequore
1857 3340 2062 3389 semper
2096 3326 2178 3375 Ac
2205 3326 2392 3377 tellure
2427 3337 2549 3387 pre-

1480 3418 1645 3466 mens,
1669 3411 1792 3468 aget
1825 3417 2018 3466 aegrum
2049 3410 2202 3452 nocte
2226 3402 2415 3468 dieque
2441 3402 2546 3459 De-

1481 3487 1666 3544 specta
1708 3496 1769 3531 ac
1809 3482 1999 3530 violata
2029 3479 2193 3530 fides:
2229 3479 2343 3529 adit
2373 3480 2549 3535 omnia

340 3557 617 3623 salsosque
651 3558 877 3609 candens
914 3574 1097 3624 spuma
1118 3561 1289 3610 tundit
1315 3576 1406 3625 pu·
1473 3559 1688 3623 jamque
1709 3557 1940 3607 Concilia
1963 3564 2017 3607 et
2048 3571 2249 3605 mensas
2272 3555 2549 3618 contingit,

346 3635 545 3685 mices!
578 3636 728 3695 Idem·

413 3711 543 3760 Goelo
563 3711 842 3774 imperitans
858 3712 1012 3776 mor]
1047 3714 1109 3763 In
1132 3716 1303 3764 animo
1319 3716 1409 3764 ha·

342 3785 463 3836 buit
487 3800 664 3836 versus
686 3787 801 3836 illos
833 3789 1188 3852 Empedoclis,
1212 3791 1298 3855 qui
1322 3805 1409 3840 ex·

344 3871 490 3915 stant
523 3866 592 3915 in·
613 3866 758 3916 Corn.
792 3866 1045 3930 Simplicii
1086 3868 1149 3916 ad
1183 3882 1221 3919 1.
1247 3868 1411 3933 Phys.

345 3942 533 4007 quibus
572 3943 745 3992 omnia
788 3943 1020 3993 coelestia
1062 3942 1409 4010 inferioraque

342 4020 457 4084 regi
484 4027 893 4084 temperamento
923 4020 1011 4069 illo
1041 4022 1129 4079 τῆς
1151 4021 1313 4084 φιλίας
1333 4022 1412 4072 καὶ

340 4098 431 4146 τοῦ
462 4097 636 4147 νείκους
671 4097 687 4125 ‘
713 4096 899 4146 amoris
938 4112 999 4146 ac
1042 4097 1173 4147 litis’
1207 4099 1407 4149 scribit.

340 4176 359 4204 ⁴
385 4174 533 4223 Coelo
558 4173 859 4237 imperitans
881 4173 1055 4222 amor!
1121 4173 1265 4222 Deos
1285 4189 1407 4239 quo-

341 4264 465 4316 que,
503 4251 674 4316 inquit
706 4252 812 4314 ille,
846 4265 987 4299 amor
1023 4250 1170 4314 ligat.
1235 4250 1325 4300 Kal
1353 4269 1408 4301 τε

344 4325 441 4383 θεοὶ
480 4326 776 4387 annexarum
810 4329 969 4386 τιμῆσι
1004 4325 1228 4392 φέριστοι.
1270 4329 1287 4358 ‘
1313 4328 1405 4377 Dii

477 4403 653 4470 Daph.
668 4411 714 4457 et
739 4404 851 4459 γαν.
877 4408 1006 4457 Clas.

1372 4406 1548 4458 Baetra.

1482 3643 1541 3686 et
1574 3636 1753 3686 abdita
1788 3636 1943 3697 nube,
1981 3633 2366 3697 Accumbitque
2399 3633 2549 3693 toris,
2579 3699 2584 3705 ‚

1480 3714 1829 3777 epulaturque
1854 3711 2092 3775 improba
2129 3710 2371 3774 Erinnys.
2419 3709 2550 3772 Ipsa
2604 3736 2609 3739 ·

1484 3791 1641 3841 etiam
1666 3790 1851 3853 Stygio
1875 3788 2166 3852 spumantia
2197 3786 2389 3850 pocula
2421 3784 2553 3835 tabo

1484 3867 1736 3928 Pori-igit,
1759 3872 1815 3914 et
1848 3865 1991 3927 large
2031 3876 2208 3926 poenas
2250 3863 2548 3925 lethumque

1483 3939 1787 3990 ministrat!
1821 3940 1972 3990 laem.
2456 3968 2461 3973 ·

1549 4016 1653 4065 Hic
1667 4014 1738 4076 et]
1773 4016 1855 4066 Ita
1881 4014 2150 4067 Claudian.
2184 4013 2434 4074 deride,
2457 4013 2548 4063 lib.

1484 4104 1552 4141 ιι.
1594 4091 1662 4139 de
1706 4091 1967 4140 Laudibus
2009 4090 2295 4152 stiliconis,
2348 4105 2422 4139 vs·
2464 4094 2547 4141 38.

1482 4174 1499 4201 ‘
1524 4173 1660 4221 Haec
1696 4177 1752 4220 et
1785 4171 2038 4222 amicitias
2074 4172 2228 4233 longo
2268 4177 2385 4234 post
2419 4179 2546 4223 tem·

1484 4262 1612 4312 pore
1639 4247 1832 4306 firmat,
1871 4251 2230 4314 Mansuroque
2269 4248 2546 4297 adamante

1482 4325 1648 4389 ligat?
1686 4326 1836 4376 Idem.

2295 4407 2326 4452 2
2362 4403 2419 4457 H
