3049 4928
970 473 1487 523 rumosopnm
1539 474 1685 524 mn.
1731 477 1814 523 11.
2345 458 2476 524 213

284 619 501 699 Tullii,
530 621 708 686 sicut
751 620 900 706 ipse
939 621 1236 705 quodam
1262 622 1449 687 loco*
1496 622 1852 706 significat,
1897 621 2184 687 nondum
2208 621 2469 689 Cauca-

280 742 414 787 sum
457 729 749 787 montem
804 724 1137 789 Romanae
1186 724 1579 807 reipublicae
1627 726 1811 789 fama
1858 727 2373 803 transcenderat,
2405 729 2471 792 et

279 831 409 890 erat
463 831 618 890 tunc
678 825 962 905 adulta,¹‘
1018 826 1290 892 Parthis
1341 829 1571 906 etiam,
1618 830 1990 912 ceterisque
2047 828 2115 892 id
2167 831 2468 894 locorum

277 928 567 1008 gentibus
598 928 1062 994 formidolosa.
1149 929 1454 995 Videsne
1504 932 1706 1012 igitur
1756 951 1962 1025 quam
2017 934 2104 997 sit
2156 938 2460 1014 angusta,

275 1049 463 1111 quam
493 1051 884 1116 compressa
913 1033 1128 1114 gloria
1155 1052 1358 1116 quam
1380 1043 1406 1069 0
1452 1052 1826 1115 propagare
1858 1053 1938 1097 ac
1970 1033 2245 1098 dilatare
2266 1042 2318 1084 ¹⁹
2358 1035 2458 1098 la-

271 1131 564 1199 boratis‘?
659 1133 771 1199 An
814 1136 929 1199 ubi
976 1135 1266 1200 Romani
1311 1136 1602 1199 nominis
1658 1137 1938 1200 transire
1981 1136 2164 1200 fama
2210 1137 2461 1219 nequit,

271 1232 553 1300 Romani
581 1237 870 1303 hominis
905 1239 1116 1321 gloria
1144 1240 1646 1323 progredietur?
1720 1238 1924 1316 Quid,
1957 1238 2135 1321 quod
2158 1238 2456 1304 diversa-

268 1356 400 1401 rum
422 1340 722 1420 gentium
748 1350 1010 1408 mores⁰
1053 1342 1218 1407 inter
1265 1361 1362 1418 se,
1410 1349 1614 1423 atque
1666 1341 1971 1405 instituta
2022 1340 2453 1421 discordant3

266 1443 331 1502 ut
351 1440 529 1523 quod
560 1444 748 1527 apud
778 1445 949 1509 alios
978 1444 1195 1522 laude,
1229 1444 1414 1527 apud
1445 1444 1617 1507 alios
1657 1442 1993 1526 supplicio
2044 1441 2312 1524 dignum
2347 1444 2456 1527 ju-

268 1540 532 1610 dicetur.
625 1545 786 1625 Quo
814 1547 909 1625 fit,
954 1549 1031 1610 ut
1079 1546 1139 1609 si
1184 1565 1384 1630 quem
1441 1545 1641 1610 famae
1685 1543 2083 1628 praedicatio
2141 1543 2454 1622 delectat,

266 1642 407 1709 huic
437 1648 503 1711 in
531 1647 861 1732 plurimos
892 1650 1185 1733 populos
1213 1666 1455 1712 nomen
1487 1647 1804 1730 proferre,
1844 1647 2027 1710 nullo
2056 1645 2258 1710 modo
2290 1666 2452 1711 con·-

265 1744 468 1813 ducat.
569 1749 710 1815 Erit
751 1752 951 1834 igitur
1001 1758 1365 1835 pervagata
1391 1758 1447 1787 ²0
1490 1752 1656 1815 inter
1701 1741 1870 1814 'suos
1915 1750 2123 1831 gloria
2163 1747 2450 1832 quisque

263 1857 616 1933 contentuS,
647 1860 717 1919 et
737 1855 911 1918 intra
939 1854 1136 1918 unius
1167 1854 1380 1936 gentis
1409 1852 1725 1916 terminos
1754 1852 2079 1935 praeclara
2094 1846 2224 1913 'illa
2245 1849 2447 1915 famae

262 1947 722 2021 immortalitas
746 1957 1210 2031 coarctabitur.
1304 1955 1435 2019 Sed
1467 1974 1673 2038 quam
1702 1954 1995 2018 multosv
2038 1952 2448 2017 clarissimos

263 2054 389 2118 suis
443 2059 867 2142 temporibus
917 2059 1104 2124 viros
1159 2059 1555 2140 scriptorum
1606 2058 1801 2139 inops
1853 2054 2105 2120 delevit
2154 2055 2445 2120 oblivio!

262 2154 654 2245 Quanquam
701 2163 864 2248 quid
914 2164 1070 2248 ipsa
1115 2163 1368 2244 scripta
1403 2161 1830 2244 ⁸proficiunt,¹
1880 2179 2035 2243 quae
2094 2178 2246 2223 cum
2301 2160 2441 2223 suis

261 2265 682 2329 auctoribusv
724 2266 967 2349 premit
993 2266 1253 2348 longior
1285 2272 1483 2346 atque
1534 2266 1821 2327 obscura
1842 2261 2203 2326 vetustas?
2288 2259 2440 2325 Vos

260 2370 461 2430 autem
493 2367 1059 2435 immortalitatem
1077 2368 1272 2433 vobis
1302 2386 1676 2452 propagare
1703 2365 2040 2442 videmini,
2060 2384 2211 2428 cum
2235 2362 2443 2426 futuri

256 2462 480 2538 famam
509 2473 837 2555 temporis
867 2472 1210 2554 cogitatis,
1301 2469 1504 2548 Quod
1535 2471 1595 2532 si
1624 2469 1711 2533 ad
1742 2467 2129 2533 aeternitatis
2176 2464 2442 2531 infinita

256 2572 463 2650 spatia
490 2580 911 2656 pertractes:
929 2574 1094 2658 quid
1122 2575 1327 2638 habes
1357 2573 1539 2655 quod
1563 2571 1648 2635 de
1676 2573 1775 2634 tui
1802 2571 2085 2633 nominis
2116 2568 2439 2633 diuturni-

262 2672 385 2736 tate
410 2676 711 2741 laeteris‘?
797 2676 1020 2742 Unius
1046 2676 1224 2739 enim
1245 2682 1270 2710 ²
1315 2692 1502 2738 mora
1531 2674 1865 2750 momenti,
1890 2674 1949 2736 si
1982 2673 2209 2734 decem
2238 2671 2438 2735 milli-

1005 2856 1034 2880 ¹⁸
1069 2847 1282 2895 Romana
1317 2843 1591 2907 respublica.
1720 2851 1744 2875 ¹²
1785 2842 1879 2892 Vos
1910 2840 2133 2891 homines.
2260 2849 2295 2874 ¹⁶
2329 2841 2437 2889 Non

1033 2920 1059 2943 ²
1081 2910 1310 2971 Proferas
1331 2909 1623 2968 conferendo.

1151 3021 1508 3042 OOOOOOOOOOOO

252 3086 301 3130 et
312 3083 442 3136 Vict.
458 3094 708 3152 uterque:
743 3088 948 3137 dilatare
962 3104 1018 3138 ac
1031 3091 1443 3152 propagare.—-20
1466 3087 1568 3137 Ms.
1595 3085 1845 3135 Rittersh.
1867 3085 2257 3149 pervulgata—i
2281 3081 2432 3131 Idem

251 3147 353 3199 cod.
367 3153 614 3213 proferant
635 3153 756 3203 edd.
778 3153 975 3217 Delph.
1000 3163 1056 3205 et
1079 3153 1255 3204 Hack.
1279 3152 1648 3217 proficiant.—2
1689 3152 1839 3200 Unius
1871 3151 2044 3200 etenim
2072 3149 2192 3199 edd.
2222 3149 2434 3198 eaedem.

1227 3267 1440 3319 NOTAE

307 2845 322 2873 ⁸
348 2844 402 2891 In
419 2848 600 2897 somnio
622 2845 875 2910 Scipionis.

252 2920 368 2957 secus
386 2926 440 2959 ac
457 2927 566 2963 suos
589 2918 816 2965 auctores.

249 3356 359 3410 illud
396 3369 551 3416 terrae
590 3365 836 3417 habitatae
894 3375 1141 3432 punctum
1179 3373 1291 3418 tan·

256 3439 351 3484 tum
373 3447 470 3503 est,
501 3447 563 3491 ut
586 3440 652 3490 ad
685 3442 832 3506 illud,
855 3457 920 3492 ne
954 3442 1154 3492 urbium
1179 3443 1291 3508 qui·

248 3505 350 3560 dem
372 3515 840 3579 celeberrimarum,
856 3516 995 3567 fama
1018 3520 1289 3582 pervenire

252 3595 410 3646 queat.
467 3592 484 3619 ‘
510 3593 648 3642 Nam
672 3607 740 3642 ex
759 3594 840 3642 his
864 3593 992 3658 ipsis
1016 3594 1169 3643 cultis
1204 3608 1290 3642 no-

249 3661 397 3727 tisque
421 3668 611 3731 terris‚’
643 3669 810 3736 inquit
841 3672 1044 3720 Tullius
1079 3672 1131 3721 in
1156 3687 1290 3722 som·

247 3735 320 3785 nio
357 3741 627 3808 Scipionis,
667 3746 685 3774 ⁴
709 3760 829 3795 num
880 3755 965 3797 aut
1011 3755 1156 3798 tunm
1196 3756 1287 3799 aut

249 3813 525 3880 cujusquam
550 3827 782 3871 nostrum
803 3837 990 3873 nomen
1003 3826 1138 3874 ultra
1153 3825 1286 3874 Cau-

247 3897 588 3965 casumimnc,
607 3913 758 3963 quem
793 3902 982 3966 cernis,
1019 3909 1284 3952 transcen-

249 3963 356 4016 dere
378 3974 566 4035 potuit,
589 3976 674 4023 vel
698 3976 839 4025 illum
864 3977 1099 4042 Gangem
1117 3986 1281 4029 trans·

249 4048 412 4095 natare
434 4047 470 4095 ?'
537 4050 636 4099 Est
654 4057 828 4101 nutem
854 4052 1116 4103 Caucasus
1139 4070 1284 4104 mons

253 4112 397 4182 Asiae,
415 4121 550 4172 inter
570 4130 713 4174 mare
746 4127 1005 4178 Euxinum
1030 4130 1288 4194 etCaspi·

256 4203 348 4256 um,
368 4199 514 4262 vulgo
537 4201 681 4250 Mont
703 4204 761 4251 de
786 4203 1040 4255 Cir-cassio.

307 4276 328 4299 ⁶
384 4274 528 4339 Quid,
573 4280 692 4341 quod
733 4279 1023 4330 diversarum
1072 4283 1288 4344 gentium
1344 4296 1351 4297 ’

260 4352 522 4416 marcam]
538 4354 784 4421 Denique
816 4358 1047 4420 quamvis
1087 4365 1288 4408 tantum

1372 3364 1510 3416 foret
1548 3365 1765 3428 alicujus
1786 3379 1988 3428 nomen,
2018 3365 2117 3413 hoc
2155 3368 2213 3412 ut
2247 3374 2429 3425 perve-

1372 3444 1482 3492 nire
1505 3452 1682 3504 posset
1700 3442 1766 3491 ad
1787 3457 1966 3491 omnes
1991 3440 2164 3491 mundi
2190 3439 2428 3503 populoS,

1370 3534 1471 3569 non
1510 3527 1791 3582 propterea
1821 3519 2052 3583 ejusdem
2087 3518 2252 3583 gloria
2283 3522 2430 3565 tanta

1371 3603 1533 3646 esset:
1557 3597 1794 3660 quoniam
1806 3595 1941 3660 quod
1962 3595 2100 3658 apud
2119 3594 2246 3642 alios
2260 3591 2430 3654 laude,

1368 3671 1421 3720 id
1447 3671 1586 3735 apud
1608 3672 1734 3720 alios
1763 3671 2018 3737 supplicio
2056 3670 2268 3734 dignum
2289 3667 2430 3731 judi-

1368 3755 1517 3797 catur
1542 3764 1554 3797 τ
1592 3747 1730 3813 quod
1755 3749 1992 3797 nimirum
2024 3746 2203 3811 populi
2234 3745 2426 3809 praeju-

1368 3823 1517 3873 diciis
1536 3825 1710 3888 potius
1734 3829 1789 3873 et
1810 3823 2249 3887 praecipitatione,
2272 3834 2424 3885 quam

1366 3898 1600 3948 evidenti
1624 3900 1822 3948 ratione
1857 3899 2003 3948 ducti
2031 3898 2311 3962 judicent:
2347 3897 2425 3944 sic

1364 3989 1482 4040 qnae
1528 3975 1682 4025 nobis
1725 3976 1939 4038 placent
1994 3983 2187 4036 vesteS,
2231 3973 2422 4036 epulae,

1368 4059 1631 4102 ceteraeve
1654 4052 1836 4115 agendi
1862 4050 2205 4114 patiendique,
2225 4047 2426 4108 formae,

1367 4129 1449 4178 hae
1474 4128 1672 4178 exteris
1707 4127 2005 4178 nationibus
2030 4125 2313 4190 displicent
2333 4138 2428 4172 sae·

1407 4220 1504 4256 nus-

1368 4219 1401 4268 Ρ
1432 4287 1459 4320 ¹³
1495 4281 1653 4336 Quam
1688 4280 1876 4344 multos,
1914 4276 2021 4340 ξω]
2065 4289 2145 4325 xv,
2186 4272 2422 4323 Philoso-

1369 4358 1490 4424 phia
1542 4357 1825 4423 subjungit,
1881 4355 2186 4422 praedictam
2231 4351 2417 4403 famam
