3049 4928
562 364 698 452 570,
1226 378 1613 430 nscsnsus
1665 379 2089 431 snrrronum

563 526 869 590 comentfi
899 534 978 586 cu
1009 521 1435 605 expositione
1460 523 1744 588 feliciter
1773 523 2052 609 incipit?
2137 522 2224 590 Et
2271 525 2338 590 in
2380 526 2509 591 fine
2546 526 2736 612 hujus

559 624 835 707 legitur:
922 622 1032 687 hic
1091 623 1260 688 liber
1310 624 1545 689 Boecii
1604 624 1688 689 de
1755 625 2126 691 osolatione
2188 627 2620 714 philosophie
2677 631 2742 694 in

563 731 753 791 textu
782 725 994 791 latina
1023 725 1462 809 alemanicaq³
1494 726 1717 809 lingua
1740 726 2020 792 refertus
2051 747 2134 794 ac
2162 731 2466 794 translat⁹
2503 750 2638 794 una
2666 741 2741 794 cu

565 834 899 912 apparatu
939 834 1010 893 et
1058 828 1485 911 expositione
1528 829 1710 892 beati
1751 828 2012 894 Thome
2057 830 2141 894 de
2173 828 2448 913 Aquino
2494 831 2744 896 ordinis

565 930 1060 1015 predicatorum
1105 929 1248 994 finit
1291 929 1575 994 feliciter
1618 948 1798 994 anno
1843 930 2097 995 domini
2141 949 2427 997 M.cccc.
2460 948 2747 1010 nxxm,

567 1047 837 1097 xxuu.
864 1032 1111 1096 mensis
1145 1030 1190 1096 J
1196 1031 1338 1095 ulii.
1433 1029 1756 1098 Condidit
1793 1033 1924 1098 hoc
1967 1034 2140 1098 civis
2179 1034 2418 1098 alumis
2460 1034 2747 1098 Nurem-

563 1134 904 1216 bergensis
950 1144 1124 1218 opus
1169 1141 1308 1199 arte
1355 1154 1481 1200 sua
1511 1133 1851 1201 Antonius
1899 1134 2283 1219 Coburger.'
2369 1134 2458 1199 Et
2499 1136 2748 1202 mediat

563 1240 797 1304 folium
827 1241 1049 1305 album
1075 1241 1244 1305 inter
1273 1241 1635 1306 secundam
1664 1248 1919 1327 partem
1961 1262 2115 1326 quae
2143 1242 2382 1325 incipit
2406 1242 2610 1307 titulo
2640 1262 2747 1306 su-

564 1361 689 1426 pra
714 1342 950 1407 relato.
1003 1342 1083 1406 In
1111 1342 1239 1407 hac
1269 1344 1698 1425 praemittitur
1722 1350 1944 1409 textus
1974 1342 2248 1409 Boethii
2276 1363 2432 1428 pars
2449 1344 2746 1420 metrica,

565 1450 635 1508 et
663 1446 960 1528 sequitur
988 1445 1367 1510 alternatim
1398 1444 1544 1528 ejus
1574 1446 1789 1510 versio
1818 1444 2236 1511 Germanica.
2303 1444 2589 1529 Absque
2609 1445 2747 1508 ulla

565 1547 1053 1630 subscriptione
1083 1547 1470 1611 terminatur
1488 1546 1658 1610 folio
1689 1565 1882 1611 verso
1905 1547 2032 1611 hac
2061 1547 2271 1611 linea:
2305 1550 2326 1581 ‘
2345 1546 2576 1611 Boetii
2607 1545 2748 1630 phi-

500 1731 510 1741 ·
562 1648 914 1732 Iosophice
963 1649 1440 1714 consolationis
1489 1649 1664 1714 liber
1713 1651 1991 1732 quintus
2041 1647 2370 1732 explicit!
2459 1647 2550 1712 Et
2600 1648 2748 1713 haec

563 1751 801 1816 ultima
828 1753 1073 1836 pagina
1099 1752 1303 1817 habet
1330 1753 1437 1818 47.
1467 1753 1700 1817 lineaS.
1787 1752 2033 1816 Primae
2064 1752 2240 1834 parti
2262 1750 2750 1835 praemittuntur

565 1869 635 1915 v.
664 1854 831 1919 folia
870 1854 1134 1934 indiciS,
1179 1862 1248 1920 et
1292 1856 1492 1940 hujus
1541 1855 1806 1940 paginae
1845 1855 1913 1918 in
1957 1854 2302 1919 columnas
2350 1852 2748 1930 dividuntur,

563 1974 700 2017 non
747 1956 848 2019 ita
893 1976 1048 2021 vero
1099 1958 1169 2022 in
1218 1959 1534 2022 secunda.
1622 1956 1820 2022 Caret
1867 1956 2106 2038 signat.
2152 1974 2328 2019 num.
2376 1960 2445 2019 et
2491 1953 2748 2019 custod.

565 2055 926 2121 Character
952 2058 1129 2122 idem
1168 2067 1277 2123 est
1321 2079 1404 2124 ac
1432 2058 1789 2123 bibliorum
1818 2057 2017 2141 hujus
2047 2057 2323 2123 artificis
2352 2057 2506 2121 anni
2541 2053 2750 2121 14753

569 2157 748 2222 Haee
776 2157 908 2223 ille.
969 2157 1311 2223 Editiones
1333 2161 1597 2243 quidem
1621 2159 1815 2224 1473.
1845 2166 1916 2222 et
1939 2160 2128 2224 1476.
2151 2159 2331 2223 idem
2361 2166 2518 2224 sunt
2535 2177 2750 2241 opus3

565 2258 809 2323 iisdem
849 2279 1090 2344 nempe
1120 2262 1303 2346 typis
1347 2264 1730 2345 impressae:
1777 2260 2211 2345 Colophones
2244 2282 2402 2325 vero
2437 2259 2752 2344 quiddam

564 2362 848 2441 variant,
876 2383 1086 2447 neque
1115 2364 1332 2429 versio
1364 2364 1770 2429 Germanica
1797 2364 2144 2429 comitatur
2186 2363 2526 2446 exemplar
2563 2362 2753 2426 1476.

565 2459 806 2529 Ambae
837 2464 1167 2531 editiones
1198 2466 1395 2531 sunt
1377 2487 1442 2530 in
1466 2466 1894 2533 Bibliotheca
1922 2464 2387 2611 Spenceriana,
2415 2463 2752 2548 posterior

566 2565 639 2628 in
668 2567 920 2632 Museo
952 2570 1363 2634 Britannico.

652 2669 919 2734 Boethii
949 2669 1339 2737 Consolatio
1371 2670 1827 2756 Philosophiae
1856 2691 1979 2755 per
2010 2650 2313 2735 Fratrem
2341 2669 2613 2733 Bonum
2638 2667 2686 2732 J
2688 2686 2756 2731 o

563 2768 864 2849 hannem,
895 2773 1258 2856 corrigente
1285 2772 1679 2851 Venturino,
1711 2774 1947 2837 Priore
1981 2773 2290 2846 Savonae,
2323 2770 2597 2834 ditionis
2622 2769 2755 2834 Ge-

566 2874 861 2951 nuensiS,
889 2875 1080 2940 1474.
1109 2876 1244 2940 4to.
1293 2875 1454 2940 Vid.
1479 2875 1660 2940 Abb.
1691 2874 1936 2940 Mauro
1961 2875 2139 2939 Boni
2168 2875 2456 2950 Lettere‚
2482 2874 2607 2937 lib.
2641 2890 2690 2935 1.

652 2974 936 3040 Poetam
965 2977 1286 3041 celebrem
1312 2983 1619 3041 nostrum
1649 2976 1872 3043 Geoff.
1902 2974 2206 3041 Chaucer
2233 2975 2317 3039 ad
2345 2974 2613 3038 Boethii
2642 2992 2756 3037 ex-

565 3077 859 3160 emplum
886 3078 971 3142 de
1001 3077 1482 3143 Consolatione
1510 3077 1969 3162 Philosophiae
1987 3077 2226 3141 librum
2256 3074 2545 3156 Anglice
2577 3092 2759 3138 com-

570 3182 882 3262 posuisse
910 3201 1116 3265 supra
1142 3201 1211 3264 p.
1240 3179 1388 3244 564.
1419 3185 1609 3244 notat
1639 3177 2016 3243 Fabricius.
2103 3175 2343 3240 Versio
2376 3183 2505 3254 est,
2547 3177 2756 3240 omni-

566 3276 658 3344 no
712 3283 1051 3366 prosaica,
1096 3284 1429 3367 impressa
1487 3301 1530 3345 a
1577 3280 1865 3346 Caxton.
1953 3279 2097 3343 The
2142 3277 2337 3343 Boke
2385 3276 2465 3340 of
2498 3275 2757 3342 Conso-

566 3384 780 3447 lation
808 3384 885 3448 of
919 3384 1392 3468 Philosophie;
1419 3389 1558 3449 atte
1587 3387 1854 3464 request
1878 3381 1958 3445 of
1976 3401 2018 3444 a
2047 3381 2337 3462 singular
2355 3378 2600 3444 Friend
2631 3378 2758 3443 and

571 3482 824 3550 Gossib
855 3486 933 3549 of
973 3506 1167 3569 myne
1210 3487 1247 3550 I
1288 3486 1596 3550 William
1621 3485 1889 3551 Caxton
1915 3484 2090 3547 have
2121 3483 2293 3547 done
2315 3502 2430 3565 my
2454 3481 2759 3546 Debvoir

569 3586 698 3649 and
731 3585 964 3670 Payne
989 3587 1369 3671 Tenprynte
1395 3587 1471 3650 it.
1562 3587 1713 3652 Fol.
1741 3605 1798 3649 s.
1828 3605 1891 3650 a.
1939 3590 2142 3667 repet.
2172 3582 2386 3647 Lond.
2414 3581 2615 3647 1687.
2646 3582 2755 3647 fol,

571 3679 907 3766 Quaedam
937 3689 1138 3752 etiam
1169 3688 1236 3751 in
1276 3687 1614 3770 poematis
1657 3687 1801 3750 suis
1842 3706 1929 3750 ex
1976 3684 2250 3750 Boethii
2296 3682 2568 3748 Consol.
2601 3682 2757 3749 Phi·

566 3789 838 3873 losoph.
893 3790 1318 3856 adumbravit
1350 3787 1695 3868 Chaucer3
1740 3808 1799 3852 e.
1830 3808 1890 3870 g.
1923 3787 2007 3850 de
2057 3785 2648 3869 praedestinatione
2690 3786 2755 3848 in

571 3895 593 3924 ‘
615 3891 884 3955 Troilus
913 3890 1044 3955 and
1075 3889 1407 3954 Creseide'
1452 3907 1558 3955 lv,
1585 3889 1941 3954 966-1078.
1968 3908 2057 3952 ex
2087 3888 2201 3951 lib.
2236 3905 2304 3951 v,
2338 3906 2435 3970 pr.
2464 3887 2529 3952 3.
2552 3893 2628 3952 ut
2646 3906 2755 3950 no-

570 3995 746 4059 tavit
772 3993 1181 4076 Tyrwhittus
1202 3993 1271 4056 in
1299 3990 1536 4056 Gloss.
1569 3993 1656 4055 ad
1689 3989 2014 4055 Chaucer.
2040 4011 2104 4055 v.
2137 3988 2358 4052 Boece.

660 4094 852 4158 Idem
888 4114 1060 4180 opus
1101 4094 1385 4174 Gallice,
1433 4094 1833 4176 impressum
1866 4111 1909 4154 a
1939 4090 2182 4155 Colard
2215 4089 2551 4170 Mansion‚
2594 4091 2753 4154 Bru-

572 4200 676 4281 gis
707 4199 898 4262 1477.
943 4199 1061 4263 fol.
1159 4199 1319 4265 Hoc
1371 4218 1550 4281 opus
1602 4195 2019 4280 splendidum
2076 4204 2184 4261 est
2235 4197 2302 4261 in
2349 4190 2751 4261 bibliotheca

576 4301 1046 4384 Spenceriana,
1075 4306 1142 4367 et
1172 4320 1296 4367 suo
1327 4299 1528 4364 loco
1508 4319 1578 4363 m
1606 4296 1931 4380 Catalogo
1962 4294 2398 4369 describitur.
