3049 4928
511 347 664 412 ¹130.

1231 347 1536 413 noman
1590 361 1686 413 ns
1735 363 2042 413 cosson.

524 508 840 591 pulsione
869 511 1163 576 laetatur:
1197 511 1391 594 cujus
1420 513 1530 595 agi
1557 512 1835 592 fraenis:
1863 511 2070 597 atque
2099 514 2581 599 obtemperare
2586 515 2727 601 jus-

527 613 764 690 titiae,⁰
807 633 1065 680 summa
1108 615 1381 680 libertas
1412 623 1573 680 est.¹²

1659 615 1770 681 An
1803 618 2069 700 ignoras
2114 616 2300 682 illam
2328 621 2461 683 tuae
2492 618 2728 683 civita·

527 719 662 783 tis?
707 718 1245 801 antiquissimam
1273 720 1533 802 logem⁰
1577 740 1717 805 qua
1747 723 2078 785 sancitum
2109 728 2236 800 est,
2285 723 2348 787 ei
2388 720 2525 806 jus'
2565 742 2728 786 exu-

587 953 616 978 ⁸
650 944 883 1009 Hamis,
905 945 957 995 id
978 950 1071 1008 est,
1088 945 1302 1009 imperio.

1452 955 1474 979 ο
1505 946 1726 1009 Legibus.

1863 954 1893 988 Ρ
1934 948 2096 996 Roma
2129 953 2178 997 et
2209 919 2348 998 mli.⁴

1528 1078 1575 1127 N
1585 1078 1742 1128 0⁹1*AE

525 1191 720 1255 triplex
745 1191 950 1255 imperii
973 1191 1158 1252 forma,
1175 1190 1420 1241 videlicet
1438 1190 1592 1241 Prin·

524 1268 750 1333 cipatus‚
791 1270 968 1324 Status
1005 1272 1335 1333 optimatum,
1377 1275 1433 1318 et
1470 1270 1588 1319 Sta-

527 1352 612 1395 tus
648 1346 858 1410 populi:
898 1361 1016 1395 nam
1062 1347 1310 1396 ‘cunctas
1349 1348 1588 1396 nationes

525 1431 580 1472 et
616 1422 806 1488 urbes,'
857 1425 932 1474 ait
972 1425 1183 1474 Cornel.
1218 1425 1397 1474 Tacit.
1448 1423 1590 1474 Ann.

1670 1192 1746 1255 gis
1781 1193 2048 1242 voluntate
2083 1193 2211 1257 regi,
2243 1200 2256 1221 ‘
2286 1207 2485 1242 summa
2517 1193 2732 1244 libertas

1671 1279 1753 1319 est
1770 1276 1799 1319 :⁹
1843 1270 1933 1320 sed
1975 1271 2023 1320 id
2060 1270 2276 1335 longiori
2315 1269 2538 1334 quadam
2572 1271 2734 1321 inter·
2798 1329 2799 1332 Ἴ

1670 1348 1965 1412 pretatione
1989 1348 2196 1397 videtur
2219 1347 2474 1410 indigere.

1735 1430 1759 1457 ὓ
1784 1425 1931 1486 Cuius
1949 1423 2237 1487 ugisroenis‚
2255 1429 2396 1487 atque
2417 1421 2738 1486 obtemperare

522 1504 705 1553 msa.
742 1503 758 1530 ‘
782 1503 1025 1567 populus,
1062 1506 1153 1550 aut
1192 1502 1463 1566 primores,
1500 1506 1592 1550 aut
1657 1500 1886 1563 jactitas,
1916 1516 2097 1550 summu
2123 1500 2319 1550 libertas
2350 1499 2442 1563 est]
2478 1498 2742 1563 Libertas,

523 1578 712 1641 siuguli
735 1578 959 1643 regunt!
1010 1577 1359 1628 Athenienses
1380 1577 1588 1642 quidem

523 1654 589 1704 ab
624 1655 985 1718 optimatibus
1031 1656 1270 1719 primum,
1312 1670 1343 1703 a
1384 1654 1589 1719 Populo

522 1731 715 1781 deinde
754 1732 897 1795 leges
934 1738 1271 1796 acceperunt,
1312 1731 1451 1781 unde
1486 1745 1589 1781 non

522 1809 686 1858 solum
706 1809 721 1836 ‘
740 1809 1045 1873 depulsione
1066 1809 1255 1859 civium
1280 1808 1413 1857 bene
1436 1810 1588 1859 meri-

524 1890 692 1935 torum
716 1884 917 1947 laetati,'
940 1885 1032 1934 sed
1051 1884 1180 1934 mori
1201 1898 1290 1933 eos
1312 1884 1589 1950 aliquando

524 1960 755 2023 coegisse
774 1959 1025 2011 feruntur.
1065 1958 1141 2010 At
1161 1960 1388 2021 coelestis
1411 1967 1590 2011 nostra

525 2037 698 2102 patria
719 2052 886 2102 neque
909 2037 1135 2101 Populo,
1155 2050 1323 2100 neque
1347 2037 1588 2100 Optima·

524 2113 682 2177 tibus,
704 2115 797 2163 sed
819 2128 921 2163 nno
945 2114 1204 2163 duntaxat
1237 2112 1484 2177 Principe
1507 2128 1588 2163 re-

522 2192 695 2255 gitur:
730 2197 789 2241 ut
808 2191 944 2241 enim
969 2192 1043 2241 ait
1065 2191 1327 2241 Homerus
1348 2190 1501 2240 Iliad.
1533 2194 1585 2247 β.

527 2266 595 2318 εἷς
614 2266 825 2333 κοίρανος
848 2266 989 2329 ἔστω,
1011 2266 1090 2319 Εἲς
1111 2265 1351 2327 βασιλεὺς,
1370 2268 1386 2297 ‘
1413 2268 1588 2318 Herus

524 2345 709 2395 unicus
731 2352 867 2408 esto,
883 2346 1063 2395 unicus
1081 2352 1136 2395 et
1154 2342 1438 2409 princeps)
1478 2344 1588 2395 Sci·

524 2421 653 2473 licet
690 2429 748 2473 ut
786 2423 925 2473 solus
962 2422 1105 2473 Deus
1145 2429 1227 2472 est
1261 2421 1451 2472 mentis
1493 2422 1588 2472 bu·

524 2514 692 2550 manae
727 2499 985 2563 conditor,
1026 2502 1100 2549 sic
1133 2501 1271 2549 solus
1313 2501 1457 2549 Deus
1507 2506 1589 2550 est

522 2576 758 2641 ejusdem
782 2577 973 2627 mentis
992 2577 1322 2637 moderator3
1347 2583 1585 2641 propter-

522 2669 586 2704 ea
604 2657 752 2705 Deus
775 2669 813 2704 1.
834 2655 1062 2704 Timoth.
1082 2659 1131 2705 6.
1152 2661 1208 2704 et
1231 2654 1357 2704 alibi
1391 2654 1587 2705 dicitur

521 2731 537 2758 ‘
574 2746 666 2780 rex
710 2746 892 2795 regum
935 2737 991 2781 et
1037 2731 1274 2782 dominus
1317 2731 1584 2781 dominan-

523 2808 688 2858 tium?
723 2809 839 2858 Rex
864 2815 1037 2858 autem
1057 2809 1143 2858 ille
1167 2822 1441 2872 supremus
1459 2808 1474 2835 ‘
1496 2807 1585 2855 lae-

522 2892 665 2935 tatur
698 2883 993 2950 frequentia
1026 2885 1213 2934 civium
1231 2882 1268 2934 ι’
1303 2890 1587 2947 propterea

521 2963 658 3013 enim
692 2963 970 3012 humanum
1006 2977 1168 3027 genus
1191 2960 1443 3022 condidit,
1465 2975 1585 3023 per-1

519 3040 787 3106 ditumque
815 3039 1095 3102 Unigeniti
1125 3038 1219 3088 filii
1242 3043 1411 3086 morte
1436 3051 1586 3100 repa-

521 3116 655 3166 ravit
675 3133 688 3165 :
712 3116 831 3165 hinc
851 3115 1085 3165 Christus
1102 3115 1257 3166 Joan.
1278 3118 1357 3163 1⁰.
1376 3113 1391 3140 ‘
1413 3113 1586 3177 Alias,'

517 3192 706 3257 inquit,
728 3192 745 3221 ‘
766 3207 890 3242 oves
914 3191 1096 3253 habeo,
1116 3206 1231 3256 quae
1258 3205 1356 3239 non
1377 3200 1497 3240 suut
1517 3207 1584 3241 ex

518 3269 617 3318 hoc
639 3268 783 3331 ovili,
816 3276 873 3318 et
908 3268 1022 3316 illas
1058 3273 1268 3331 oportet
1305 3280 1387 3315 me
1422 3266 1584 3316 addu-

520 3359 661 3408 cere,
679 3351 735 3395 et
755 3359 936 3395 vocem
959 3359 1124 3394 meam
1161 3343 1393 3405 audient,
1414 3350 1470 3392 et
1492 3343 1586 3393 fiet

519 3437 676 3471 unum
716 3423 870 3482 ovile,
892 3428 949 3471 et
985 3435 1118 3470 unus
1153 3419 1369 3485 pastor!
1434 3419 1586 3470 Idem

520 3500 634 3548 Rex
672 3513 945 3563 supremus
980 3499 1118 3547 ‘non
1150 3498 1362 3546 laetatur
1400 3497 1584 3560 depul-

520 3576 667 3625 sione
712 3576 901 3625 civium
920 3573 955 3624 ι’
1010 3588 1127 3623 nam
1171 3588 1211 3622 1.
1260 3573 1482 3623 Timoth.
1533 3579 1585 3624 2.

517 3653 532 3680 ‘
556 3650 799 3702 Salvator
815 3657 992 3701 noster
1006 3650 1147 3700 Deus
1161 3665 1337 3700 omnes
1351 3650 1585 3700 homines

518 3728 634 3777 vult
646 3729 817 3778 salvos
838 3726 974 3789 fieri,
998 3734 1052 3778 et
1076 3727 1142 3777 ad
1162 3727 1480 3792 agnitionem
1498 3742 1583 3776 ve-

519 3805 689 3854 ritatis
706 3805 920 3856 venire!
943 3807 959 3835 ‘
974 3807 1109 3856 Vivo
1122 3821 1239 3871 ego,
1255 3805 1388 3856 dicit
1404 3805 1582 3855 Domi-

515 3895 613 3930 nus
635 3881 814 3944 Deus‚'
846 3883 1131 3932 Ezechielis
1164 3886 1247 3933 33.
1270 3882 1286 3910 ‘
1308 3883 1428 3932 nolo
1448 3896 1582 3931 mor·

520 3963 626 4007 tem
660 3958 826 4023 impii,
871 3960 964 4010 sed
1007 3966 1067 4010 ut
1112 3967 1451 4010 convertatur
1489 3959 1581 4008 im·

516 4035 633 4098 pius
669 4051 701 4085 a
734 4037 817 4086 via
855 4053 948 4087 sua
987 4046 1044 4088 et
1079 4038 1240 4087 vivat.
1310 4035 1582 4087 Converti·

515 4111 661 4176 mini,
679 4115 1043 4165 convertimini
1073 4129 1104 4163 a
1137 4113 1233 4162 viis
1251 4112 1444 4163 vestris
1469 4126 1582 4176 pes-

515 4189 689 4252 simis;
741 4198 799 4241 et
844 4204 1003 4256 quare
1052 4188 1360 4251 moriemini,
1402 4189 1619 4238 domus·

516 4264 680 4316 Israel
699 4265 735 4313 ?'
805 4265 976 4330 Hujus
1001 4264 1223 4330 denique
1260 4264 1445 4315 summi
1485 4267 1582 4315 Re·

1672 1578 1844 1642 inquit
1863 1578 2064 1627 Tullius
2090 1592 2130 1626 1.
2161 1576 2227 1626 de
2250 1575 2362 1627 Off.
2387 1584 2443 1625 et
2464 1576 2662 1625 Parad.
2682 1592 2740 1627 ν.

1671 1658 1687 1681 ⁸
1710 1663 1789 1704 est
1814 1661 2050 1719 potestas
2085 1654 2291 1705 vivendi
2327 1659 2387 1702 ut
2421 1653 2549 1703 velis
2567 1653 2601 1714 3'
2633 1668 2738 1703 non

1670 1734 1836 1783 solum
1875 1734 2214 1794 extrinsecus,
2247 1731 2470 1796 inquam,
2511 1731 2738 1781 motibus

1670 1811 1872 1860 scilicet
1891 1809 2154 1874 corporis3
2189 1808 2281 1857 sed
2303 1808 2459 1857 etiam
2493 1807 2740 1858 intrinse-

1671 1902 1779 1947 cus,
1813 1886 2050 1936 nimirum
2086 1884 2490 1950 cogitationibus
2527 1887 2738 1936 mentis.

1669 1963 1885 2013 Duobus
1939 1969 2114 2013 autem
2154 1962 2319 2011 modis
2364 1961 2519 2010 homo
2563 1967 2743 2025 potest

1670 2040 1823 2103 velle,
1841 2039 2077 2104 adeoque
2102 2039 2299 2088 vivere.
2368 2038 2598 2087 Primum
2624 2036 2737 2103 qui-

1666 2105 1787 2166 'dem
1829 2117 2093 2182 sequendo
2129 2115 2356 2165 divinam
2392 2116 2738 2182 voluntatem,

1668 2208 1782 2259 quae
1821 2201 1880 2242 ut
1930 2194 2096 2257 prima
2132 2207 2309 2254 causa,
2347 2192 2421 2241 sic
2458 2192 2623 2256 prima
2658 2200 2738 2243 est

1668 2276 1862 2319 nostrae
1885 2269 2165 2319 voluntatis
2200 2270 2412 2334 regula:
2448 2275 2502 2319 et
2525 2269 2638 2319 liaec
2659 2276 2740 2319 est

1670 2360 1866 2395 summa
1878 2345 2116 2407 libertas,
2130 2360 2246 2410 quae
2266 2345 2412 2394 estin
2429 2344 2596 2408 nobiS,
2613 2346 2735 2394 dnm

1671 2422 1903 2472 volumus
1959 2436 2074 2472 esse
2119 2420 2324 2486 felices,
2365 2436 2482 2487 quae
2533 2420 2640 2473 fuit
2683 2422 2735 2472 in

1671 2499 1897 2564 Christo,
1921 2514 2037 2549 cum
2061 2500 2249 2548 aeterni
2281 2500 2457 2549 Patris
2490 2500 2738 2550 mandata

1670 2576 1838 2625 viator
1860 2577 2115 2640 implevit,
2139 2592 2256 2641 quoe
2289 2577 2392 2627 erit
2424 2576 2475 2626 in
2500 2577 2736 2628 omnibus

1668 2652 1838 2702 beatis
1859 2653 2032 2711 Deum
2053 2660 2252 2704 aeterna
2284 2654 2533 2719 felicique
2557 2670 2734 2705 neces-

1667 2731 1825 2780 sitate
1848 2732 2115 2781 amaturiS.
2180 2731 2387 2781 Deinde
2407 2730 2737 2782 deflectendo

1667 2814 1698 2854 a
1721 2806 1896 2855 divina
1915 2809 2187 2857 voluntate
2211 2807 2320 2856 sive
2344 2808 2645 2871 peccando:
2683 2813 2738 2859 et

1666 2882 1780 2932 haec
1813 2890 1892 2931 est
1927 2882 2105 2933 infima
2142 2884 2373 2947 libertas,
2408 2899 2562 2948 quam
2586 2893 2736 2949 opta-

1668 2974 1839 3009 remus
1864 2959 2007 3010 felici
2032 2961 2255 3025 quadam
2290 2961 2607 3011 necessitate
2630 2962 2737 3012 Dei

1668 3051 1874 3101 semper
1897 3038 2099 3088 amandi
2125 3038 2424 3102 permutari.
2479 3039 2739 3091 Quoniam

1668 3120 1841 3164 autem
1863 3114 2089 3165 divinam
2109 3117 2431 3166 voluntatem
2449 3117 2599 3180 sequi
2626 3132 2738 3181 pos-

1666 3205 1838 3240 sumus
1863 3198 1920 3242 et
1943 3192 2154 3242 vitando
2186 3193 2375 3242 malum
2405 3200 2462 3242 et
2492 3191 2738 3244 faciendo

1666 3267 1877 3328 bonum,
1886 3269 2045 3334 juxta
2059 3268 2188 3318 illud
2211 3268 2352 3317 Psal.
2375 3272 2460 3318 36.
2493 3270 2509 3297 ‘
2533 3269 2738 3319 declina

1668 3363 1699 3398 a
1735 3349 1887 3412 malo,
1921 3356 1977 3399 et
2003 3347 2088 3398 fae
2123 3347 2361 3408 bonum3'
2396 3349 2516 3399 hinc
2538 3364 2736 3399 summa

1667 3425 1881 3476 libertas
1903 3425 2122 3483 hominis
2147 3432 2226 3475 est
2249 3439 2351 3474 non
2375 3425 2539 3474 solum
2561 3425 2616 3473 in
2638 3425 2734 3476 boc

1668 3502 1805 3567 quod
1831 3502 2060 3552 declinet
2088 3517 2118 3551 a
2148 3501 2303 3565 malo,
2322 3501 2432 3550 sive
2455 3501 2556 3550 Dei
2580 3502 2596 3529 ‘
2619 3500 2735 3552 frae·

1665 3580 1745 3628 nis
1768 3585 1956 3644 agatur
1971 3579 2006 3640 ;'
2039 3579 2131 3628 sed
2164 3578 2216 3627 in
2250 3579 2348 3627 hoc
2384 3577 2563 3641 etiam,
2596 3577 2734 3642 quod

1667 3654 1828 3705 faciat
1864 3655 2053 3706 bonum
2089 3654 2200 3704 sive
2236 3654 2253 3684 ²
2290 3654 2478 3704 dlvinae
2502 3654 2732 3719 justitiae

1666 3731 2028 3795 obtemperet,’
2049 3745 2257 3780 servans
2290 3729 2530 3779 nimirum
2563 3731 2734 3794 legem

1664 3807 1766 3856 Dei
1793 3808 2009 3857 honesta
2038 3806 2342 3870 imperantis
2374 3813 2431 3855 et
2452 3805 2732 3869 probiben-

1663 3883 1732 3932 tis
1768 3884 2045 3935 contraria.
2112 3884 2128 3911 ‘
2164 3885 2274 3933 Lex
2311 3879 2560 3945 Domini,’
2593 3882 2742 3932 Psal.

1663 3964 1744 4009 18.
1765 3962 1781 3989 ‘
1799 3961 2148 4022 immaculata,
2169 3964 2478 4008 convertens
2499 3960 2697 4008 animas
2716 3974 2733 4020 ς

1666 4039 2016 4089 testimonium
2054 4036 2270 4086 Domini
2312 4034 2487 4098 fidele,
2527 4035 2731 4099 sapien-

1666 4115 1792 4165 tiam
1815 4122 2066 4178 praestans
2088 4113 2348 4177 parvulis3
2376 4112 2603 4175 justitiae
2622 4114 2730 4163 Do·

1663 4191 1786 4240 mini
1810 4189 2006 4240 rectae!
2430 4199 2441 4205 ²
2466 4250 2469 4251 ⁷

1726 4273 1750 4298 ⁰
1777 4267 1892 4316 Tua>
1915 4264 2125 4315 civitatis
2146 4256 2537 4327 antiquissimum
2555 4264 2729 4328 legem}
