3049 4928
446 339 583 427 484,

1139 351 1356 405 NoTAE
1406 354 1809 405 vAmoRUM
1857 357 1939 434 IN*

450 501 549 565 Ep.
571 503 653 551 86.
687 500 705 530 ‘
726 499 911 566 Tigres
929 499 1231 564 Leonesque
1251 512 1510 565 nunquam
1580 496 1946 567 sanctificante
1967 496 2107 549 fide!
2146 498 2294 549 Idem.

450 576 714 628 feritatem
755 584 968 640 exuunt,
998 576 1272 641 aliquando
1298 575 1509 626 submit·

450 660 589 716 tunt,
634 661 689 703 et
724 669 842 704 cum
883 651 1091 703 minime
1129 652 1510 717 expectaveris,

453 738 795 795 exasperatur
814 730 1033 781 tarditas
1055 730 1328 794 mitigata!
1360 731 1510 780 Idem.

475 821 484 826 “
514 809 827 872 Metuantque
880 814 1061 858 trucem
1116 807 1266 857 Soliti
1317 806 1509 856 verbera

436 884 577 943 serre
590 884 899 948 magistrum]
933 886 1015 934 Ex
1038 884 1127 934 illo
1145 882 1397 933 Martialis
1417 882 1507 933 lib.

448 973 513 1009 ιι.
560 961 827 1025 Epigram.
861 965 943 1011 75.
1021 959 1293 1010 ‘Verbera
1337 958 1506 1010 securi

447 1035 630 1088 solitus
652 1039 734 1087 leo
754 1035 896 1087 ferre
915 1034 1187 1100 magistri!
1222 1036 1372 1085 Idem.

514 1113 693 1164 Imbuit
732 1115 855 1178 iras]
887 1114 1168 1176 Multiplex
1202 1127 1319 1161 usus
1357 1112 1508 1176 hujus

448 1190 597 1239 verbi
623 1205 688 1240 ex
713 1191 1047 1254 sequentibus
1077 1188 1298 1253 patebit.
1320 1190 1507 1241 Senec.

446 1264 504 1314 in
529 1265 688 1316 Herc.
726 1267 849 1317 Fur.
871 1280 948 1315 vs.
982 1271 1097 1317 455.
1161 1267 1176 1290 4
1199 1265 1407 1315 Primus
1430 1280 1509 1315 sa·

449 1342 611 1405 gittas
636 1341 820 1393 imbuit
837 1342 1023 1393 Phoebi
1046 1341 1250 1394 Draco.’
1317 1343 1510 1392 Lucre-

449 1418 556 1468 tius
599 1419 691 1469 lib.
732 1433 812 1469 vr.
876 1419 892 1446 4
918 1419 1192 1483 Multaque
1251 1426 1512 1482 praeterea

446 1494 591 1559 prius
637 1496 754 1560 ipso
793 1503 934 1547 tacta
967 1510 1160 1561 vapore
1192 1498 1407 1548 Eminus
1429 1511 1508 1547 ar-

435 1570 696 1633 ·descunt,
729 1587 883 1637 quam
913 1573 1195 1623 comminus
1214 1572 1414 1622 imbuat
1435 1574 1508 1638 ig-

445 1648 563 1700 nis.’
637 1651 945 1715 Propertius
967 1651 1100 1702 libro
1126 1665 1208 1702 1v.
1277 1650 1508 1711 ‘Imbuis

452 1726 745 1790 exemplum
781 1728 957 1789 primae
988 1735 1066 1789 tu,
1108 1729 1344 1792 Romule,
1381 1743 1508 1792 pug-

447 1801 568 1852 nae.’
634 1803 870 1853 Phalaris
909 1804 1124 1866 perillo,
1167 1805 1306 1869 apud
1350 1805 1511 1858 ovid.

445 1890 537 1927 ιιι.
558 1878 713 1927 Trist.
736 1880 885 1943 Eleg.
905 1885 986 1930 11.
1042 1882 1058 1909 4
1078 1882 1200 1945 Ipse
1216 1890 1359 1933 tuum
1376 1897 1509 1946 prae-

445 1969 566 2004 sens
607 1955 801 2018 imbue,
833 1958 988 2018 dixit,
1026 1959 1187 2023 opus.’
1251 1959 1510 2009 Martialis

444 2031 534 2080 lib.
562 2045 667 2081 vu.
691 2032 846 2095 Epig.
883 2046 1021 2083 xxv.
1088 2036 1104 2062 4
1132 2034 1248 2085 Hoc
1280 2034 1507 2085 facetum

448 2122 665 2158 carmen
688 2109 922 2159 imbuant
944 2111 1129 2161 aures.’
1192 2112 1346 2162 Silius
1385 2113 1508 2162 Ital.

444 2182 541 2234 lib.
565 2197 653 2234 ιιι.
719 2186 1019 2250 ‘virgineis
1052 2188 1305 2252 juvenem
1352 2189 1508 2251 tedis,

445 2259 717 2325 primoque
757 2262 1046 2326 Hymeuaeo
1086 2264 1355 2315 Imbuerat
1388 2281 1506 2316 con-

437 2334 562 2399 jux,
578 2338 898 2403 memorique
913 2340 1129 2391 tenebat
1153 2342 1364 2393 amore.’
1384 2344 1505 2392 Val.

447 2413 666 2464 Flaccus
690 2415 779 2467 lib.
799 2430 863 2466 ιι.
918 2419 1112 2469 ‘Saevit
1147 2433 1311 2483 amor,
1344 2419 1502 2469 thala-

445 2505 556 2541 mos
600 2506 924 2560 excussaque
977 2495 1149 2545 vincla
1182 2496 1319 2562 quod
1365 2512 1504 2547 ansae

445 2567 709 2635 Imbuere,
754 2581 909 2638 atque
940 2574 1129 2624 iterum
1152 2576 1285 2626 tales
1322 2577 1506 2627 admit·

445 2651 562 2696 tere
584 2649 772 2699 curas.’
838 2651 987 2702 Idem
1009 2653 1102 2703 lib.
1138 2667 1225 2703 111.
1260 2654 1325 2704 de
1355 2655 1504 2719 Trip-

446 2725 670 2776 tolemo:
725 2727 974 2792 ‘Ignaras
1014 2730 1221 2779 Cereris
1268 2731 1356 2794 qui
1413 2745 1502 2780 vo-

444 2814 589 2850 mere
614 2808 775 2853 terras
798 2804 1010 2862 Imbuit,
1028 2811 1086 2855 et
1107 2803 1239 2856 flava
1253 2821 1502 2870 quercum

444 2875 660 2927 donavit
701 2879 897 2930 arista.’
966 2880 1027 2929 C.
1066 2880 1268 2930 Plinius
1306 2882 1503 2932 Secun-

445 2954 541 3004 dus
581 2955 713 3006 libro
751 2972 878 3007 vin.
900 2957 1073 3021 Epist.
1101 2961 1179 3008 14.
1243 2958 1258 2985 4
1280 2955 1503 3006 Adules-

445 3033 642 3081 centuli
663 3033 841 3084 statim
864 3033 1213 3084 castrensibus
1228 3033 1503 3097 stipendiis

443 3105 841 3161 imbuebantur!
894 3110 1148 3173 Vegetius
1171 3110 1302 3159 libro
1329 3113 1504 3171 tertio,

444 3185 622 3247 capite
660 3200 829 3236 nono:
873 3188 888 3216 4
913 3187 1019 3236 Sed
1052 3194 1177 3237 ante
1215 3187 1506 3249 minoribus

447 3262 645 3323 praeliis
668 3262 968 3312 imbuendi.’
1039 3264 1106 3316 Q.
1140 3264 1348 3313 Curtius
1371 3262 1505 3313 libro

443 3344 594 3387 sexto
630 3338 694 3387 de
726 3337 1028 3388 Alexandro
1055 3354 1069 3388 ι
1101 3340 1117 3366 4
1136 3340 1326 3390 Jacere
1366 3338 1508 3388 humi

444 3416 841 3468 venerabundos
876 3419 987 3482 pati
1010 3418 1187 3481 coepit,
1219 3418 1507 3482 paullatim-

445 3506 546 3556 que
569 3494 841 3543 servilibus
863 3494 1164 3543 ministeriis
1187 3499 1270 3542 tot
1281 3495 1505 3543 victores

444 3569 677 3631 gentium
708 3569 961 3632 imbuere,
988 3576 1043 3620 et
1087 3569 1309 3632 captivis
1343 3584 1497 3633 pares

442 3642 621 3693 facere
652 3645 972 3708 expetebat!
1040 3643 1379 3694 Cassiodorus
1414 3645 1505 3696 lib.

445 3735 571 3770 vm.
602 3721 809 3775 Variar.
845 3726 926 3771 12.
993 3721 1219 3782 ‘Gi-nes,
1255 3721 1342 3786 qui
1366 3721 1499 3772 clas·

442 3812 552 3847 sem
597 3798 928 3861 consociant,
975 3795 1241 3862 alphabeti
1282 3795 1499 3860 formas,

442 3882 627 3924 natura
648 3875 934 3937 imbuente,
966 3872 1301 3924 describunt.'
1366 3874 1381 3902 4
1402 3874 1507 3923 Ιιιι-

444 3949 532 3999 bui
565 3949 823 4015 dapibus,’
856 3949 1175 3999 Prudentius
1204 3950 1254 3998 in
1279 3950 1505 4012 Psycbo-

1651 576 1772 631 Quoe
1805 576 1934 626 canit
1956 578 2071 629 altis
2087 579 2287 639 garrula
2309 578 2483 642 ramis]
2515 578 2642 630 Seu.

1584 653 1636 701 in
1659 653 1780 703 OEd.
1802 669 1878 705 vs.
1899 657 2014 704 454.
2078 655 2096 680 4
2118 654 2341 704 Gari-ula
2361 669 2458 718 per
2472 670 2648 705 ramos

1582 730 1690 779 avis
1735 730 2025 793 obstrepit!
2093 730 2158 780 In
2203 731 2367 782 Herc.
2414 733 2538 783 Fur.
2573 732 2647 782 de

1585 806 1891 857 Philomela:
1928 806 2170 858 ‘Pendet
2204 824 2402 859 summo
2441 810 2644 860 stridu-

1583 884 1634 932 la
1659 882 1837 932 ramo.'
1859 884 2012 933 Idem.

1646 958 1853 1008 Pedibus
1868 958 2070 1021 proterit
2090 957 2239 1021 escas]
2259 958 2520 1011 Prudent.
2541 960 2649 1009 Pe-

1582 1033 1800 1099 risteph.
1852 1035 2047 1098 Hymn.
2092 1040 2142 1086 3.
2208 1037 2224 1063 ‘
2243 1036 2394 1086 Idola
2431 1044 2657 1101 protero,

1581 1113 1674 1163 sub
1708 1112 1964 1177 pedibus!
2024 1114 2208 1163 Claud.
2233 1114 2299 1163 de
2318 1114 2479 1176 Rapt.
2517 1115 2651 1168 Pro·

1582 1205 1719 1255 serp.
1753 1191 1844 1241 lib.
1874 1205 1914 1241 1.
1951 1206 2022 1241 vs.
2052 1196 2165 1241 129.
2229 1191 2245 1218 4
2264 1191 2499 1242 Pedibus
2523 1207 2646 1257 quae

1582 1268 1808 1317 nondum
1835 1267 2026 1331 poterit
2049 1266 2231 1316 escas.'
2270 1267 2424 1316 Idem.

1647 1344 1819 1409 Sylvas
1833 1348 2017 1393 tantam
2037 1349 2207 1392 masta
2222 1343 2447 1408 requirit]
2483 1342 2645 1394 Ovid.

1583 1420 1678 1470 lib.
1722 1434 1784 1469 ιι.
1818 1420 1884 1469 de
1925 1420 2117 1483 Ponto,
2158 1419 2310 1487 Eleg.
2351 1423 2405 1468 4.
2475 1417 2645 1469 ‘Cum

1584 1496 1720 1547 bene
1742 1497 1847 1546 sint
1863 1497 2052 1546 elausae
2079 1509 2240 1545 cavea
2262 1494 2535 1544 Pandione
2553 1510 2646 1545 na·

1585 1579 1677 1637 tae,
1712 1574 1914 1624 Nititur
1949 1573 2001 1622 in
2024 1574 2195 1637 sylvas
2220 1585 2441 1638 quaeque
2466 1573 2645 1623 redire

1580 1652 1732 1704 suas!
1777 1651 1929 1702 Idem.

1649 1730 1793 1779 Cadit
1833 1729 2094 1792 Hesperias
2139 1727 2341 1779 Phoebus
2369 1727 2424 1776 in
2462 1726 2646 1790 undas]

1584 1806 1786 1856 Seneca
1823 1806 1877 1854 iu
1905 1805 2131 1870 Thyest.
2151 1820 2303 1855 versu
2332 1809 2449 1857 791.
2488 1806 2506 1835 4
2533 1807 2645 1856 Cur

1584 1881 1782 1931 Phoebe
1828 1887 1943 1930 tuos
1984 1881 2124 1945 rapis
2170 1882 2447 1944 aspectus?
2498 1881 2649 1931 Non·

1585 1958 1704 2009 dum
1738 1972 1869 2007 serae
1915 1959 2130 2008 nuncius
2174 1957 2335 2019 horae,
2367 1959 2647 2008 Nocturna

1583 2050 1738 2085 vocas
1757 2036 1948 2083 lumina
1972 2048 2194 2097 vesper:
2231 2033 2474 2085 Nondum
2506 2035 2647 2083 Hes·

1585 2112 1744 2175 periae
1794 2110 1995 2161 flexura
2031 2119 2158 2161 rotoe
2201 2111 2366 2161 Jubet
2398 2111 2647 2162 emeritos

1582 2189 1783 2238 solvere
1807 2187 2025 2239 currus!
2058 2188 2209 2238 Idem.

1652 2266 1914 2330 Hesperias
1937 2301 1950 2315 .
1978 2300 1993 2316 .
2014 2297 2029 2317 .
2052 2263 2228 2328 undas]
2265 2265 2408 2317 Quas
2442 2264 2460 2293 4
2480 2264 2641 2314 Phoe-

1584 2342 1702 2393 baea
1722 2342 1926 2393 cubilia’
1949 2342 2180 2391 nominat
2204 2341 2355 2391 Silius
2373 2340 2511 2390 libro
2530 2348 2643 2391 ter·

1582 2418 1683 2469 tio:
1718 2417 1873 2470 ‘Non
1907 2420 2061 2469 aliter
2101 2418 2306 2484 quoties
2346 2418 2645 2483 perlabitur

1581 2511 1787 2562 aequora
1814 2503 1819 2509 '
1845 2510 2000 2546 curru
2057 2497 2459 2559 Extremamque
2502 2495 2647 2558 petit

1581 2574 1828 2625 Phoeboea
1883 2573 2073 2623 cubilia
2140 2572 2344 2636 Tethyn
2401 2571 2646 2621 Frenatis

1581 2652 1856 2715 Neptunus
1881 2648 2060 2715 aquis!
2092 2649 2243 2701 Idem.

1645 2727 1883 2790 Repetunt
1925 2725 2142 2789 proprios
2177 2739 2370 2788 quoeque
2400 2724 2648 2788 recursus]

1580 2804 1766 2855 Senec.
1787 2804 1956 2866 Epist.
1972 2806 2052 2851 36.
2073 2802 2088 2830 4
2111 2801 2354 2853 Observa
2370 2801 2549 2851 orbem
2568 2817 2648 2851 re-

1580 2896 1692 2931 rum
1714 2881 1762 2929 in
1783 2895 1839 2929 se
1858 2879 2222 2943 remeantium,
2241 2879 2444 2928 videbis
2467 2879 2522 2928 in
2539 2879 2639 2928 hoc

1579 2959 1770 3008 mundo
1791 2959 1920 3007 nihil
1943 2957 2199 3022 extingui,
2213 2957 2304 3006 sed
2327 2957 2530 3006 vicibus
2555 2957 2646 3006 de-

1580 3035 1833 3085 scendere
1866 3049 1928 3084 ac
1964 3049 2254 3099 resurgere.
2312 3034 2486 3085 AEstas
2507 3034 2643 3098 abit,

1580 3111 1670 3160 sed
1697 3113 1830 3161 alter
1864 3118 2028 3160 annus
2063 3111 2202 3160 illam
2239 3110 2475 3160 adducit.
2544 3111 2643 3160 Hi·

1583 3203 1691 3237 ems
1727 3187 1937 3249 cecidit,
1972 3185 2204 3236 referent
2235 3187 2374 3236 illam
2398 3187 2477 3236 sui
2501 3201 2648 3236 men·

1584 3276 1689 3313 ses.
1750 3263 1924 3312 Solem
1958 3277 2060 3312 nox
2104 3262 2296 3326 obruit,
2333 3262 2428 3311 sed
2474 3264 2646 3326 ipsam

1584 3340 1761 3389 statim
1803 3340 1914 3389 dies
1957 3339 2150 3402 abiget.
2217 3339 2509 3389 Stellarum.
2538 3339 2646 3389 iste

1583 3407 1842 3465 discursus
1859 3416 2104 3481 quicquid
2130 3415 2402 3479 praeteriit,
2423 3417 2647 3480 repetit,

1585 3506 1705 3555 pars
1727 3492 1844 3541 caeli
1886 3493 2090 3540 levatur
2113 3490 2338 3554 assidue,
2360 3505 2481 3555 pars
2504 3506 2642 3541 mer·

1583 3567 1761 3631 gitur,’
1785 3571 1885 3617 &c.
1921 3568 2075 3616 Idem.

1645 3642 1963 3707 Stabilemque
1982 3643 2059 3692 sui
2074 3642 2254 3703 fecerit
2274 3643 2455 3709 orbem]
2521 3641 2647 3694 Pla-

1579 3719 1744 3768 nudes
1768 3719 1999 3769 reddidit
2021 3721 2156 3769 maie
2181 3718 2279 3769 ‘ns
2309 3721 2404 3785 ’γὰρ
2422 3718 2649 3782 maome

1577 3795 1662 3844 τὸν
1682 3793 1850 3859 δρόμον
1870 3793 1974 3858 ἕξει.
2039 3796 2216 3860 Hujus
2257 3799 2359 3847 loci
2397 3799 2484 3849 hic
2523 3814 2644 3848 sen-

1579 3886 1665 3921 sus
1690 3880 1803 3922 est:
1840 3873 1896 3922 Is
1930 3873 2070 3923 orbis
2092 3888 2184 3922 seu
2224 3874 2396 3939 potius
2416 3876 2642 3931 circulus

1580 3947 1848 4013 perfectus
1871 3949 2077 3999 demum
2100 3958 2199 4012 est,
2233 3950 2378 4014 cujus
2407 3959 2647 4003 extrema

443 4024 662 4077 machia.
696 4026 843 4076 Idem
884 4027 1179 4076 Cathemer.
1217 4025 1429 4088 Hymno
1452 4028 1502 4077 3.
1567 4024 1888 4089 junguntur:
1949 4025 2073 4075 data
2111 4027 2253 4076 enim
2297 4027 2474 4092 aliqua
2508 4029 2649 4092 ejus·

445 4100 612 4151 dixit=
668 4103 684 4130 ‘
711 4102 824 4151 Nec
858 4101 1013 4166 juvat
1047 4114 1137 4151 ore
1172 4098 1297 4163 quid
1343 4113 1504 4162 appe-

445 4182 578 4240 tere,
623 4178 823 4228 Pocula
876 4178 931 4227 ni
974 4178 1118 4242 prius
1158 4181 1314 4241 atque
1360 4176 1502 4225 cibos

448 4253 651 4305 Christe
686 4263 802 4305 tuus
841 4253 989 4307 favor
1015 4253 1283 4317 imbuerit,
1312 4251 1503 4320 Omnia

1580 4103 1697 4151 dem
1723 4104 2088 4153 continuitatis
2122 4105 2383 4154 solutione
2406 4114 2465 4156 et
2484 4108 2644 4157 inter·

1579 4179 1841 4243 ruptione,
1886 4187 2083 4230 certum
2117 4187 2199 4230 est
2235 4182 2489 4232 circulum
2527 4199 2639 4233 esse

1576 4254 1842 4306 desinere:
1864 4255 2101 4323 *ideoque
2135 4263 2195 4306 ut
2237 4269 2388 4308 verus
2402 4258 2645 4327 circulus,
