3049 4928
1005 405 1523 460 PHILOSOPHIAE
1579 409 1718 460 mn.
1765 411 1811 458 Is

571 549 737 619 Non
762 554 951 619 illum
979 554 1222 634 rabies,
1239 537 1585 640 ‘minaeque
1617 558 1845 640 ponti*

2474 558 2520 621 0¹

567 656 860 722 Versum
887 656 1179 724 funditus
1211 660 1584 724 excitantis
1613 666 1937 739 aestum-,¹⁷

567 759 637 823 N
644 778 723 825 ec
752 763 964 845 ruptis
996 763 1268 846 quoties
1293 782 1503 846 vagus
1537 762 1823 827 caminis

562 861 871 946 Torquet
896 863 1237 929 fumificos
1264 862 1576 949 Vesevus
1596 871 1617 900 ⁸
1660 863 1871 948 ignee,

560 962 704 1030 Aut
729 965 950 1031 celsas
981 966 1163 1031 soliti
1201 966 1398 1031 ferire
1429 972 1640 1030 turres

299 1183 431 1236 tam3
460 1178 587 1227 hunc
607 1193 701 1227 non
722 1179 974 1229 solicitobit
997 1185 1080 1229 aut
1086 1180 1233 1239 furor
1252 1184 1496 1243 terrorque
1514 1178 1664 1228 maris
1682 1177 1921 1240 agitantis
1940 1193 2145 1229 summos
2166 1180 2373 1244 imosque
2381 1182 2511 1247 fluc-

295 1248 372 1292 tus
388 1258 518 1307 suos,
536 1250 625 1293 aut
655 1259 789 1294 mons
828 1244 1068 1308 Vesuvius,
1089 1260 1195 1295 cum
1215 1244 1481 1294 inconstans
1502 1244 1686 1294 emittit
1702 1244 1928 1309 flammas
1946 1246 2191 1305 fumantes
2199 1244 2338 1306 sacto
2358 1248 2512 1310 exitu,

1239 1359 1605 1387 meon

360 1468 422 1514 17
455 1463 473 1492 ‘
496 1463 627 1515 Cod.
660 1465 858 1515 Thoan.
881 1463 1095 1530 primus,
1111 1466 1242 1530 Reg.
1266 1472 1322 1516 et
1346 1471 1568 1531 uterque
1591 1463 1738 1516 vict.
1757 1465 1968 1530 legunt:
2003 1465 2302 1528 exagitantis
2321 1470 2510 1518 oestume

1241 1643 1244 1650 ’
1293 1628 1516 1680 NOTAE

293 1715 449 1791 ardor
489 1754 652 1806 prava
678 1740 994 1807 jubentium,
1029 1732 1151 1792 Non
1186 1743 1361 1798 vultus

290 1821 535 1871 instantis
561 1821 773 1886 tyranni
789 1822 971 1873 Mente
995 1821 1162 1888 quatit
1180 1822 1362 1886 solida,

1444 1736 1666 1807 propter
1690 1741 1998 1807 praedictam
2032 1742 2301 1806 rationem,
2320 1741 2514 1792 metuit

1443 1820 1532 1885 qui
1555 1821 1571 1849 ‘
1594 1819 1689 1870 sub
1714 1820 1936 1885 pedibus
1959 1821 2106 1873 dedit
2125 1819 2330 1871 fatum?
2397 1821 2512 1871 Hu-

291 1912 466 1964 ‚neque
490 1897 690 1948 Auster
721 1898 842 1960 Dux
876 1897 1093 1963 inquieti
1126 1898 1361 1948 turbidus
1432 1896 1663 1961 jusmodi
1683 1898 2026 1949 estVesevus.
2067 1900 2301 1949 Vesevus
2319 1904 2514 1960 autem,

289 1973 496 2038 Adriae,
527 1974 643 2023 Nec
665 1971 985 2023 fulminantis
1008 1988 1196 2037 magna
1217 1974 1364 2027 Jovis

292 2067 473 2103 manus
490 2067 507 2103 z
541 2052 599 2102 Si
614 2050 812 2103 fractus
827 2053 1072 2104 illabatur
1088 2052 1248 2118 orbiS,
1263 2053 1364 2104 Im·

287 2130 542 2195 pavidum
565 2127 761 2179 ferient
782 2129 987 2181 ruinael

295 2263 298 2266 ,
352 2212 374 2238 ¹
415 2207 533 2256 Non
570 2205 708 2255 illum
742 2206 897 2257 rabies
932 2206 1174 2271 minaeque·
1205 2208 1365 2273 ponti]

290 2298 331 2335 1.
368 2284 525 2334 Mare
567 2283 733 2333 ventis
776 2285 1070 2348 proesertim
1107 2283 1362 2349 agitatum

290 2360 667 2425 turbatumque
708 2359 840 2410 adeo
878 2360 1119 2411 terribile
1161 2368 1259 2424 est,
1283 2368 1361 2411 sut

288 2438 411 2490 viris
450 2436 617 2488 etiam
651 2435 944 2488 fortissimis
982 2445 1179 2489 metum
1214 2438 1361 2490 incu-

286 2524 401 2567 tere
433 2530 593 2580 posse
628 2515 897 2567 videatur:
932 2515 1073 2565 unde
1108 2516 1360 2567 Horatius

289 2592 466 2653 Car-m.
488 2592 524 2642 1.
551 2605 606 2647 1.
625 2591 734 2644 od.
756 2597 805 2643 8.
863 2594 888 2651 ,⁶
912 2592 1001 2643 Illi
1036 2593 1188 2642 robur
1210 2600 1263 2643 et
1284 2609 1359 2644 ωε

287 2667 486 2732 triplex
514 2668 675 2717 Circa
704 2674 888 2732 pectus
920 2674 1052 2732 erat,
1080 2669 1167 2734 qui
1200 2666 1359 2733 fragi-

285 2745 389 2795 lem
446 2745 583 2813 trnci
632 2745 904 2796 Commisit
954 2746 1142 2810 pelago
1168 2753 1361 2801 ,ratem

285 2820 501 2881 Primus
518 2837 534 2872 ε
568 2836 670 2871 nec
685 2821 860 2871 timuit
874 2822 1198 2887 praecipitem
1216 2822 1363 2873 Afri·

285 2914 404 2950 cum
431 2900 817 2949 Decertantem
843 2899 1206 2966 Aquilonibus,
1244 2901 1361 2952 Nec

286 2976 468 3037 tristes
518 2974 751 3039 Hyadas,
796 2990 894 3026 nec
945 2977 1141 3027 rabiem
1194 2976 1362 3030 Noti.’

285 3052 431 3102 Hinc
451 3051 696 3119 dicu-ntur
717 3052 733 3080 ⁴
758 3051 931 3102 rabies
950 3053 1235 3119 minaeque’
1255 3068 1360 3104 ma·

284 3127 387 3177 ris:
426 3127 444 3156 ‘
470 3127 664 3188 rabies?
694 3128 928 3193 quidem,
951 3129 1088 3194 quod
1109 3145 1257 3180 more
1281 3145 1361 3182 ra·

285 3204 395 3254 bidi
415 3202 707 3254 furentisve
740 3205 883 3254 canis
918 3206 1020 3256 buc
1051 3212 1108 3255 et
1135 3207 1259 3258 illuc
1281 3222 1362 3257 ra·

285 3281 497 3345 piatur-t
531 3282 548 3310 ‘
573 3281 751 3330 minae’
773 3295 917 3345 vero,
949 3279 1089 3346 quod
1114 3282 1360 3333 sublimes

284 3355 477 3407 flnctus
512 3364 734 3408 mortem
782 3358 1073 3409 intentent:
1112 3359 1187 3408 sic
1222 3360 1362 3411 enim

283 3435 475 3500 virgil.
496 3448 540 3485 1.
562 3434 676 3486 AEn.
697 3450 775 3485 vs.
802 3439 915 3484 166.
973 3434 991 3463 ‘
1018 3434 1178 3499 Hinc,
1201 3442 1360 3500 atque

283 3511 424 3569 binc,
449 3514 615 3561 vastae
651 3525 806 3575 rupes
841 3510 1139 3575 geminique
1162 3510 1360 3562 minan·

284 3592 370 3638 tur
387 3587 453 3638 In
475 3589 665 3638 coelum
687 3586 924 3652 scopuli.’
993 3587 1157 3653 Atqui
1179 3590 1195 3616 ‘
1220 3589 1357 3654 quis-

284 3665 397 3730 quis
421 3664 645 3731 pedibus
680 3664 908 3729 subjecit
939 3662 1144 3728 fatum,’
1170 3665 1258 3715 ille
1281 3666 1359 3716 bis

285 3743 442 3793 maris
487 3741 739 3808 periculis
774 3755 876 3791 non
914 3747 1180 3793 movetur:
1219 3741 1359 3808 quod

282 3819 394 3870 baec
419 3819 551 3869 nibil
585 3818 726 3869 alind
762 3818 887 3881 sint,
921 3832 1073 3883 quam
1096 3819 1360 3883 praesagia

281 3896 486 3959 mortis,
517 3910 670 3959 quam
710 3894 798 3951 ille
838 3894 1142 3945 contemnit.
1207 3895 1359 3946 Mare

284 3978 460 4039 autem
480 3973 658 4022 vocari
677 3973 693 4000 ⁴
719 3968 978 4022 Pontum'
1002 3968 1114 4035 jam
1128 3969 1357 4025 ,diximus

284 4047 421 4100 Met.
442 4062 512 4099 ιι.
535 4064 613 4100 vs.
633 4051 717 4098 14.

345 4131 365 4154 ⁸
395 4123 629 4187 Vesevus]
661 4138 727 4176 ιι.
759 4124 925 4174 Terra
946 4122 1125 4185 etiam,
1145 4136 1208 4172 ea
1228 4115 1359 4187 pras-

284 4198 463 4247 sertim
489 4213 608 4264 quae
643 4215 673 4248 e
696 4215 788 4259 suo
813 4200 931 4250 sinn
964 4199 1160 4250 emittit
1194 4199 1361 4264 ignes,

285 4275 555 4337 terribilis,
584 4282 699 4328 est:
752 4290 922 4342 neque
976 4284 1149 4328 tamen
1203 4276 1359 4342 banc,

1444 1973 1533 2038 qui
1553 1979 1610 2023 et
1630 1973 1906 2038 Vesuvius,
1926 1989 2072 2024 mons
2094 1981 2179 2026 est
2212 1974 2511 2038 Campaniae

1444 2063 1613 2115 prope
1637 2050 1847 2113 Nolam,
1869 2066 1935 2100 ex
1956 2051 2103 2116 cujus
2122 2051 2399 2109 cacumine-
2415 2066 2511 2101 sae·

1443 2126 1559 2191 pius
1582 2133 1863 2191 erumpunt
1895 2128 2060 2192 ignes,
2091 2134 2259 2178 morte
2293 2141 2512 2191 praeser-

1443 2202 1538 2253 tim
1561 2201 2007 2270 Pliniissinfamest,
2026 2205 2175 2257 aiunt
2206 2204 2344 2254 enim
2377 2205 2513 2255 cele·

1440 2279 1721 2334 berrimum
1732 2281 1867 2331 hunc
1884 2288 2168 2344 auctorem,
2190 2282 2279 2347 qui
2295 2295 2510 2346 cognos-

1441 2357 1595 2416 cendi
1633 2359 1784 2423 hujus
1818 2359 1949 2421 ignis
1987 2358 2158 2409 studio
2195 2373 2352 2419 eo;se
2386 2374 2510 2429 con-

1441 2435 1657 2499 tulerat,
1674 2433 1815 2487 sumo
1827 2434 2150 2502 flammisque
2167 2436 2288 2487 inde
2307 2435 2510 2493 emissis

1439 2513 1731 2564 extinctum
1754 2511 1935 2566 fuisse.
2000 2514 2176 2578 Hujus
2197 2514 2388 2565 montis
2403 2528 2512 2567 me-

1440 2589 1590 2640 minit
1613 2590 1863 2654 Virgilius
1896 2604 1960 2641 u.
1993 2591 2156 2643 Geor.
2178 2605 2255 2641 vs.
2277 2595 2394 2641 224.
2422 2590 2511 2641 ubi

1441 2666 1557 2731 ejus
1596 2664 1927 2721 fertilitatem
1967 2667 2328 2721 commendat:
2364 2669 2380 2696 ‘
2412 2669 2511 2717 Ta·

1441 2743 1544 2792 lem
1578 2742 1725 2793 dives
1757 2749 1872 2792 arat
1905 2743 2087 2807 Capua
2119 2750 2177 2794 et
2210 2744 2379 2794 vicina
2405 2745 2510 2793 Ve-

1442 2834 1568 2871 sevo
1592 2819 1717 2870 Ora.
1718 2819 1886 2884 jugo!
1919 2820 2076 2884 Ignes
2095 2821 2302 2887 quidem
2319 2822 2510 2872 Vesevi

1442 2902 1565 2947 sunt
1582 2895 1598 2924 ‘
1629 2895 1844 2947 fumifici
1860 2895 1902 2948 τ’
1929 2897 2051 2962 quia
2071 2899 2307 2948 oriuntur
2322 2913 2386 2948 ex
2405 2905 2512 2953 ter-

1439 2975 1600 3026 restri
1623 2974 1970 3039 exhalatione,
1996 2991 2113 3040 qnae
2140 2976 2381 3044 quamdin
2408 2985 2514 3029 ter-

1440 3052 1512 3103 ris
1546 3052 1745 3103 inclusa
1781 3053 2173 3118 constringitur,
2207 3053 2377 3105 fumus
2411 3063 2513 3118 est,

1443 3136 1499 3181 at
1538 3130 1755 3180 liberius
1794 3146 1892 3197 per
1915 3131 2038 3182 aera
2071 3132 2174 3184 iter
2193 3140 2348 3185 nacta
2365 3131 2509 3184 flam·

1440 3223 1578 3259 mam
1612 3208 1862 3274 concipit,
1893 3210 2072 3260 statim
2107 3218 2326 3275 propter
2354 3211 2513 3276 majo·

1443 3301 1555 3338 rem
1579 3286 1806 3351 partium
1827 3289 2507 3353 concretionempristinam

1442 3359 1573 3412 fumi
1610 3360 1832 3415 formam
1867 3370 2154 3415 resumtum
2170 3381 2193 3414 zv
2234 3372 2510 3430 propterea

1439 3437 1456 3466 ‘
1481 3453 1547 3488 ex
1567 3437 1657 3488 eo'
1690 3446 1888 3504 monte,
1919 3448 1981 3492 ut
2015 3440 2161 3492 aiunt
2194 3441 2509 3493 Conimbric.

1441 3514 1671 3566 Meteor.
1683 3517 1858 3585 Tract.
1873 3531 1977 3568 ιιι.
1996 3533 2115 3584 cap.
2128 3523 2179 3570 3.
2198 3519 2216 3548 ‘
2233 3520 2508 3585 aliquando

1439 3591 1613 3649 nubes.
1642 3589 1924 3643 ascendere
1963 3594 2075 3644 visa
2109 3600 2211 3657 est,
2247 3610 2362 3660 quae
2402 3596 2509 3659 pini

1440 3667 1833 3719 similitudinem
1867 3675 1924 3719 et
1955 3668 2175 3720 formam
2209 3669 2508 3723 referebat!

1439 3742 1516 3793 At
1541 3743 1688 3808 ignes
1710 3745 1764 3793 hi
1788 3759 1892 3795 non
1921 3746 2181 3807 emicant„
2201 3747 2304 3797 nisi
2339 3749 2507 3813 ruptis

1438 3821 1674 3884 caminis,
1707 3822 1818 3872 sive
1850 3822 1997 3873 exitu
2033 3823 2128 3874 sibi
2162 3822 2332 3877 facto:
2383 3841 2510 3890 qno·

1438 3896 1580 3947 niam
1602 3896 1645 3946 si
1669 3898 1950 3964 exhalatio,
1970 3900 2224 3965 praedicta
2240 3901 2369 3966 ignis
2386 3902 2507 3952 sub-

1441 3974 1670 4027 terranei
1684 3974 1926 4039 materia,
1941 3976 2076 4026 viam
2097 3977 2381 4028 invenisset
2396 3975 2509 4028 fac·

1437 4057 1583 4111 tam;
1614 4049 1667 4099 in
1692 4065 1842 4101 auras
1876 4051 2050 4116 potius
2083 4051 2319 4116 abiisset,
2352 4067 2507 4118 quam

1436 4123 1487 4174 in
1512 4125 1719 4190 ignem:
1757 4127 1893 4192 quod
1919 4142 2035 4181 cum
2059 4126 2170 4191 fiat,
2204 4129 2508 4193 interruptis

1438 4200 1660 4264 vicibus,
1683 4211 1967 4268 propterea
1989 4218 2134 4255 mons
2151 4205 2238 4254 ille
2256 4218 2396 4257 nnnc
2418 4218 2505 4253 vo·

1438 4283 1592 4337 catur
1613 4291 1782 4340 vagus.
