3049 4928
550 401 683 468 434

550 560 770 612 eundem
806 569 1012 609 sensum
1049 555 1331 608 Petronius
1353 552 1613 614 Arbiterz

549 640 565 667 ⁸
588 637 707 688 Non
748 635 958 685 dubium
997 639 1099 697 est,
1140 633 1181 683 si
1217 633 1331 699 quis
1371 633 1612 683 vitiorum

550 713 774 764 omnium
816 711 1054 762 inimicus
1094 715 1293 761 rectum
1350 710 1471 760 vitae
1511 708 1614 758 iter

549 790 711 855 coepit
730 789 1007 854 inspicere,
1021 788 1244 853 primum
1269 794 1485 851 propter
1505 799 1613 835 mo-

546 884 660 919 rum
694 867 1043 918 differentiam
1075 866 1250 916 odium
1271 865 1463 916 habet:
1499 865 1614 931 quis

549 946 685 995 enim
710 950 887 1009 potest
910 943 1129 1008 probare
1151 941 1395 992 diversa?
1430 942 1581 993 Iden.

612 1023 786 1086 Itaque
802 1021 925 1071 nihil
940 1025 1029 1083 est,
1051 1021 1173 1084 quod
1192 1017 1452 1081 admirere]
1503 1019 1616 1069 Sal·

548 1099 732 1150 vienus
765 1098 858 1148 lib.
881 1112 936 1148 v.
959 1097 1027 1146 de
1059 1094 1453 1146 Gubernatione
1490 1094 1614 1158 Dei,

551 1175 926 1227 convenienter
947 1173 1022 1223 ait
1040 1189 1054 1222 ε
1106 1174 1122 1202 ‘
1144 1170 1227 1221 Ac
1250 1186 1347 1236 per
1366 1172 1467 1222 hoc
1484 1170 1614 1221 infe-

548 1251 783 1303 licissimi
809 1263 1067 1316 pauperes
1090 1249 1166 1299 sic
1202 1253 1342 1310 sunt,
1367 1248 1515 1313 quasi
1537 1248 1614 1298 in·

551 1335 635 1379 ter
665 1333 1030 1381 concertantes
1067 1325 1321 1390 procellas
1359 1324 1413 1374 in
1436 1325 1613 1375 medio

548 1405 681 1455 mari
725 1403 902 1469 positi,
940 1416 1079 1453 nunc
1130 1402 1349 1452 istorum
1391 1402 1612 1467 scilicet,

550 1496 688 1533 nunc
703 1482 905 1544 illorum
923 1478 1168 1530 fluctibus
1185 1478 1508 1529 obruuntur!
1544 1481 1616 1529 Et

553 1558 849 1610 Cassiodor.
891 1556 982 1607 lib.
1003 1571 1059 1607 v.
1092 1555 1298 1606 Variar.
1335 1556 1506 1620 Epist.
1529 1559 1614 1606 40.

548 1635 565 1665 ⁴
590 1636 741 1686 Inter
780 1632 958 1684 mundi
1000 1630 1316 1682 fluctuantes
1355 1631 1615 1695 procellas

548 1712 690 1763 unde
710 1726 766 1763 se
788 1711 1010 1760 humana
1025 1707 1280 1771 fragilitas
1304 1707 1617 1772 contineret,

550 1789 595 1840 si
615 1789 808 1839 nostris
831 1786 1033 1837 actibus
1063 1785 1250 1836 mentis
1271 1784 1490 1836 firmitas
1511 1800 1614 1836 non

552 1865 759 1915 adesset
774 1863 811 1913 ?’
847 1863 999 1912 Idem.

615 1941 809 1991 Mna.
826 1946 874 1991 4.
908 1938 1134 2003 Quisquis
1151 1938 1403 2003 composito
1422 1953 1616 1989 serens

552 2018 677 2082 aeoo]
696 2018 882 2069 Senec.
902 2017 956 2066 in
972 2016 1135 2066 Herc.
1160 2016 1272 2068 OEt.
1309 2030 1384 2066 vs.
1408 2020 1526 2067 107.
1558 2022 1615 2067 et

552 2109 702 2161 seqq.
714 2094 981 2159 ‘Quisquis
997 2092 1092 2142 sub
1108 2092 1326 2157 pedibus
1340 2089 1451 2141 fata
1465 2106 1616 2156 rapa·

553 2171 636 2223 cia
658 2172 730 2221 Et
750 2184 977 2235 puppem
1001 2170 1177 2235 posuit
1195 2168 1400 2218 luminis
1431 2168 1617 2220 ultimi.

552 2248 678 2300 Non
716 2247 930 2312 captiva
966 2245 1115 2296 dabit
1156 2244 1369 2296 brachia
1394 2245 1615 2296 vinculis

552 2324 673 2375 Nec
695 2336 898 2389 pompae
922 2322 1101 2373 veniet
1136 2320 1309 2371 nobile
1336 2319 1616 2372 ferculum.

552 2401 625 2450 Et
658 2414 732 2450 vs.
767 2403 913 2450 18³4.
977 2401 995 2428 ‘
1022 2400 1144 2450 Non
1186 2404 1266 2447 est
1309 2398 1620 2463 gemendus,

552 2490 652 2529 nec
693 2477 840 2539 gravi
897 2476 1159 2540 urgendus
1196 2489 1349 2536 nece,
1403 2476 1617 2526 Virtute

552 2554 786 2620 quisquis
808 2553 1030 2604 abstulit
1045 2551 1167 2603 fatis
1188 2552 1325 2609 iter.’
1388 2552 1454 2604 In
1476 2553 1619 2619 Thy-

552 2637 657 2681 est.
694 2644 768 2681 vs.
807 2635 924 2682 86⁵.
957 2631 974 2661 ⁴
996 2630 1102 2683 Qui
1135 2636 1255 2681 tuto
1279 2631 1479 2696 positus
1500 2631 1620 2681 loco

550 2704 702 2757 Infra
714 2721 771 2756 se
790 2706 934 2757 videt
949 2705 1138 2769 omnia,
1156 2707 1505 2771 occurritque
1526 2721 1619 2757 suo

548 2782 723 2834 libens
740 2783 893 2847 Fato,
911 2797 1007 2834 nec
1026 2782 1263 2848 queritur
1276 2782 1441 2834 mori.'
1464 2783 1618 2833 Idem.

619 2860 864 2924 uinaque
902 2860 1078 2924 Ponti]
1135 2860 1318 2910 Senec.
1362 2859 1416 2909 in
1457 2860 1620 2910 Herc.

555 2936 669 2989 OEt.
684 2952 769 2988 vs.
786 2942 873 2990 49.
901 2939 917 2967 ‘
938 2937 1169 2988 Tulimus
1191 2937 1395 2989 Oceani
1417 2937 1618 2988 minas.'

555 3013 705 3064 Idem.
1066 3049 1071 3055 .

624 3090 1042 3155 inmun-denes]
1106 3090 1226 3140 Val.
1266 3091 1485 3141 Flaccus
1527 3090 1619 3141 lib.

553 3178 633 3216 lv.
695 3168 711 3195 ‘
737 3167 826 3218 Sic
866 3166 957 3217 ubi
997 3167 1239 3231 prorupti
1285 3167 1458 3218 tonuit
1500 3182 1619 3218 cum

554 3242 696 3294 forte
716 3244 910 3295 Vesevi
945 3244 1218 3308 Hesperioe
1258 3245 1429 3299 letalis
1452 3259 1620 3309 apex;

554 3321 645 3369 vix
667 3320 788 3370 dum
809 3320 961 3384 ignea
990 3327 1219 3372 montem
1248 3322 1421 3372 Torsit
1441 3323 1621 3382 biems,

549 3395 767 3462 jamque
810 3396 970 3448 AEoas
1025 3398 1158 3449 cinis
1210 3398 1380 3450 induit
1434 3399 1623 3451 urbes.'

632 3550 855 3614 Vesevus]
888 3551 1043 3602 Mons
1060 3551 1381 3617 Campania,
1401 3553 1466 3603 ab
1489 3561 1623 3605 aestu

558 3633 616 3675 et
654 3627 778 3691 igne
819 3628 1188 3682 nobilissimus.
1267 3630 1521 3694 Apuleius
1558 3633 1625 3684 de

556 3704 793 3755 Mundo:
827 3705 844 3734 ‘
868 3705 1194 3757 Quibusdam
1225 3708 1407 3758 subter
1428 3711 1625 3761 occulti

559 3786 684 3830 snnt
704 3780 940 3845 spiritus,
967 3787 1024 3831 et
1056 3780 1247 3833 flantes
1282 3783 1526 3837 incendia
1547 3774 1623 3838 in-

558 3855 730 3907 didem
754 3858 1052 3922 suspirantz
1106 3864 1165 3910 ut
1203 3859 1416 3924 Lipara,
1435 3868 1494 3912 ut
1516 3864 1625 3914 AEt-

556 3940 643 3995 ua,
662 3938 721 3981 nt
754 3932 1012 3983 Vesuvius
1045 3933 1205 3985 etiam
1239 3942 1419 3987 noster
1450 3939 1626 3991 solet?

558 4008 815 4060 Miuntius
832 4009 1007 4060 Peliae
1059 4011 1076 4039 ‘
1100 4010 1250 4062 Sicut
1271 4012 1421 4076 ignes
1451 4016 1623 4066 AEtnae

559 4089 617 4135 et
637 4085 849 4136 Vesuvii
876 4092 932 4136 et
965 4087 1256 4139 ardentium
1292 4089 1485 4154 ubique
1518 4096 1623 4140 ter-

558 4175 734 4212 rarum
766 4159 1009 4228 flagrant,
1045 4179 1144 4215 nec
1181 4157 1489 4229 erogantur:
1546 4166 1624 4216 ita

559 4240 762 4303 poenale
782 4239 911 4290 illud
946 4241 1240 4293 incendium
1278 4255 1381 4291 non
1416 4241 1621 4293 damnis

560 4316 854 4369 ardentium
888 4319 1140 4385 pascitur,
1157 4319 1249 4370 sed
1268 4319 1483 4369 inexesa
1505 4333 1623 4370 cor-

1255 413 1483 464 NO'I'AE'
1518 412 1925 470 VAltloRUu
1974 412 2055 464 IN

1687 571 1872 622 porum
1894 557 2213 608 laceratione
2233 556 2497 608 nutritur!
2527 558 2747 622 Elegan-

1687 638 1772 682 ter
1790 633 1947 684 Silius
1965 633 2057 683 lib.
2082 644 2187 683 ιιι.
2223 634 2240 663 ‘
2263 635 2622 684 Monstrantur
2641 636 2748 683 Ve-

1687 724 1814 760 seva
1847 710 1995 775 juga,
2023 717 2196 775 atque
2235 711 2286 760 in
2319 712 2514 761 vertice
2551 724 2749 761 summo

1688 787 1915 851 Depasti
1943 784 2160 836 flammis
2194 788 2417 851 scopuli,
2450 786 2751 850 fractusque

1683 863 1834 913 ruina
1855 863 2012 913 Mons
2049 864 2264 926 circum,
2288 873 2447 929 atque
2486 864 2658 913 AEtuae
2681 861 2753 912 fs-

1688 938 1759 988 tis
1775 938 2037 988 certantia
2054 938 2219 988 saxa!
2253 940 2408 989 Idem.

1752 1015 1854 1065 Aut
1876 1016 2022 1065 celsas
2037 1016 2331 1076 solitiserire
2345 1016 2527 1079 turres]
2562 1015 2753 1066 Horat.

1690 1104 1776 1141 ιιι.
1804 1092 1977 1142 Carm.
2019 1092 2124 1143 Od.
2151 1106 2239 1143 ιιι.
2303 1096 2320 1122 ‘
2342 1094 2553 1145 Justnm
2595 1099 2654 1143 et
2678 1102 2753 1142 te·

1687 1182 1871 1220 nacem
1907 1172 2165 1235 propositi
2195 1171 2357 1221 virum
2399 1172 2518 1223 Non
2562 1173 2754 1221 civium

1689 1244 1844 1295 ardor
1886 1261 2051 1311 prava
2072 1248 2387 1311 jubentium,
2423 1250 2547 1299 Non
2582 1250 2756 1299 vultus

1688 1319 1931 1373 instantis
1965 1324 2170 1388 tyranni
2217 1326 2399 1375 Mente
2432 1326 2606 1390 quatit
2641 1327 2754 1377 soli·

1657 1425 1662 1428 -
1688 1396 1777 1461 da,
1800 1413 1971 1464 neque
1994 1400 2185 1450 Auster
2209 1401 2331 1450 Dux
2352 1402 2567 1467 inquieti
2594 1400 2757 1451 turbi-

1689 1472 1785 1523 dus
1824 1474 2063 1538 Hadriae,
2086 1477 2200 1526 Nec
2220 1475 2543 1527 fulminantis
2568 1491 2758 1542 magns

1688 1551 1836 1603 Jovis
1861 1568 2072 1603 manus:
2109 1554 2162 1604 Si
2186 1552 2382 1605 fractus
2404 1555 2654 1606 illabatur
2675 1569 2757 1604 or-

1690 1628 1769 1679 bis
1803 1631 2127 1695 Impavidum
2162 1631 2351 1682 ferient
2390 1631 2595 1683 ruinae.'
2664 1632 2758 1682 Se-

1689 1720 1806 1757 nec.
1827 1708 1878 1756 in
1897 1707 2112 1771 Thyest.
2133 1722 2207 1758 vs.
2230 1712 2345 1759 ³65.
2410 1709 2426 1737 ‘
2448 1710 2619 1761 Quem
2654 1722 2758 1758 non

1690 1785 1954 1834 concutiet
1971 1784 2163 1834 cadens
2181 1783 2391 1848 Obliqui
2409 1783 2493 1833 via
2505 1781 2759 1844 fulminis,

1690 1860 1813 1910 Non
1848 1862 2017 1910 Eurus
2051 1861 2257 1925 rapiens
2288 1874 2453 1921 mare,
2473 1860 2588 1911 Aut
2618 1875 2759 1911 saevo

1691 1938 1905 2001 rapidus
1918 1936 2058 1988 freto
2068 1939 2286 1989 Ventosi
2307 1945 2477 1990 tumor
2499 1939 2761 1990 Hadriae.’

1690 2015 1839 2066 Idem.

1763 2091 1856 2142 Via
1888 2091 2113 2153 fulminis
2163 2094 2390 2157 movebit]
2471 2094 2663 2145 Senec.
2707 2094 2760 2144 in

1689 2166 1878 2232 Agam.
1904 2185 1977 2223 vs.
1994 2175 2109 2221 50³.
2145 2171 2162 2200 ‘
2186 2172 2373 2222 Nullus
2404 2172 2545 2222 bunc
2568 2179 2759 2234 terror,

1691 2258 1788 2294 nec
1810 2246 2068 2310 impotens
2105 2249 2348 2299 Procella
2381 2248 2608 2298 sortunae
2649 2262 2759 2298 mo-

1691 2328 1800 2384 vet,
1847 2323 1953 2373 Aut
1995 2324 2158 2389 iniqui
2192 2323 2422 2375 flamma
2465 2322 2760 2375 Tonantis)

1690 2397 1852 2449 Secus
1873 2399 1941 2450 de
1966 2400 2258 2463 sceleratis,
2277 2402 2364 2466 qui
2390 2402 2457 2451 ob
2475 2402 2758 2451 commissa

1693 2477 1980 2542 trepidant.
2051 2480 2318 2532 Juvenalis
2370 2480 2568 2545 Satyra
2623 2492 2755 2530 xm.

1692 2556 1708 2583 ‘
1730 2556 1804 2606 Hi
1825 2563 1945 2606 sunt
1977 2557 2065 2622 qui
2088 2557 2373 2621 trepidant,
2403 2565 2459 2607 et
2490 2557 2560 2607 ad
2585 2558 2760 2607 omnia

1692 2631 1899 2696 fulgura
1934 2634 2150 2698 pallent,
2193 2634 2322 2684 Cum
2371 2639 2546 2698 tonat,
2584 2634 2763 2683 exani·

1692 2724 1802 2760 mes
1846 2710 2013 2775 primo
2059 2724 2267 2776 quoque
2312 2725 2584 2761 murmure
2626 2710 2760 2775 caeli,

1693 2790 1816 2840 Non
1857 2789 2003 2855 quasi
2044 2789 2312 2851 fortuitus,
2349 2803 2451 2840 nec
2481 2796 2759 2841 ventorum

1693 2866 1852 2927 rabie,
1891 2865 1982 2915 sed
2014 2865 2190 2915 Iratus
2220 2865 2376 2917 cadat
2399 2866 2456 2916 in
2483 2873 2678 2930 terras,
2709 2872 2764 2917 et

1680 2941 1891 3005 judicet
1922 2940 2077 3003 ignis.
2141 2940 2244 2990 Illa
2265 2941 2386 2989 nihil
2411 2942 2614 3006 nocuit,
2641 2955 2766 2991 cura

1694 3017 1932 3082 graviore
1955 3017 2165 3066 timetur
2186 3016 2431 3066 Proxima
2450 3023 2762 3080 tempestas,

1697 3095 1839 3144 velut
1859 3094 1959 3144 hoc
1988 3093 2149 3144 dilata
2170 3091 2388 3143 sereno!
2453 3092 2520 3144 In
2544 3107 2764 3158 quorum

1694 3185 1907 3221 numero
1929 3168 2193 3219 habendus
2226 3170 2285 3219 (2.
2303 3169 2482 3219 Caesar
2505 3169 2767 3234 Caligula,

1693 3246 1761 3296 de
1785 3261 1887 3312 quo
1907 3245 2183 3297 Suetonius
2218 3244 2312 3295 lib.
2334 3258 2415 3294 xv.
2469 3248 2484 3274 ‘
2512 3246 2657 3296 Nam
2682 3244 2767 3311 qui

1694 3322 1835 3374 Deos
1861 3331 2133 3388 tantopere
2172 3328 2557 3395 contemneret,
2589 3321 2660 3371 ad
2683 3321 2768 3371 mi·

1694 3401 1834 3451 nima
1855 3401 2088 3452 tonitrua
2128 3405 2184 3450 et
2219 3398 2428 3463 fulgura
2462 3398 2767 3459 connivere,

1696 3483 1857 3540 caput
1893 3476 2212 3538 obvolvere3
2263 3474 2329 3524 ad
2380 3488 2509 3523 vero
2569 3475 2767 3539 majora

1696 3553 1969 3617 proripere
1992 3567 2049 3602 se
2072 3566 2103 3601 e
2124 3557 2309 3608 strato,
2341 3549 2437 3599 sub
2460 3550 2766 3615 lectumque

1697 3629 1920 3679 condere
1942 3625 2184 3677 solebat.’
2218 3626 2372 3675 Idem.

1761 3706 1866 3755 Nec
1897 3718 2056 3768 speres
2100 3703 2297 3769 aliquid,
2335 3717 2423 3752 nec
2457 3701 2767 3766 extimeas]

1697 3782 1965 3847 Expressit
1987 3780 2372 3846 elegantissime
2391 3779 2619 3842 primum
2641 3779 2767 3830 illud

1696 3858 1974 3922 sapientie
1997 3864 2052 3906 et
2091 3855 2430 3907 beatitudinis
2462 3855 2661 3906 Stoicae
2680 3856 2769 3906 de·

1696 3942 1919 3997 cretum,
1971 3931 2112 3998 quod
2167 3931 2447 3996 Epictetus
2499 3931 2767 3982 Euchirid.

1695 4012 1769 4062 sic
1791 4008 2024 4075 profert:
2049 4008 2226 4058 Ὅστις
2260 4005 2500 4070 ἐλεύθερος
2517 4004 2639 4056 εἶναι
2657 4005 2766 4064 βού-

1695 4097 1851 4153 λει-αι,
1868 4086 1989 4150 μήτε
2018 4084 2192 4137 θελέτω
2227 4102 2294 4148 τι,
2327 4081 2445 4145 μήτε
2473 4082 2694 4146 φευγέτω
2721 4101 2766 4131 τι

1693 4169 1790 4216 τῶν
1809 4166 1884 4215 ἐπ’
1909 4164 2089 4215 ἄλλοις.
2108 4161 2150 4213 εἲ
2165 4161 2217 4212 δὲ
2241 4161 2328 4225 μὴ,
2352 4159 2593 4211 aava-some
2625 4159 2767 4223 ἀνάγ-

1694 4259 1789 4303 nen:
1824 4244 1839 4270 ‘
1859 4241 2107 4306 Quisquis
2125 4240 2257 4289 liber
2279 4252 2395 4288 esse
2417 4239 2580 4298 volet,
2600 4251 2763 4303 neque

1696 4320 1876 4386 cupiat
1931 4318 2225 4384 quicquam,
2268 4328 2438 4381 neque
2477 4323 2764 4388 aversetur,
