3049 4928
443 393 532 458 24
1366 406 1428 454 Ρ.
1480 406 1736 454 nssn'rn

446 553 605 621 culo
633 552 718 618 de
749 552 999 619 Sancta
1040 549 1399 631 Trinitate,
1431 571 1700 639 aequnm
1743 572 1818 619 se
1865 556 2068 638 atque
2112 551 2475 625 humanum
2499 556 2652 623 Or-

447 657 764 725 tbodoxis
791 657 1196 743 praebuerat,
1226 657 1317 728 ab
1344 657 1471 725 hoc
1519 658 1675 724 inde
1725 666 2030 744 tempore
2058 659 2270 744 coepit
2315 658 2654 744 ingenium

447 781 493 827 a
522 761 876 828 clementia
902 760 991 827 ad
1015 759 1505 842 crudelitatem,
1526 769 1598 828 et
1626 763 1718 829 ab
1743 761 2160 829 humanitate
2201 769 2530 830 consueta
2558 761 2653 831 ad

444 864 824 937 barbariem
849 863 1403 952 tyrannidemque
1433 865 1813 945 transferre,
1858 865 2009 932 sive
2055 863 2467 938 blandientis
2515 865 2654 933 for·

451 975 631 1035 tunae
661 987 831 1036 aura
863 968 1106 1049 elatus,
1146 970 1291 1036 sive
1338 969 1494 1036 odio
1539 990 1765 1037 eorum
1800 988 1978 1054 quos
2013 967 2433 1052 intelligebat
2460 985 2506 1033 a
2519 985 2658 1034 sua

449 1074 781 1146 sententia
807 1074 879 1138 in
905 1072 1230 1158 religione
1263 1073 1548 1155 alienos,
1578 1075 1724 1141 sive
1754 1074 1939 1161 quod
1990 1075 2078 1139 ab
2116 1070 2278 1150 illis,
2326 1075 2658 1157 praetextu
2753 1112 2758 1115 -

448 1173 795 1258 religionis
828 1176 1314 1261 propagandae,
1344 1184 1416 1242 et
1450 1178 1919 1262 oppugnandae
1947 1177 2306 1254 haereseos,
2333 1172 2659 1241 mutatio·

450 1296 602 1346 nem
635 1277 1066 1364 Reipublicae
1093 1282 1456 1348 metuebat.
1541 1281 1842 1350 'rantum
1865 1281 2068 1361 ‚'enim
2097 1279 2292 1346 falsis
2320 1277 2660 1346 accusati-

452 1383 692 1448 onibus
720 1389 790 1448 et
816 1381 993 1469 fictis
1023 1384 1414 1451 criminibus
1445 1385 1687 1451 tribuit
1726 1384 1912 1465 fidei,
1950 1390 2026 1450 ut
2074 1381 2462 1460 Boethium,
2516 1398 2664 1466 qno

449 1485 573 1549 vix
619 1484 821 1567 aliuS‚
867 1487 1046 1554 sicut
1101 1495 1305 1554 antea
1354 1487 1838 1567 intelleximuS,
1893 1488 2030 1573 ipsi
2079 1485 2294 1552 fuerat
2338 1483 2666 1562 dilectior,

450 1588 658 1654 etiam
679 1588 1007 1655 insontem
1039 1590 1522 1671 condemnarit,
1554 1597 1624 1656 et
1649 1590 2019 1676 publicatis
2041 1587 2199 1674 ejus
2224 1589 2423 1655 bonis
2453 1587 2663 1652 omui·

451 1691 602 1771 buS,
632 1691 943 1758 Ticinum
980 1693 1197 1781 (quod
1239 1695 1653 1779 posteriores
1683 1692 1973 1778 Papiam
1999 1688 2445 1776 vocaverunt)
2485 1689 2668 1756 relem

452 1796 652 1881 garit,
708 1799 1110 1884 quingentis,
1155 1805 1234 1866 ut
1278 1801 1431 1886 ipse
1475 1801 1929 1886 conqueritur,
1957 1802 2066 1881 ‚ab
2096 1799 2283 1865 Urbe
2334 1818 2666 1884 passuum

451 1900 771 1968 millibus.
858 1903 1024 1988 Ipse
1053 1904 1177 1983 ait,
1199 1924 1275 1970 se
1306 1905 1500 1971 bonis
1555 1906 1867 1972 omnibus
1906 1905 2203 1991 pulsum,
2229 1905 2666 1988 dignitatibus

457 2010 759 2086 exutum,
787 2007 1292 2077 existimatione
1323 2009 1680 2089 foedatum,
1711 2010 1801 2075 ob
1822 2007 2222 2074 beneficium
2251 2006 2670 2092 supplicium

455 2109 803 2176 retulisse:
850 2118 922 2176 et
938 2113 1031 2190 ob
1062 2112 1368 2178 studium
1390 2113 1794 2198 propensius
1817 2112 1890 2178 in
1919 2111 2261 2187 Senatum,
2285 2109 2491 2175 morti
2515 2128 2668 2194 pro-

459 2211 944 2300 scriptionique
975 2214 1366 2283 damnatum
1393 2217 1633 2282 fuisse.
2532 2266 2538 2272 -

547 2314 634 2379 In
661 2315 789 2384 hoc
821 2320 1113 2385 carceris
1148 2320 1446 2405 paedore,
1492 2324 1785 2386 remotus
1828 2338 1873 2384 a
1921 2317 2356 2396 bibliotheca,
2387 2334 2678 2401 pressus,

460 2422 743 2502 catenis,
770 2441 906 2490 non
931 2422 1060 2491 fuit
1089 2424 1383 2504 otiosuS‚
1406 2443 1623 2510 neque
1650 2423 1872 2490 dolori
1896 2421 2290 2499 succubuit,
2308 2419 2430 2490 sed
2455 2417 2676 2485 medi·

460 2525 678 2591 cinam
706 2529 904 2612 petiit
933 2549 1025 2594 ex
1055 2529 1305 2594 studiis
1334 2528 1718 2614 sapientiae,
1763 2547 1919 2613 quae
1974 2526 2117 2591 sola
2163 2524 2370 2591 animi
2400 2524 2677 2606 aegritu,-

460 2626 682 2695 dinem
711 2629 926 2696 lenire
954 2638 1207 2716 potest,
1235 2638 1305 2698 et
1331 2632 1404 2697 in
1433 2632 1712 2699 summis
1741 2630 1973 2702 malis
1988 2628 2139 2694 sola
2181 2635 2289 2693 est
2332 2628 2461 2692 viri
2505 2625 2680 2692 boni

459 2732 840 2802 haereditas.
931 2735 1229 2801 Primum
1267 2756 1424 2821 ergo
1469 2734 1773 2820 scripsit,
1811 2734 1900 2800 ad
1932 2731 2323 2818 exemplum
2341 2728 2680 2805 Socratis,

460 2834 889 2921 ‘Apologiae,
917 2840 1029 2904 vel
1057 2825 1464 2919 defensionis
1491 2859 1638 2904 suae
1665 2839 1930 2918 librum,
1974 2843 2206 2903 contra
2226 2834 2440 2901 falsas
2464 2832 2675 2897 male·

462 2940 771 3006 volorum
816 2942 1341 3009 accusationes?
1384 2942 1457 3007 id
1501 2943 1683 3007 enim
1732 2947 1881 3027 ipse
1934 2941 2191 3006 indicat
2241 2939 2350 3003 his
2399 2934 2674 3001 verbis:

465 3042 732 3128 ‘Cujus
784 3046 881 3110 rei
944 3047 1189 3112 seriem
1246 3053 1450 3130 atque
1507 3048 1881 3123 veritatem,
1941 3063 2028 3109 ne
2086 3044 2302 3109 latere
2356 3048 2678 3126 posteros

468 3154 698 3232 queat,
732 3149 911 3235 stylo
941 3152 1147 3216 etiam
1175 3151 1653 3235 memoriaeque
1683 3146 2046 3215 mandavi?
2090 3146 2377 3231 Scripsit
2404 3157 2684 3230 quoquc

465 3251 537 3317 in
564 3252 804 3318 eodem
836 3273 1103 3320 carcere
1143 3251 1277 3319 ‘ad
1307 3252 1785 3339 Symmachum
1813 3251 2057 3318 librum
2084 3249 2168 3315 de
2199 3248 2272 3313 S.
2299 3239 2681 3319 Trinitato:

468 3376 604 3442 quo
633 3359 1039 3424 sententiam
1074 3357 1157 3423 Β.
1189 3355 1554 3440 Augustini
1605 3355 1895 3422 breviter
1940 3352 2299 3439 expressit.
2389 3344 2687 3434 Scripsit

465 3458 782 3526 leniendo.
809 3462 1031 3529 dolori
1054 3479 1186 3526 suo
1230 3457 1480 3527 ‘libros
1530 3460 1699 3526 istos
1731 3460 2026 3545 quinque
2075 3457 2160 3522 de
2198 3453 2681 3522 Consolatione

469 3564 983 3650 Philosophiae.’
1069 3563 1319 3650 Neque
1346 3583 1511 3629 vero
1543 3583 1718 3648 opus
1746 3562 1865 3628 ille
1890 3568 2125 3639 totum,
2169 3565 2368 3645 prout
2409 3560 2678 3623 institu-

469 3676 632 3748 erat,
685 3668 1008 3736 absolvit:
1069 3661 1286 3733 habeo
1337 3668 1514 3742 enim
1568 3668 1946 3733 certissima
1995 3669 2380 3748 argumenta
2427 3661 2682 3745 quibus

469 3793 757 3857 possum
799 3772 1131 3849 evincere,
1177 3770 1602 3855 propositum
1650 3767 1945 3835 Boethio
1967 3767 2203 3845 fuisse,
2247 3782 2335 3828 ex
2380 3762 2684 3829 doctrina

472 3890 748 3961 quoque·
776 3873 1156 3941 Christiana
1188 3875 1756 3959 easuperioribus
1788 3871 2040 3939 addere·
2061 3869 2305 3956 quibus
2334 3866 2424 3932 ad
2451 3865 2681 3932 consi·

473 3980 876 4046 demtionem
935 3982 1217 4043 aeternae.
1256 3978 1420 4043 vitae
1473 3978 1733 4043 animus
1781 3979 2116 4042 humanus
2159 3969 2382 4038 attolli
2419 3975 2683 4055 posset.

474 4081 656 4147 Nam
685 4082 996 4166 primum,
1023 4100 1158 4146 non
1183 4086 1289 4147 est
1307 4081 1691 4160 verisimile,
1723 4088 1980 4166 partem
2008 4078 2211 4144 istam
2241 4094 2284 4141 a
2305 4071 2684 4147 Christiano

472 4187 764 4266 homine,
834 4191 1119 4252 mortem
1164 4186 1252 4249 ob
1309 4184 1553 4250 oculos
1607 4184 1915 4260 habente,
1963 4178 2172 4245 fuisse
2227 4174 2634 4263 praeteritam
2660 4192 2685 4253 3

477 4308 760 4374 eumque
791 4291 904 4374 qui
936 4290 1018 4355 de
1049 4290 1124 4354 S.
1155 4287 1485 4352 Trinitate
1527 4286 1596 4350 in
1629 4303 1894 4350 carcere
1929 4281 2230 4365 scripsit,
2270 4274 2683 4343 consolatio-
