3049 4928
987 402 1503 454 PntnosoPfflAE
1552 403 1628 452 LI
1641 405 1697 452 Β.
1747 401 1860 452 111.

2397 389 2533 456 279

407 543 874 633 Principium,f
908 555 1164 628 vector,
1196 549 1360 629 dux,
1391 543 2005 629 semiQ'terminus
2038 550 2238 618 idem.

320 722 469 789 pium,
488 730 668 791 vector,
690 727 806 791 dux,
828 725 925 790 via,
948 729 996 774 et
1014 724 1256 775 terminus.

1324 850 1539 903 NOTAE

385 963 408 997 f
421 965 751 1030 Principium]
808 968 928 1019 Non
961 965 1129 1017 minus
1147 979 1386 1017 necessa·

321 1044 451 1094 rium
475 1053 580 1110 est,
592 1053 816 1096 mentem
837 1052 1064 1096 nostram
1081 1061 1227 1096 suum
1247 1045 1386 1111 prin-

324 1120 536 1186 cipium,
598 1138 747 1188 qnam
792 1123 1122 1187 semetipsam
1179 1138 1390 1184 cognos-

325 1213 475 1251 cere:
516 1206 606 1263 nt,
629 1197 1065 1264 videlicet,primi
1097 1200 1338 1252 beneficii
1359 1217 1392 1252 a

323 1291 414 1327 sno
433 1278 711 1330 conditore
732 1279 938 1344 accepti
975 1293 1077 1328 non
1107 1278 1392 1343 immemor,

325 1368 381 1404 se
402 1369 602 1421 suaque
639 1355 809 1405 eidem
836 1371 929 1406 suo
952 1355 1209 1406 conditori
1237 1354 1392 1405 devo-

322 1438 460 1483 veat.
529 1434 684 1483 Deus
707 1441 880 1483 autem
901 1434 972 1482 ita
988 1432 1175 1482 mentis
1195 1439 1392 1481 nostrae

324 1509 640 1575 principium
664 1516 767 1572 est,
783 1517 842 1560 ut
865 1510 1096 1574 quamvis
1110 1522 1257 1558 mens
1275 1523 1389 1572 pos·

324 1594 403 1638 set
434 1587 700 1649 dubitare,
724 1594 897 1637 utrum
922 1586 1065 1636 Deus
1090 1584 1229 1635 foret
1254 1586 1390 1649 prin·

326 1660 520 1726 cipium
543 1678 846 1727 corporum,
867 1662 1051 1713 eadem
1077 1669 1389 1723 tamen,suae

325 1739 595 1790 tenuitatis
630 1740 860 1803 conscia,
888 1753 1093 1804 semper
1115 1739 1388 1790 convinca-

325 1816 424 1878 tur,
445 1830 502 1865 se
523 1830 631 1865 non
649 1816 716 1865 ab
739 1816 840 1865 alio
880 1829 1032 1880 quam
1055 1815 1120 1865 ab
1145 1814 1254 1879 ipso
1275 1815 1390 1865 Deo

327 1887 484 1941 fuisse
524 1899 778 1944 creatam.
863 1892 1008 1942 Hinc
1058 1893 1208 1942 Deus
1258 1892 1391 1941 dixit

325 1966 544 2031 Apocal.
569 1976 618 2021 1.
676 1971 692 1998 ‘
717 1971 828 2035 Ego
848 1985 964 2019 sum
988 1986 1020 2019 α
1041 1974 1097 2019 et
1117 1987 1171 2032 ω,
1195 1968 1389 2032 princi·

326 2044 462 2108 pium
486 2053 543 2097 et
564 2046 720 2096 finis!

393 2120 589 2187 Vector]
643 2123 780 2175 Quia
817 2123 958 2173 Dens
978 2128 1260 2173 conservat
1277 2137 1390 2172 nos-

327 2203 453 2252 tram
475 2209 739 2253 mentem:
777 2217 898 2252 cnm
911 2202 1046 2252 enim
1063 2202 1389 2252 conservatio

329 2276 446 2335 nihil
471 2278 541 2328 sit
563 2279 726 2342 alind,
753 2295 908 2345 quam
943 2279 1247 2330 continuata
1271 2295 1389 2343 pro-

330 2350 522 2418 ductio,
560 2355 710 2405 Dens
755 2353 1114 2408 conservando
1163 2365 1391 2408 nostram

324 2440 572 2498 mentem,
618 2434 752 2485 hanc
794 2434 1003 2487 videtur
1042 2443 1253 2500 portare
1285 2435 1393 2487 sive

329 2510 526 2562 vehere.
577 2511 665 2562 Ad
700 2512 865 2563 Hebr.
911 2519 958 2564 1.
1010 2515 1159 2563 Deus
1199 2514 1393 2564 dicitur

329 2586 345 2614 ‘
366 2598 581 2652 portans
604 2591 774 2638 omnia
796 2589 959 2640 verbo
980 2591 1184 2641 virtutis
1206 2589 1352 2640 suae.’

391 2664 531 2729 Dux]
590 2664 735 2715 Dens
776 2667 913 2716 enim
949 2674 1180 2716 mentem
1218 2667 1393 2717 hnma-

331 2752 444 2790 nam
475 2756 583 2791 non
608 2748 808 2793 tantum
830 2748 976 2793 creat
995 2750 1392 2809 conservatque,

333 2815 420 2864 sed
442 2817 683 2879 eandem,
713 2819 868 2868 etiam
910 2819 975 2867 ab
1009 2825 1148 2880 ortu,
1184 2818 1393 2883 quibus-

332 2891 444 2943 dam
489 2894 741 2946 informat
784 2894 1209 2959 cogitationibus,
1248 2896 1392 2945 nimi-

331 2982 449 3029 rum„
462 2972 808 3036 intelligentia
823 2983 878 3022 et
895 2973 1250 3038 inclinatione,
1270 2988 1396 3039 quas

334 3047 392 3109 si,
433 3051 681 3114 neglecto
715 3051 952 3114 corporis
992 3050 1210 3115 impetn,
1250 3065 1396 3101 mens

337 3122 449 3187 ipsa
471 3134 739 3191 sequatur,
764 3140 1026 3192 nunqnam
1049 3127 1333 3179 aberrabit.

395 3201 603 3267 Semita]
639 3205 774 3254 Nam
798 3204 981 3253 semita
1010 3204 1200 3253 mentis
1217 3205 1321 3254 alia
1342 3205 1396 3255 in

339 3293 526 3342 genere
551 3278 752 3345 formae,
787 3282 890 3331 alia
923 3281 975 3331 in
1000 3297 1190 3346 genere
1225 3296 1395 3334 causae

340 3350 632 3427 efficientis.
694 3359 849 3408 Prior
889 3365 972 3409 est
995 3360 1265 3424 cogitatio,
1296 3377 1399 3428 qua

339 3445 475 3484 mens
509 3452 546 3485 a
592 3436 746 3486 rebus
786 3437 1000 3489 caducis
1043 3440 1294 3489 recedens
1332 3441 1395 3490 ad

340 3507 503 3562 Deum
525 3514 753 3564 accedit.
801 3515 891 3571 Sic
913 3517 1163 3566 Proverb.
1181 3521 1232 3567 4.
1255 3520 1271 3547 ‘
1283 3518 1398 3582 jus·

340 3591 501 3639 torum
538 3592 741 3654 semita,
788 3594 934 3657 qnasi
973 3594 1061 3643 lux
1098 3596 1398 3659 splendens,

340 3668 592 3728 procedit,
616 3676 671 3718 et
693 3671 882 3720 crescit
917 3686 1077 3736 usqne
1106 3673 1171 3722 ad
1197 3672 1394 3737 perfec-

341 3747 447 3792 tum
469 3747 643 3797 diem!
686 3748 955 3800 Posterior
976 3755 1059 3800 est
1089 3751 1202 3814 ipse
1225 3751 1393 3812 Dens,

339 3829 490 3872 rectae
515 3825 840 3888 cogitationis
875 3834 1056 3878 auctor
1074 3844 1090 3877 ι
1126 3829 1204 3880 sic
1224 3828 1396 3879 Cin-is·

343 3900 420 3946 tus
452 3900 605 3951 δοιῇ.
648 3907 725 3953 14.
790 3905 976 3969 ‘Ego,'
1014 3907 1203 3972 inquit,
1246 3907 1392 3956 ‘sum

345 3972 438 4036 via,
458 3983 513 4026 et
535 3972 753 4062 veritas,
772 3987 827 4030 et
848 3980 992 4031 vite-⁹

1534 968 1804 1033 Terminus]
1838 969 1902 1019 Id
1926 976 2143 1024 vocatur
2165 968 2435 1032 terminus,
2459 970 2534 1019 ul-

1470 1051 1554 1095 tra
1576 1045 1711 1111 qnod
1737 1062 1839 1108 ree,
1873 1046 2056 1096 eodem
2092 1045 2257 1109 finita,
2294 1060 2394 1094 non
2434 1044 2533 1094 dif-

1472 1120 1741 1173 funditur:
1778 1124 1915 1173 sicut
1937 1121 2093 1173 caecis
2110 1122 2424 1184 nationibus,
2450 1136 2534 1171 ru·

1472 1198 1555 1247 dis
1611 1198 1943 1265 informisque
1988 1199 2142 1263 lapis,
2184 1199 2319 1248 ultra
2376 1212 2531 1263 quem

1473 1291 1619 1341 ager,
1637 1279 1735 1327 hoc
1756 1277 1932 1341 lapide
1959 1275 2156 1339 finitus,
2172 1291 2273 1326 non
2290 1274 2534 1325 diffundi-

1474 1361 1578 1418 tur,
1599 1355 1883 1405 vocabatur
1904 1354 1920 1381 ‘
1937 1355 2087 1404 Dens
2100 1351 2408 1405 Terminus?
2437 1350 2534 1402 At-

1472 1432 1558 1498 qui
1573 1434 1714 1482 Deus
1730 1439 1809 1481 est
1833 1432 1883 1480 id
1909 1432 1973 1481 ad
1992 1432 2127 1496 qnod
2146 1444 2290 1480 mens
2312 1430 2536 1480 humana

1472 1509 1752 1575 cogitando
1771 1506 1986 1559 diffundi
2024 1507 2184 1558 debet
2197 1521 2217 1574 3
2266 1506 2363 1556 sed
2400 1507 2538 1555 ultre

1470 1588 1611 1655 quod
1631 1588 1813 1638 endem
1848 1602 1991 1637 mens
2030 1584 2311 1650 cogitando
2345 1585 2538 1635 versari

1472 1681 1577 1716 non
1620 1673 1815 1731 potest.
1867 1664 2023 1715 Joau.
2044 1668 2095 1715 6.
2148 1663 2163 1690 ‘
2187 1661 2427 1724 Domine,
2465 1660 2533 1709 ad

1473 1758 1627 1809 quem
1670 1742 1890 1791 ibimus?
1955 1740 2117 1790 verba
2155 1739 2276 1788 vitae
2322 1744 2537 1788 aeternae

1469 1816 1668 1870 babes.’
1704 1818 1850 1868 Sicut
1871 1821 2045 1865 autem
2067 1814 2238 1864 omnia
2257 1815 2370 1864 haec
2390 1819 2541 1862 recte

1471 1895 1721 1947 dicuutur
1744 1895 1810 1944 de
1846 1895 1986 1954 Deo,
2018 1900 2076 1941 ut
2103 1893 2217 1957 jam
2241 1890 2536 1955 expositum

1472 1981 1574 2035 est,
1595 1973 1669 2022 ita
1690 1968 1791 2021 non
1830 1971 1965 2020 male
1998 1969 2298 2019 dicerentur
2336 1967 2402 2017 de
2424 1967 2539 2030 ipsa

1474 2049 1774 2115 cognitione
1799 2047 1920 2109 Dei,
1943 2046 2106 2096 menti
2138 2053 2327 2095 nostrae
2363 2044 2539 2108 insita,

1473 2141 1588 2193 quae
1612 2132 1824 2176 notatur
1839 2124 1918 2173 his
1938 2122 2129 2186 verbis,
2150 2124 2165 2149 ‘
2184 2120 2265 2171 Te
2281 2118 2537 2171 cernere.'

1471 2204 1651 2254 Primo
1675 2203 1814 2252 enim
1836 2201 1925 2251 illa
1963 2199 2029 2248 de
2068 2199 2183 2248 Deo
2224 2197 2380 2247 insita
2415 2211 2540 2262 cog·

1473 2282 1605 2332 nitio
1645 2289 1791 2330 recte
1831 2278 2023 2329 dicitur
2054 2278 2068 2304 ‘
2094 2275 2207 2325 finis
2227 2275 2262 2324 ε’
2297 2275 2537 2341 quoniam

1474 2374 1538 2409 eo
1562 2358 1667 2407 fine
1691 2356 1815 2407 facti
1852 2369 2026 2406 sumus
2066 2366 2098 2402 a
2124 2355 2259 2416 Deo,
2279 2362 2340 2404 ut
2363 2353 2536 2403 Deum

1472 2436 1641 2500 ipsum
1684 2433 1988 2500 cogitemus.
2065 2430 2311 2482 Secundo
2354 2429 2540 2481 eadem

1474 2514 1707 2578 cognitio
1731 2519 1876 2562 recte
1896 2512 2091 2560 dicitur
2130 2511 2145 2538 ‘
2172 2507 2482 2573 principium
2505 2504 2541 2569 ς’

1475 2590 1615 2655 quia,
1636 2595 1695 2637 nt
1712 2603 1864 2638 omne
1888 2597 2116 2636 nostrum
2140 2584 2333 2634 bonum
2350 2598 2481 2648 opus
2506 2598 2538 2632 a

1473 2666 1613 2716 bona
1651 2675 1832 2716 nostra
1872 2664 2210 2730 cogitatione,
2263 2664 2340 2712 sic
2371 2661 2536 2711 omnis

1472 2750 1654 2793 nostra
1696 2743 1832 2794 bona
1876 2741 2131 2806 cogitatio
2170 2739 2235 2789 ab
2275 2739 2392 2804 ipsa
2432 2736 2538 2788 Dei

1474 2823 1793 2887 cognitione,
1815 2822 1958 2871 velut
1979 2837 2010 2869 a
2033 2818 2309 2884 principio,
2331 2818 2497 2869 oritur
2521 2832 2535 2866 ε

1449 2900 1681 2965 “ignoti
1721 2899 1862 2948 nulla
1907 2894 2133 2962 cupido,'
2189 2895 2326 2961 qnod
2383 2895 2540 2958 vulgo
2591 2890 2594 2895 ’

1476 2979 1676 3029 dicunt.
1740 2977 1920 3027 Tertia
1953 2976 2135 3026 eadem
2172 2974 2273 3023 Dei
2307 2973 2539 3037 cognitio

1476 3063 1623 3107 recte
1641 3055 1835 3107 dicitur
1856 3058 1873 3084 ‘
1902 3052 2115 3117 vector-,⁹
2134 3051 2312 3116 ‘dnx‚’
2331 3058 2390 3101 et
2423 3051 2439 3080 ‘
2457 3065 2538 3100 se-

1475 3133 1663 3194 mitas
1711 3132 1847 3198 qnod
1891 3133 2005 3182 haec
2049 3137 2251 3181 nostras
2294 3129 2539 3194 cogitati-

1475 3225 1622 3274 oneS,
1671 3218 1953 3276 nostraque
2002 3209 2171 3258 omnia
2221 3214 2327 3257 tam
2381 3206 2541 3271 dicta,

1444 3344 1449 3347 ,
1478 3302 1631 3353 quam
1651 3286 1814 3350 facta,
1838 3287 1902 3335 ad
1924 3286 2097 3335 Deum
2124 3284 2362 3335 videatur
2384 3283 2544 3347 ferre,

1477 3381 1707 3430 movere,
1752 3372 1810 3415 et
1866 3365 2076 3416 ducere.
2116 3364 2386 3430 ·Deniqne
2427 3363 2542 3414 haec

1478 3445 1582 3495 Dei
1593 3451 1772 3495 nostra
1787 3443 2018 3507 cognitio
2035 3449 2182 3492 recte
2194 3441 2387 3491 dicitur
2405 3439 2421 3467 ‘
2437 3447 2543 3490 ter·

1478 3521 1646 3585 minus
1667 3519 1703 3570 :'
1734 3519 1986 3584 siqnidem
2010 3524 2313 3583 comparata
2334 3531 2416 3581 ea,
2439 3531 2541 3582 qua

1480 3596 1720 3648 defuncti
1741 3596 1846 3647 frui
1880 3611 2161 3661 speramus,
2182 3595 2419 3660 perfecta
2432 3596 2544 3646 Dei

1474 3675 1792 3738 cognitione,
1850 3673 2015 3722 veluti
2070 3682 2367 3738 comparato
2414 3673 2539 3724 vitae

1473 3757 1668 3799 nostroe
1716 3748 1939 3799 termino
1977 3749 2319 3815 quiescemus.
2382 3749 2538 3802 Joan.

1476 3833 1558 3878 1⁷.
1590 3830 1606 3857 ⁴
1633 3827 1768 3879 Haec
1787 3834 1871 3878 est
1888 3828 1995 3878 vite
2011 3835 2228 3891 fleterna,
2251 3835 2310 3877 nt
2326 3839 2540 3891 cognos-

1474 3913 1601 3955 cant
1622 3910 1675 3954 te
1698 3905 1862 3954 solum
1886 3906 2057 3954 Deum
2085 3919 2287 3969 verum,
2304 3911 2363 3956 et
2384 3918 2537 3970 quem

1473 3980 1660 4032 misisti
1686 3982 1857 4032 Iesum
1881 3981 2181 4032 Christum?
