3049 4928
518 406 649 473 372

1211 419 1529 468 1301?anae
1573 420 1670 468 DE
1720 417 2027 467 coNson.

599 564 821 649 Tigris
847 570 920 629 et
949 558 1324 648 Euphrates
1342 559 1366 598 f
1402 583 1536 628 uno
1568 583 1641 628 se
1667 563 1846 630 sonte
1876 565 2237 645 resolvunt,

687 668 778 733 Et
805 686 966 732 mox
988 665 1317 750 abjunctis
1346 666 1786 730 dissociantur
1815 667 2036 751 aquis,

602 773 677 838 Si
708 770 975 849 coeant,
1007 789 1410 854 cursumque
1439 771 1675 834 iterum
1704 776 2090 834 revocentur
2116 772 2183 834 in
2227 790 2454 849 unum,
2665 773 2704 834 5

689 873 1002 940 Confluat
1030 872 1265 938 alterni
1293 874 1475 957 quod
1509 874 1704 938 trahit
1731 873 1906 937 unda
1926 874 2080 937 vadi
2105 882 2168 939 :⁸

539 1000 556 1011 ..
603 976 1059 1043 Conveniant⁷
1102 995 1385 1061 puppeS,
1417 982 1486 1041 et
1514 977 1687 1040 vulsi
1718 975 1989 1040 flumine
2022 977 2263 1055 trunci,

690 1079 1038 1162 Mistaque
1066 1078 1376 1143 fortuitos
1404 1079 1698 1163 implicet
1724 1077 1906 1142 unda
1932 1079 2170 1143 modos
2196 1100 2237 1143 :-

514 1302 871 1366 insequentium,
889 1303 1136 1365 statimque
1156 1303 1247 1350 duo
1269 1301 1353 1350 illa
1374 1301 1586 1365 flunzina
1617 1306 1899 1364 separantur
1934 1303 2032 1351 suia
2062 1303 2197 1364 aquis
2217 1302 2399 1350 divisis.
2473 1299 2533 1350 Si
2552 1312 2702 1348 conve·

515 1368 650 1416 uiant
666 1374 714 1416 et
729 1382 916 1415 rursum
939 1367 1219 1427 redigantur
1239 1367 1291 1415 in
1324 1382 1468 1415 unum
1484 1381 1690 1426 cursum,
1714 1373 1813 1415 tum
1834 1369 1955 1430 quod
1971 1381 2093 1429 aqua
2113 1367 2354 1430 utriusque
2371 1366 2523 1430 fluvii
2543 1361 2700 1424 defert,

515 1433 635 1482 illud
655 1431 797 1481 coibit
810 1450 831 1492 ,·
852 1446 997 1496 quare
1018 1446 1159 1482 noves
1180 1432 1426 1495 truncique
1443 1431 1794 1496 abreptifluvio
1810 1432 2016 1494 coibunt,
2035 1436 2081 1480 et
2109 1447 2245 1496 nquae
2261 1432 2509 1496 permista
2521 1430 2700 1490 consun-

582 1699 611 1743 7
645 1693 841 1745 Thuan.
864 1694 1141 1758 secundm,
1158 1692 1286 1758 Reg.
1306 1692 1512 1746 etVict.
1532 1674 1831 1745 'secundusz
1869 1693 2176 1744 convenient.

1507 1863 1718 1915 NOTAE

577 2005 603 2037 f
614 2005 777 2067 Tigris
796 2009 844 2053 et
876 2002 1158 2067 Euphraten]
1177 2003 1372 2067 TigriS,
1392 2018 1422 2052 a
1440 2005 1577 2053 cele·

522 2083 678 2132 ritate
717 2081 791 2130 sic
842 2079 1015 2131 dictus
1064 2088 1282 2144 propter
1335 2080 1578 2142 sagittam

517 2160 737 2210 Persica
768 2157 948 2221 lingua
979 2158 1355 2229 cognominem,
1383 2154 1579 2207 flumen

520 2243 623 2298 est,
654 2234 791 2299 quod
826 2233 993 2283 oritur
1025 2233 1078 2281 in
1103 2232 1366 2295 Armenia,
1400 2234 1440 2281 si
1475 2248 1578 2282 non

520 2326 584 2362 ex
622 2311 805 2360 eodem
847 2308 1009 2372 fonte,
1031 2310 1461 2375 quemadmodum
1498 2311 1576 2361 ait

518 2389 806 2454 praedictus
840 2387 1134 2450 Sallustius»,
1169 2387 1353 2437 saltem
1388 2403 1454 2438 ex
1488 2402 1574 2438 eo-

519 2468 639 2518 dem
664 2474 857 2525 moute‚
881 2481 946 2515 ex
965 2481 1067 2531 quo
1101 2464 1424 2529 Euphrates:
1463 2472 1571 2515 tum

517 2543 762 2594 fluctibus
786 2542 1218 2606 Mesopotamiam
1257 2542 1574 2592 alluentibus

517 2619 689 2670 influit
724 2620 776 2669 in
799 2617 1138 2683 Euphratem,
1169 2633 1284 2668 cum
1310 2633 1411 2683 quo
1435 2618 1486 2667 in
1510 2619 1577 2667 si-

516 2714 640 2750 num
663 2699 932 2749 Persicum
959 2687 1147 2748 influit.
1189 2693 1272 2747 De
1295 2697 1391 2746 hoc
1413 2696 1576 2747 fluvio

518 2777 750 2842 loquitur
772 2777 917 2838 Virg.
937 2789 974 2824 1.
999 2775 1114 2824 Ecl.
1140 2789 1218 2824 vs.
1242 2780 1326 2824 62.
1390 2777 1406 2803 ‘
1432 2774 1579 2825 Ante

520 2852 811 2917 pererratis
826 2852 1097 2901 amborum
1114 2851 1299 2901 finibus
1327 2854 1447 2901 exul
1469 2851 1580 2901 Aut

524 2927 734 2979 Ararim
757 2929 987 2978 Parthus
999 2929 1159 2990 bibet,
1184 2935 1274 2977 aut
1296 2927 1579 2979 Germania

518 3006 755 3071 Tigrim!
802 3007 1246 3069 Euphratesvero,
1268 3005 1348 3053 sic
1365 3011 1579 3053 vocatus

520 3092 743 3149 propter
763 3084 1003 3133 laetitiam
1042 3095 1194 3147 quam
1218 3082 1401 3131 incolis
1425 3079 1578 3130 affert

517 3176 611 3211 sua
632 3161 966 3210 inundatione
980 3173 1131 3223 agros
1154 3156 1478 3219 foecundam,
1496 3164 1579 3206 est

520 3240 661 3290 aliud
683 3235 897 3301 flumen,
925 3238 1065 3303 quod
1090 3253 1157 3288 ex
1190 3237 1452 3301 praedictis
1475 3235 1574 3285 Ar-

516 3318 701 3366 menie.
719 3316 979 3366 montibus
999 3315 1194 3379 pariter
1212 3316 1395 3365 oritur.
1460 3314 1576 3363 Me·

518 3393 875 3458 nopotamiam,
891 3397 952 3441 nt
988 3392 1139 3442 Nilus
1162 3393 1464 3457 IEgyptum,
1485 3406 1576 3441 ex-

519 3469 718 3519 undans
737 3468 1022 3533 foecundat,
1048 3476 1104 3519 et
1125 3469 1386 3532 adjunctis
1407 3469 1577 3532 Tigris

516 3544 767 3596 fluctibus
788 3548 843 3595 in
872 3547 1143 3595 Persicum
1165 3547 1342 3595 Sinum
1366 3545 1575 3597 labitur.

519 3623 606 3672 De
627 3623 726 3673 hoc
758 3624 961 3674 locutus
982 3619 1252 3687 virgiliae,
1284 3629 1346 3672 ut
1380 3622 1577 3685 signifi-

519 3709 667 3750 caret
684 3700 875 3750 bellum
885 3699 1227 3761 Parthorum,
1243 3713 1459 3764 quorum
1474 3704 1580 3748 ter-

518 3777 686 3827 minus
721 3784 837 3827 erat
868 3777 1160 3840 Euphrates
1196 3776 1396 3839 Georg.
1432 3789 1471 3826 1.
1505 3791 1582 3828 vs·

520 3856 637 3906 609.
704 3853 720 3883 ‘
742 3855 881 3904 Hinc
904 3861 1082 3903 movet
1105 3853 1413 3917 Euphrates,
1433 3853 1578 3904 illinc

520 3928 806 3980 Germania
824 3928 1054 3979 bellum!
1075 3929 1190 3979 Nec
1206 3944 1413 3993 possum
1434 3930 1583 3979 omit-

519 4011 635 4064 tere
670 4006 811 4071 quod
846 4007 914 4058 Q.
960 4005 1170 4057 Curtius
1195 4006 1228 4056 1.
1262 4020 1316 4055 v.
1348 4005 1477 4055 dicit
1515 4006 1581 4056 de

521 4089 743 4146 utroque
778 4083 876 4132 hoc
899 4079 1143 4132 flumine:
1200 4077 1334 4131 ‘Isti
1369 4082 1580 4146 amnes,’

519 4156 711 4222 inquit,
746 4160 762 4188 ⁴
785 4173 849 4207 ex
872 4157 1135 4212 Armeniae
1172 4158 1428 4207 montibus
1465 4172 1580 4221 pro·

522 4231 709 4296 fluunt,
752 4241 809 4283 et
853 4246 1038 4299 magno
1080 4233 1273 4284 deinde
1330 4235 1579 4299 aquarum

522 4308 744 4362 divortio
787 4311 905 4374 iter,
937 4310 1075 4376 quod
1111 4325 1321 4377 cepere,
1364 4323 1578 4375 percur-

1659 2009 1797 2066 runt,
1819 2005 1922 2055 duo
1947 2004 2103 2054 millia
2140 2010 2194 2052 et
2230 2001 2515 2067 quingenta
2547 2001 2704 2050 stadia

1659 2082 1852 2130 emensi
1874 2081 2123 2145 sunt‚qui
2155 2080 2523 2142 amplissimum
2557 2079 2705 2128 inter·

1661 2158 1848 2207 vallum
1873 2158 2014 2208 circa
2035 2157 2297 2206 Armeniae
2336 2163 2539 2205 montes
2562 2162 2703 2204 nota·-

1658 2243 1866 2285 verunt.
1931 2235 2095 2284 Iidem
2122 2249 2237 2284 cum
2260 2233 2457 2283 Mediae
2488 2240 2542 2282 et
2577 2233 2702 2281 Gor·

1659 2312 1927 2363 dianorum
1982 2320 2151 2363 terras
2204 2324 2383 2360 secare
2425 2316 2706 2373 coeperunt,

1654 2392 1905 2458 paulatim
1928 2391 1980 2440 in
2011 2391 2205 2440 arctius
2254 2388 2482 2440 coeunt:
2519 2397 2575 2436 et
2608 2402 2701 2452 quo

1652 2470 1855 2534 longius
1872 2475 2097 2529 manant,
2107 2469 2204 2517 hoc
2221 2466 2487 2530 angustius
2504 2466 2642 2515 inter
2655 2478 2706 2513 se

1653 2549 1878 2613 spatium
1928 2554 2086 2596 terrae
2137 2545 2451 2609 relinquunt.
2542 2541 2708 2591 Vicini

1656 2626 1877 2675 maxime
1895 2631 2014 2673 sunt
2036 2623 2115 2672 his
2138 2620 2359 2686 camphi,
2382 2631 2510 2684 quos
2531 2618 2710 2667 incolae

1657 2700 2090 2766 Mesopotamiam
2104 2705 2309 2749 vocant.
2328 2695 2554 2745 Mediam
2574 2697 2710 2744 nam·

1655 2793 1757 2844 que
1793 2778 1856 2828 ab
1901 2784 2119 2840 utroque
2167 2777 2334 2825 latere
2375 2772 2711 2823 concludunt.

1657 2855 1824 2905 Iidem
1852 2868 1945 2918 per
1967 2851 2369 2917 Babyloniorum
2387 2849 2517 2899 fines
2540 2848 2594 2898 in
2611 2850 2711 2898 Ru·

1658 2929 1808 2982 brum
1829 2931 1982 2980 Mare
2007 2925 2386 2993 prorumpunt!

1723 3016 1749 3051 8
1772 3009 1911 3057 Unda
1925 3005 2062 3070 vach]
2081 3004 2287 3054 Vadum
2308 3001 2492 3053 dicunt
2512 2998 2711 3067 aquam,

1659 3099 1774 3149 quae
1796 3083 2059 3133 littoribus
2080 3096 2182 3131 non
2206 3081 2283 3130 ita
2316 3079 2530 3143 dissitis,
2553 3076 2703 3142 pede,

1656 3167 1749 3210 aut
1768 3176 1920 3225 equo,
1950 3167 2040 3210 aut
2072 3159 2256 3209 saltem
2279 3157 2468 3222 cymba
2488 3154 2712 3218 facilius,

1655 3251 1807 3302 quam
1848 3251 1999 3290 mare,
2023 3234 2235 3284 transiri
2282 3239 2488 3298 potest:
2526 3230 2713 3280 undea

1658 3313 1914 3375 vadendo,
1958 3313 2041 3361 vel
2073 3327 2105 3360 a
2144 3312 2333 3361 Graeco
2370 3308 2535 3373 βάδος,
2578 3309 2713 3358 locus

1658 3405 1755 3455 per
1773 3404 1922 3455 quem
1947 3388 2174 3451 vaditur,
2193 3387 2379 3437 vadum
2400 3393 2591 3451 putant
2611 3385 2707 3434 ori-

1658 3467 1723 3517 ri.
1789 3466 1994 3517 Gallice
2028 3464 2244 3514 dicimus
2288 3465 2330 3513 le
2361 3463 2475 3525 gua,
2503 3465 2713 3527 passer-a

1653 3542 1780 3605 gua:
1820 3540 2093 3591 inferiores
2136 3539 2388 3590 Normani
2432 3537 2633 3599 dicunt,
2673 3539 2713 3585 te

1657 3620 1815 3680 grand
1838 3622 1887 3668 et
1907 3619 1951 3667 le
1981 3617 2108 3681 petit
2140 3616 2213 3667 υέ.
2279 3615 2555 3665 Alternum
2589 3625 2708 3676 ergo

1659 3693 1787 3743 illud
1810 3693 1998 3743 vadum
2021 3693 2129 3741 aive
2148 3690 2360 3751 fiumen,
2382 3693 2569 3754 utpote
2581 3686 2710 3753 qnod

1661 3770 1788 3834 ipsis
1816 3775 2018 3818 naturoe
2050 3767 2255 3831 legibus
2287 3764 2421 3826 fluit,
2455 3773 2561 3815 tam
2595 3768 2712 3812 noto

1663 3853 1871 3911 tamque
1890 3852 2035 3896 certo
2054 3859 2205 3895 cursu
2225 3842 2411 3904 fertur,
2433 3848 2491 3890 ut
2514 3840 2580 3890 ab
2596 3838 2713 3903 ipsis

1661 3923 1950 3974 horninibus
1989 3921 2269 3987 praevideri
2301 3927 2358 3969 et
2377 3917 2576 3968 intendi
2604 3930 2711 3981 poa-

1666 4003 1771 4052 sit:
1823 4017 1938 4051 cum
1969 4007 2146 4050 tamen
2191 4012 2415 4065 puppes,
2450 3994 2631 4053 trunci,
2659 3997 2712 4041 et

1662 4086 1839 4129 cetera
1864 4076 2115 4143 ejusmodi
2159 4087 2396 4139 corpora,
2428 4086 2548 4138 quae
2585 4070 2715 4133 ejus·

1661 4154 1801 4204 modi
1820 4154 1965 4219 aquis
1989 4149 2300 4201 circumfusa
2318 4149 2592 4208 vehuntur,
2611 4143 2708 4193 sor·

1661 4232 1797 4281 tuito
1830 4229 2232 4293 aive‘inopiuato
2254 4232 2446 4276 eventu
2470 4220 2703 4273 conveni·-

1662 4314 1771 4358 ΜΠ.
2393 4327 2401 4332 ’
