3049 4928
509 361 640 427 100
1198 374 1500 423 sos‘rnu
1558 374 1652 423 ns
1700 347 2013 425 c‘oNsonss

508 523 798 588 omnium
833 522 1147 601 studium,
1200 522 1553 593 detulisse.
1644 524 1811 589 Inde
1841 545 1997 591 cum
2038 524 2412 610 improbis?
2475 543 2712 610 graves

509 628 1131 712 inexorabilesque⁸
1176 626 1580 705 discordiae,
1612 635 1679 694 et
1724 629 1909 713 quod
1956 628 2388 694 conscientiae
2440 629 2743 698 libertas

507 735 756 811 habet,⁵
846 752 968 817 pro
1040 734 1288 799 tuendo
1357 733 1508 818 jure
1580 741 1809 817 spreta
1885 732 2383 819 potentiorum⁶
2455 751 2714 817 semper

505 837 840 903 offensio.⁶
928 834 1218 914 Quoties
1239 856 1363 919 ego
1395 836 1868 920 Conigastum⁶
1911 839 1980 904 in
2009 837 2364 904 imbecillis
2386 837 2714 922 cujusque

504 941 813 1005 fortunas
869 937 1191 1020 impetum
1249 938 1603 1003 facientem
1652 940 1939 1004 obvius⁸
2006 942 2289 1025 excepi!
2316 948 2344 998 2
2424 940 2712 1020 Quoties

506 1040 969 1125 Trigullam²³‘¹
1016 1041 1217 1123 regiae
1264 1042 1713 1125 praepositum
1759 1042 2044 1107 domus‘
2089 1044 2176 1107 ab
2228 1044 2526 1127 incepta,
2573 1060 2718 1125 per-

504 1151 941 1229 petrataque⁹
999 1144 1143 1228 jam
1175 1163 1446 1228 prorsus
1490 1144 1735 1228 injuria
1781 1143 2043 1230 dejeci!
2085 1143 2377 1226 Quoties
2404 1144 2717 1220 miseroS,

567 1354 591 1379 ¹
626 1346 963 1408 Implacabiles.
1569 1347 1591 1379 ὁ
1628 1350 1914 1399 occurrens.
2046 1357 2067 1382 θ
2108 1349 2279 1413 Vulgo,
2311 1348 2568 1398 Intendant
2588 1347 2648 1396 de
2667 1347 2714 1395 la

506 1411 700 1461 Maison
735 1413 931 1477 Royale.

1073 1400 1078 1405 ,
1095 1354 1120 1380 ⁰
1153 1347 1433 1398 [nimie-itia.

2350 1499 2369 1528 2·

502 1591 626 1641 dum
670 1591 750 1641 hic
794 1605 907 1640 esse
949 1591 1372 1653 Magister-iatum)
1403 1591 1594 1641 Vallin.
1631 1592 1750 1642 vid.
1803 1592 1929 1642 Not.
1967 1592 2160 1644 inf.—5
2194 1594 2301 1644 Ms.
2342 1591 2546 1643 Erfnrt.
2596 1595 2719 1656 quod

498 1658 710 1706 scientie
725 1657 916 1705 libertas
931 1655 1190 1706 haben—6
1215 1657 1355 1706 Flor.
1389 1656 1548 1704 habet
1566 1662 1808 1718 potentum
1823 1673 1840 1705 .·
1863 1665 2091 1708 nostram
2108 1659 2233 1709 lect.
2253 1657 2501 1708 exhibent
2521 1657 2717 1721 Delph.

501 1728 558 1772 et
599 1721 772 1771 Hack.
811 1720 971 1770 etiam
992 1722 1099 1771 Ms.
1140 1721 1492 1772 Rittersh.—-⁷-
1521 1721 1585 1770 ln
1615 1723 1746 1773 Mss.
1779 1721 1976 1774 Erfurt.
2014 1723 2126 1773 haec
2162 1724 2240 1774 ita
2274 1724 2548 1787 leguntur:
2591 1722 2719 1778 Quo-

500 1786 595 1835 ties
628 1802 736 1849 ego,
758 1786 918 1835 obvius
938 1786 983 1835 ei
1008 1787 1051 1834 C
1074 1818 1253 1836 ......
1264 1785 1527 1846 facientem
1563 1790 1838 1850 except—8
1872 1788 2053 1839 Codex
2077 1788 2224 1839 vict.
2255 1788 2512 1838 secundus
2543 1787 2720 1848 habet,

503 1851 852 1914 Trigguillam:
876 1850 995 1901 edd.
1024 1850 1216 1915 Delph.
1252 1857 1309 1900 et
1345 1851 1520 1901 Hack.
1546 1852 1942 1915 willam—9
1973 1854 1990 1881 ‘
2011 1854 2141 1917 Reg.
2177 1859 2235 1903 et
2271 1854 2415 1903 vict.
2461 1851 2717 1903 secundus

500 1916 677 1979 babet,
707 1921 756 1966 et
788 1921 1095 1981 perpetrata.-
1152 1915 1246 1965 sed
1286 1916 1482 1980 optime
1521 1917 1666 1967 Vict.
1708 1921 1907 1983 primus
1959 1918 2277 1983 imperataque
2319 1917 2467 1979 jam!
2522 1918 2718 1968 Vallin.

1500 2064 1713 2115 NOTAE

502 2180 813 2244 optimarum
850 2194 1040 2244 rerum,
1078 2179 1130 2229 id
1167 2180 1290 2229 nihil
1318 2180 1457 2230 aliud
1481 2181 1565 2246 sit,
1654 2180 1795 2231 cives
1840 2179 2112 2243 beneficia,
2149 2180 2216 2231 de
2268 2179 2452 2246 quibus
2489 2194 2718 2230 seorsum

502 2273 659 2323 quam
692 2256 899 2323 quidam
939 2257 1124 2321 prioris
1163 2259 1390 2308 notionis
1414 2265 1469 2309 et
1492 2258 1568 2308 in·

495 2334 798 2384 clinationis
820 2332 1024 2394 modus,
1048 2334 1183 2395 sive,
1204 2339 1266 2384 ut
1286 2334 1433 2384 aiunt
1448 2336 1462 2362 ‘
1482 2333 1571 2385 de·

491 2410 845 2464 terminatio?
915 2411 1054 2460 Hinc
1094 2412 1373 2462 Lucretius
1407 2412 1495 2464 lib.
1518 2426 1571 2464 v-

495 2491 512 2518 ‘
534 2490 672 2540 Nam
696 2489 759 2550 si,
790 2495 849 2538 ut
884 2488 997 2552 ipsa
1022 2490 1155 2552 petit
1179 2489 1423 2553 majestas
1446 2504 1569 2555 cog·

493 2565 614 2617 nita
645 2575 838 2625 rerum,
857 2565 1145 2616 Dicendum
1169 2573 1284 2618 est:
1312 2568 1455 2617 Deus
1477 2567 1568 2617 ille

499 2641 626 2707 fuit,
641 2644 803 2708 Deus,
836 2644 1033 2709 inclyte
1049 2645 1284 2706 Memmi,
1299 2644 1402 2697 Qui
1428 2644 1570 2710 prin·

500 2735 627 2784 ceps
653 2720 774 2771 vitae
796 2721 1050 2772 rationem
1074 2722 1273 2771 invenit
1295 2736 1426 2786 eam,
1447 2736 1566 2788 quae

502 2797 660 2848 Nunc
704 2800 1003 2862 appellatur
1036 2799 1322 2863 sapientia:
1375 2798 1567 2864 quique

487 2889 600 2938 per
625 2881 790 2925 artem
827 2876 1095 2927 Fluctibus
1134 2890 1163 2925 e
1207 2875 1365 2925 tantis
1389 2876 1572 2936 vitam,

501 2945 767 3016 tantisque
793 2952 1043 3015 tenebris,
1063 2953 1126 3001 In
1143 2960 1246 3001 tam
1273 2951 1570 3017 tranquillo,

491 3034 558 3077 et
590 3034 698 3078 tam
723 3028 863 3078 clara
879 3030 995 3079 luce
1017 3025 1250 3079 locavit!

491 3144 496 3149 .
566 3102 589 3135 ¹²
611 3104 730 3154 Inde
743 3121 851 3154 cum
872 3104 1123 3170 improbis]
1141 3104 1293 3156 Quod
1316 3103 1569 3156 videlicet

501 3181 788 3244 praeceptis
815 3179 1182 3245 philosophicis
1206 3180 1449 3231 addictus
1468 3196 1570 3231 non

487 3258 514 3298 .‘
534 3257 629 3308 nisi
647 3259 911 3308 communi
935 3257 1185 3308 bonorum
1215 3258 1443 3309 omnium
1459 3265 1568 3309 stu·

501 3333 592 3384 dio
608 3334 626 3356 ’
656 3335 723 3385 ad
746 3336 1109 3400 magistratum
1131 3335 1408 3388 accesserit
1428 3337 1564 3388 Boe-

501 3410 660 3475 thiuS,
695 3411 866 3461 eidem
892 3410 1105 3462 fuerunt
1135 3413 1152 3440 ‘
1175 3427 1292 3463 cum
1313 3413 1564 3478 improbis

499 3501 684 3560 graves
735 3487 1186 3555 inexorabilesque
1239 3488 1510 3540 discordiae
1536 3490 1571 3539 :’

499 3563 624 3615 hinc
643 3564 783 3613 enirn
803 3564 1020 3615 diversoe
1039 3563 1247 3614 Boethii
1286 3571 1341 3616 et
1376 3565 1569 3630 impro-

487 3638 687 3695 ‚bornm
729 3639 1102 3705 cogitationes:
1152 3641 1272 3691 hinc
1314 3643 1330 3671 ‘
1355 3657 1451 3705 pro
1489 3649 1569 3693 tu·

501 3715 646 3765 endo
654 3716 774 3780 jure
791 3722 970 3779 spreta
988 3717 1339 3781 potentiorum
1363 3734 1572 3783 semper

485 3789 730 3843 *offensio
753 3791 788 3842 :’
824 3808 939 3859 quae
975 3801 1057 3846 est
1088 3796 1105 3824 ‘
1126 3795 1462 3847 conscientiae
1507 3797 1568 3847 li·

503 3868 680 3918 bertas
706 3868 741 3918 ε’
774 3871 1095 3923 conscientia
1138 3871 1273 3922 enim
1315 3872 1400 3925 hic
1441 3873 1568 3924 nihil

502 3952 586 4004 est
629 3946 793 4011 aliud,
818 3962 971 4013 quam
1005 3965 1151 4001 mens
1189 3951 1299 4001 veri
1321 3952 1569 4017 bonique,

501 4031 562 4074 ut
579 4025 808 4089 conscia,
827 4027 902 4077 sic
920 4028 1191 4079 convicte:
1219 4035 1367 4079 tanta
1382 4037 1464 4078 est
1479 4043 1570 4079 au·

501 4108 610 4152 tem
631 4102 781 4166 hujus
805 4105 1141 4156 conscientioe
1167 4106 1399 4166 libertas,
1422 4116 1480 4155 ut
1502 4105 1569 4157 ab

500 4180 740 4232 omnibus
782 4178 1041 4233 hominum
1079 4181 1282 4246 injuriis
1309 4183 1392 4232 ‘sit
1436 4190 1568 4233 tuta.

500 4254 643 4310 Hinc
665 4257 886 4324 plurima
907 4257 1119 4310 fuerunt
1138 4257 1348 4313 Boethii
1371 4257 1422 4308 in
1448 4273 1567 4320 sinos

1654 2257 1931 2308 dicendum
1955 2266 2055 2309 est.

1717 2342 1740 2368 ⁰
1776 2336 1974 2392 Quoties
1993 2348 2078 2397 ego
2116 2334 2447 2399 Conigastum]
2484 2334 2718 2384 Primum

1653 2411 1861 2462 Boethii
1879 2412 1933 2461 in
1950 2427 2069 2462 suos
2080 2412 2220 2462 cives
2234 2412 2497 2462 meritum.
2532 2415 2548 2438 ‘
2566 2412 2718 2462 Coni-

1652 2490 1869 2554 gastus,’
1903 2491 2109 2554 sive,ut
2133 2490 2322 2540 scribit
2356 2488 2719 2550 Cassiodorus,

1650 2566 2030 2631 ‘Cunigastus,’
2062 2567 2143 2615 vir
2188 2565 2291 2615 fuit
2336 2570 2526 2630 potens
2580 2563 2717 2628 apud

1652 2644 1846 2708 Regem
1859 2644 2256 2706 Theodoricum,
2279 2643 2416 2710 quod
2444 2643 2612 2692 velex
2654 2655 2717 2692 eo

1650 2726 1818 2784 patet,
1864 2721 2021 2786 quod,
2054 2719 2318 2771 referente
2341 2718 2653 2771 cassiodoro
2686 2717 2720 2766 1.

1648 2808 1773 2845 vm.
1829 2797 1928 2861 Ep.
1979 2801 2062 2846 28.
2117 2795 2451 2846 Athalaricus
2493 2796 2607 2846 Rex
2652 2795 2717 2844 sd

1649 2885 1766 2922 eum
1788 2872 2072 2936 scripserit,
2093 2874 2424 2940 eundemque
2458 2874 2713 2925 illustrem

1638 2949 1941 3013 ¹appellarit.
2028 2950 2135 3000 Hic
2180 2959 2353 3001 autem
2410 2951 2717 3014 Conigastus

1640 3040 1730 3086 es,
1749 3040 1853 3090 qua
1875 3025 2014 3090 apud
2047 3026 2431 3077 Theodericum
2468 3026 2720 3091 pollebat,

1648 3101 1964 3152 aiictoritate
1987 3102 2197 3165 abusus,
2230 3103 2285 3154 in
2319 3104 2596 3153 imbecillis
2630 3117 2718 3153 cu·

1639 3181 1835 3245 jusque
1876 3179 2114 3231 fortunas
2169 3180 2404 3232 faciebat
2447 3181 2722 3246 impetum,

1645 3270 1799 3323 quem
1814 3256 2067 3307 Boethius
2088 3272 2183 3323 pro
2203 3273 2297 3308 sue
2313 3257 2508 3309 virtute
2526 3257 2719 3322 saepius

1644 3333 1896 3397 repressit
1906 3334 2154 3398 magister
2165 3333 2448 3389 officiorum
2465 3333 2673 3383 ‘obvius
2690 3332 2725 3382 ε’

1642 3411 1794 3475 hujus
1813 3411 2009 3476 quippe
2049 3412 2389 3477 Magistratus
2419 3418 2537 3462 erat
2568 3410 2716 3461 1²1ae-

1649 3487 1819 3539 fectos
1843 3489 2220 3553 provinciarum
2228 3489 2486 3555 judicare,
2502 3494 2578 3552 et,
2599 3503 2720 3554 que-

1635 3564 1772 3614 ·relis
1813 3565 2210 3629 provincialium
2247 3567 2503 3630 acceptis,
2542 3565 2612 3615 de
2653 3565 2717 3614 iis

1651 3640 1715 3691 ad
1741 3642 2057 3708 principem,
2077 3645 2225 3709 cnjus
2247 3645 2299 3695 in
2322 3644 2442 3695 aula
2475 3642 2716 3694 versaba-

1654 3726 1759 3781 tur,
1785 3718 1998 3771 referre.

1715 3793 1739 3829 ἁ
1765 3796 1963 3852 Quoties
1982 3768 2248 3861 ragusam
2264 3772 2603 3863 [Triguillam]
2626 3795 2719 3847 se·

1650 3872 1880 3924 eundum
1901 3873 2111 3924 Boethii
2135 3874 2396 3937 meritum,
2416 3873 2583 3938 primo
2604 3879 2719 3925 tau·

1633 3955 1708 3999 ‹to
1730 3950 1925 4027 majus,
1946 3957 2143 4016 quanto
2175 3950 2445 4015 Triguilla,
2467 3948 2717 4012 Conigas-

1654 4034 1707 4077 to
1731 4042 1833 4077 non
1847 4027 2013 4092 impar
2027 4027 2382 4093 improbitate,
2396 4025 2581 4076 eodem
2598 4030 2719 4080 erat

1650 4105 1932 4170 Conigssto
1970 4105 2265 4171 potentior:
2298 4104 2551 4169 Triguilla
2576 4103 2715 4154 enim

1649 4190 1764 4234 erst
1782 4184 1942 4249 regite
1961 4182 2268 4236 Theoderici
2286 4183 2465 4255 dlomus
2480 4180 2714 4234 Praefec·

1648 4266 1749 4310 tus.
2136 4266 2141 4271 ’
