3049 4928
497 388 586 460 72

1204 401 1443 461 noss'rn
1460 408 1509 456 ΙΙ
1568 411 1659 457 013
1708 404 2016 461 GO'NSOL.

757 553 1072 617 Terrenis
1104 552 1371 636 quoties
1398 553 1678 618 flatibus
1707 561 1867 619 acta
1885 554 1938 595 ¹⁶
1957 564 1984 605 Ρ

759 655 1023 721 Crescit
1047 656 1118 719 in
1141 657 1540 720 immensum
1568 656 1783 720 noxia
1813 657 2018 721 cura!
2668 667 2711 729 5

761 758 900 823 Hic
931 758 1265 844 quondam
1286 766 1312 805 ‘¹
1357 759 1531 824 coelo
1562 759 1732 849 liber
1762 765 2022 845 aperte,
2688 760 2694 767 ”

496 961 744 1013 solicitudo
777 975 966 1022 meus,
998 956 1365 1023 aspirationibus
1384 959 1692 1013 terratribus
1714 961 1930 1023 turgida,
1962 964 2167 1023 aingem
2186 975 2366 1012 summo
2391 961 2708 1012 inmutato:

500 1027 602 1079 Hic
636 1024 870 1077 Boethius
903 1025 1016 1075 oli-t
1053 1041 1146 1075 non
1173 1025 1425 1089 impeditas
1456 1028 1569 1075 coeto
1603 1030 1812 1090 patente,
1839 1026 2007 1076 solitus
2043 1041 2131 1076 suo
2151 1026 2438 1090 cogitatione
2459 1029 2709 1130 ascendere

1729 1171 1790 1191 00

570 1274 632 1321 16
664 1270 822 1320 Aucta
847 1270 1043 1335 Delph.
1081 1277 1139 1321 et
1181 1271 1356 1322 Hack.
1395 1272 1523 1324 Acta
1565 1274 1650 1324 ed.
1688 1274 2136 1325 Florentium—1⁷
2171 1274 2188 1302 ‘
2210 1272 2273 1322 ln
2289 1271 2516 1336 ameris,
2538 1271 2590 1322 id
2612 1279 2711 1338 est,

1503 1412 1553 1462 N
1560 1411 1718 1463 OTAE

506 1479 681 1557 nebrae
717 1516 990 1559 versantur
1028 1509 1080 1558 in
1115 1509 1441 1574 ignoratione
1481 1524 1569 1560 eo-

504 1597 636 1645 rum,
659 1597 775 1647 quae
799 1598 897 1634 nec
922 1599 1189 1648 possumus
1209 1600 1305 1636 nec
1322 1585 1573 1636 debemus

509 1673 854 1723 cognoscere:
880 1660 945 1710 de
965 1661 1043 1712 his
1067 1662 1299 1712 tenebris
1322 1664 1476 1725 vulgo
1500 1662 1572 1711 di·
1594 1722 1609 1734 ‚A

509 1736 666 1797 citur,
696 1737 713 1765 ‘
733 1736 953 1788 Nescire
974 1737 1209 1805 quaedam
1232 1753 1421 1802 magna
1452 1753 1574 1803 pars

511 1812 814 1875 sapientiae.’
894 1815 1141 1864 Externoe
1179 1828 1300 1865 vero
1336 1815 1572 1865 tenebrae

507 1895 631 1938 sunt
651 1887 944 1952 ignorantia
962 1896 1164 1953 eorum,
1184 1902 1302 1955 quoe
1320 1905 1436 1941 cum
1459 1906 1576 1955 pos·

506 1964 664 2013 simus
687 1966 1072 2032 debeamusque
1093 1981 1428 2031 cognoscere,
1457 1983 1572 2033 per·

509 2042 889 2093 turbationibus
909 2043 1164 2095 obcaecati
1189 2046 1472 2097 nescimus:
1497 2047 1574 2098 sic

507 2118 716 2183 quidam
739 2119 791 2168 iu
828 2135 1025 2170 summa
1046 2122 1125 2171 sui
1147 2123 1352 2188 Deiqne
1374 2123 1574 2188 ignora·

509 2193 650 2244 tione
673 2202 961 2259 versantes,
994 2212 1119 2261 quas
1140 2198 1485 2262 cogitationes
1520 2201 1576 2251 in

507 2270 671 2319 solum
693 2271 1137 2331 Deumlconferre
1172 2274 1446 2340 deberent,
1481 2278 1604 2331 hasx

510 2345 562 2395 iu
585 2359 668 2394 res
691 2355 894 2397 creatas
926 2348 1222 2402 conserunt.
1288 2351 1365 2404 Ut
1400 2360 1576 2404 autem

512 2421 705 2492 ceteris
749 2425 1244 2494 perturbationibus,
1297 2429 1373 2480 sic
1415 2431 1578 2481 nimia

515 2500 805 2562 praesertim
827 2515 999 2553 rernm
1022 2504 1332 2556 caducarum
1348 2507 1578 2559 solicitu-

514 2573 636 2624 dine
673 2576 1035 2632 obcaecamurz
1081 2581 1222 2631 unde
1255 2597 1393 2633 nnnc
1431 2596 1579 2635 mens

514 2653 738 2704 bumana
756 2656 952 2707 dicitnr
972 2660 990 2687 ‘
1006 2659 1060 2709 in
1079 2665 1320 2711 externas
1338 2662 1413 2713 ire
1431 2669 1578 2714 tene·

515 2729 656 2794 bras,
690 2733 893 2797 quoties
926 2735 979 2784 in
1002 2735 1303 2787 immensum
1324 2738 1577 2802 ejusmodi

515 2821 643 2858 cura
654 2810 879 2861 crescit!
919 2811 1049 2861 Cum
1068 2827 1220 2876 porro
1235 2814 1418 2865 eadem
1432 2830 1580 2865 mens

514 2883 741 2934 bumana
777 2900 844 2936 ex
877 2887 1197 2951 ignoratione
1227 2891 1320 2941 illa
1349 2891 1405 2941 in
1437 2905 1581 2941 erro-

515 2972 647 3024 rem,
677 2974 747 3010 ex
768 2976 948 3013 errore
972 2963 1026 3014 in
1050 2966 1250 3029 vitium,
1278 2981 1346 3018 ex
1371 2966 1498 3016 vitio
1526 2966 1582 3016 in

517 3050 700 3100 penas
710 3044 936 3089 «eternas
949 3040 1096 3106 lapsa
1111 3041 1284 3104 cadat,
1301 3047 1582 3107 propterea

518 3118 705 3162 auctor
725 3120 904 3163 noster
926 3115 1038 3166 bec
1061 3118 1293 3168 scribens
1326 3119 1497 3182 potuit
1517 3133 1582 3169 ea

517 3188 755 3252 cogitare
777 3203 890 3258 quae
915 3192 1215 3243 referuntur
1232 3193 1475 3243 Matthaei
1494 3198 1578 3247 22.

514 3265 531 3293 ⁸
550 3264 725 3329 ligatis
741 3268 978 3319 manibus
996 3276 1054 3320 et
1076 3269 1294 3334 pedibus
1310 3270 1446 3333 ejus,
1464 3272 1583 3322 mit·

519 3341 620 3393 tite
643 3357 761 3394 eum
781 3344 835 3395 in
859 3348 1097 3397 tenebras
1119 3348 1412 3398 exteriores
1429 3354 1462 3399 ε’
1494 3349 1582 3399 ubi

518 3419 569 3468 S.
601 3418 826 3485 Gregor.
864 3424 1176 3473 ‘interiores
1199 3424 1466 3483 tenebra-l
1488 3426 1582 3487 ait,

517 3495 682 3544 &sunt
717 3499 929 3549 caecitas
962 3498 1167 3548 cordis:
1201 3501 1488 3550 exteriores
1510 3508 1583 3551 te-

519 3571 718 3637 nebroe,
754 3584 967 3626 aeternoe
984 3576 1331 3626 damnationis
1350 3577 1488 3627 nox!

528 3685 533 3689 -
583 3657 610 3692 Ρ
645 3651 865 3700 Terrenis
905 3688 919 3702 .
948 3686 963 3701 .
999 3652 1243 3716 ..flatibus
1303 3652 1435 3716 aaa]
1478 3654 1584 3703 Vo-

518 3726 724 3791 luptate
769 3728 1029 3791 nimirum,
1061 3728 1139 3790 et}
1161 3728 1437 3791 hominum,
1473 3729 1584 3793 qui·

521 3802 732 3854 buscum
769 3805 1003 3864 vivimus,
1037 3803 1439 3869 existimatione,
1474 3806 1585 3870 qni·

520 3878 637 3942 bus,
657 3887 715 3929 ut
736 3880 868 3943 ignis
900 3878 1135 3943 flatibus,
1167 3887 1346 3931 nostra
1377 3890 1587 3945 pertur-

521 3957 666 4006 batio
690 3957 861 4006 alitur.
916 3956 1172 4007 Nimirum
1193 3972 1310 4008 cum
1331 3971 1476 4009 mens
1494 3960 1589 4008 hu·

524 4045 677 4080 mana
720 4032 1065 4096 conjungatur
1113 4033 1333 4097 primum
1375 4036 1586 4100 quidem

525 4121 643 4155 cum
680 4121 917 4172 corpore,
949 4108 1140 4160 deinde
1177 4124 1294 4161 cum
1332 4112 1434 4161 illis
1473 4112 1587 4162 sive

525 4181 682 4232 rebus
704 4183 817 4233 sive
837 4187 1089 4250 personis,
1105 4188 1289 4252 quibus
1313 4190 1476 4254 prima
1496 4190 1589 4241 illa

526 4259 826 4322 conjunctio
846 4262 1052 4316 videtur
1069 4265 1286 4330 servari,
1307 4271 1590 4332 propterea

1651 1511 1761 1562 baec
1797 1525 1967 1563 rerum
2000 1510 2310 1562 caducarum
2344 1522 2487 1572 cura,
2522 1515 2712 1572 agente

1653 1601 1888 1652 corpore,
1917 1587 2166 1649 nascitur,
2198 1585 2573 1650 egentibusque
2594 1598 2715 1634 cum

1654 1663 1807 1712 rebus
1827 1669 1935 1712 tum
1965 1663 2198 1727 personis
2219 1660 2557 1712 corroborata
2577 1675 2718 1711 cres·

1654 1738 1761 1789 cite
1795 1730 1892 1789 res'
1904 1738 2110 1802 quidem
2133 1744 2291 1802 agunt
2312 1750 2404 1787 suo
2424 1743 2674 1787 contactu
2698 1753 2711 1785 ε

1654 1828 1888 1877 personae
1904 1829 2028 1864 vero
2042 1830 2137 1864 sua
2152 1814 2217 1863 de
2230 1813 2388 1862 rebus
2403 1812 2516 1863 istis
2530 1812 2715 1862 existi·

1652 1891 1900 1955 matione,
1912 1906 2063 1957 quam
2076 1905 2224 1941 exem
2231 1891 2317 1955 plo
2326 1888 2686 1940 demonstrant
2698 1906 2713 1938 x

1653 1967 1746 2016 sed
1768 1968 1862 2017 hac
1885 1974 2158 2019 crescente
2188 1981 2315 2018 cura
2346 1965 2597 2016 minuitur
2620 1966 2720 2016 vir·

1656 2051 1740 2095 tus
1763 2046 1983 2097 mentis:
2020 2045 2156 2095 unde
2187 2045 2391 2095 divinus
2424 2050 2719 2109 praceptor

1657 2123 1894 2173 Christus
1906 2124 2098 2174 Mattb.
2114 2126 2165 2173 6.
2182 2123 2314 2172 hanc
2329 2121 2717 2172 solicitudinem

1656 2199 1890 2263 pluribus
1925 2198 2162 2250 confutat
2199 2196 2536 2262 argumentis,
2577 2212 2714 2247 sum-

1655 2289 1792 2324 mam
1811 2276 1918 2326 Dei
1939 2274 2315 2339 providentiam
2333 2272 2721 2323 commendatu-

1659 2367 1775 2402 rus:
1813 2352 1950 2403 unde
1971 2353 2025 2403 S.
2044 2352 2194 2401 Pani.
2218 2350 2284 2399 ad
2306 2349 2498 2413 Philip.
2518 2352 2570 2399 4.
2603 2349 2619 2375 ‘
2639 2349 2717 2398 ni·

1655 2427 1763 2493 hil:
1796 2429 1982 2494 inquit,
2012 2426 2027 2456 ‘
2048 2426 2237 2477 soticiti
2276 2425 2391 2476 sitis
2412 2422 2446 2475 :'
2486 2422 2626 2474 unde
2659 2424 2716 2476 S.

1659 2505 1851 2554 Petrus
1874 2506 1973 2568 Ep.
1992 2517 2031 2554 1.
2055 2518 2103 2554 c.
2128 2509 2179 2553 5.
2198 2503 2215 2531 ‘
2229 2499 2468 2565 omnem,’
2490 2501 2583 2564 ait,
2603 2501 2620 2529 ‘
2639 2515 2696 2550 so

1658 2579 1983 2631 licitudinem
2027 2585 2250 2629 vestram
2288 2577 2630 2641 projicientes
2663 2577 2721 2627 in

1660 2657 1834 2706 Deum
1854 2673 1868 2706 z
1904 2656 2143 2722 quoniam
2164 2655 2264 2719 ipsi
2284 2669 2413 2704 cura
2432 2663 2517 2703 est
2539 2653 2607 2703 de
2630 2659 2720 2704 vo?-

1659 2731 1788 2781 bisz'
1820 2733 2007 2798 quibus
2045 2732 2248 2797 positis,
2273 2731 2400 2780 nibil
2432 2730 2638 2794 mirum,
2674 2732 2720 2791 si

1658 2808 1772 2859 haic
1806 2808 1994 2859 ‘cura’
2026 2809 2113 2859 bic
2133 2809 2341 2858 dicatur
2371 2805 2588 2856 ‘noxia.'
2676 2848 2681 2853 .

1725 2893 1749 2928 *Ι
1783 2885 1887 2936 Hic
1921 2884 2176 2949 quondm]
2219 2882 2488 2935 Boethius.
2552 2882 2720 2932 Nimi-

1661 2979 1777 3016 rum
1797 2979 1828 3014 a
1851 2964 2142 3029 questione
2163 2962 2380 3024 infinita,
2401 2976 2554 3028 quam
2576 2960 2726 3011 Gra·-

1662 3042 1711 3092 ci
1732 3039 1857 3091 θέσιν
1878 3042 2165 3106 appellant,
2204 3040 2270 3091 ad
2302 3038 2567 3089 definitam
2597 3034 2723 3088 con'·

1664 3118 1984 3179 troversiam,
2010 3131 2161 3182 quam
2182 3116 2338 3167 iidem
2359 3115 2542 3166 dicunt
2564 3113 2724 3165 ὑπόθσὲ

1662 3209 1752 3256 σιν,
1786 3208 2060 3259 progressa
2081 3192 2436 3257 Philosophia,
2468 3205 2725 3242 commen·

1663 3271 1752 3320 dat
1773 3285 1907 3332 eam,
1939 3285 2054 3337 quae
2073 3270 2332 3336 quondam
2361 3268 2464 3319 fuit
2499 3268 2554 3317 in
2586 3266 2724 3318 Boe-

1664 3347 1787 3412 thio,
1801 3361 1972 3397 rerum
1989 3345 2300 3398 naturalium
2316 3344 2576 3406 notitiam,
2596 3357 2727 3407 ρω-

1664 3431 1864 3473 sentem
1887 3423 2123 3486 ejusdem
2146 3420 2521 3485 ignorationem
2543 3420 2724 3478 statim

1664 3499 1884 3549 dictura.
1967 3498 2255 3548 Praeterita
2295 3503 2470 3546 autem
2514 3494 2727 3545 Boethii

1664 3576 1871 3638 notitia,
1900 3583 1960 3626 ut
1995 3590 2130 3625 nunc
2166 3574 2375 3638 dicitur,
2406 3587 2593 3637 magna
2625 3571 2728 3625 fuit

1667 3659 1772 3702 tam
1807 3652 1875 3702 de
1905 3652 2056 3715 coelo,
2095 3666 2246 3717 qnam
2282 3649 2350 3699 de
2384 3656 2546 3700 terra.
2610 3649 2728 3699 Pri-

1665 3742 1803 3778 mum
1824 3730 1962 3778 enim
1984 3726 2235 3777 Boethius
2254 3725 2372 3775 coeli
2395 3726 2585 3789 sciens,
2608 3739 2729 3789 cog-

1665 3806 1812 3855 novit
1834 3819 1871 3855 r.
1903 3805 2095 3866 Solem,
2117 3805 2332 3861 Lunam,
2365 3809 2420 3852 et
2444 3803 2639 3851 stellas.
2675 3806 2728 3853 2.

1667 3882 1888 3941 Ventos,
1910 3881 1996 3945 qui
2015 3895 2045 3929 a
2064 3879 2320 3930 sideribus
2342 3878 2484 3928 velut
2504 3876 2729 3930 effectus

1667 3973 1698 4008 a
1734 3958 1901 4009 causis
1936 3959 2190 4007 oriuntur.
2239 3959 2290 4006 8.
2322 3953 2573 4019 Spiritum
2596 3954 2728 4005 Uni-

1668 4034 1822 4098 versi,
1842 4049 1875 4082 a
1888 4048 2008 4099 quo,
2028 4034 2170 4083 velut
2186 4047 2219 4082 a
2239 4046 2399 4082 causa
2420 4031 2536 4094 ipsa
2557 4031 2731 4084 sidera

1667 4119 1960 4163 moventur.
2026 4111 2237 4161 Deinde
2258 4125 2382 4160 vero
2416 4109 2555 4159 idem
2591 4109 2729 4160 Bo‘e'-

1665 4189 1803 4238 tbius
1821 4194 1976 4238 term
1994 4189 2181 4247 sciens,
2197 4185 2441 4251 coguovit
2456 4185 2624 4235 varias
2642 4194 2734 4235 ans

1665 4265 1719 4315 ni
1741 4269 2102 4332 tempestates,
2117 4269 2167 4315 1.
2191 4275 2421 4329 vernam,
2443 4266 2495 4314 2.
2529 4267 2733 4313 sutum-
