3049 4928
983 438 1297 489 rumoso
1310 438 1504 488 9111AE
1556 439 1699 488 nm.
1749 440 1848 487 ιν.
2366 426 2500 493 325

321 603 447 649 non
475 582 755 668 injuria‘
795 583 1003 649 videri
1030 589 1295 668 potest:
1345 585 1442 650 uti
1476 586 1763 650 currenti
1804 587 1874 650 in
1923 586 2170 665 stadio,
2222 595 2498 673 propter

321 707 508 769 quam
536 687 834 766 curritur,
881 687 1072 771 jacet
1115 689 1464 772 praemium
1494 676 1762 755 corona.
1851 688 1987 754 Sed
2016 691 2498 757 beatitudinem

319 809 459 854 esse
486 790 662 855 idem
692 791 915 877 ipsum
947 792 1192 856 bonum
1233 801 1504 875 propter
1552 792 1733 875 quod
1769 794 1993 857 omnia
2021 799 2355 874 geruntur,
2383 813 2494 859 os-

316 892 657 957 tendimus,
747 892 873 958 Est
898 896 1100 976 igitur
1128 893 1433 959 humanis
1462 896 1722 960 actibus
1745 896 1969 979 ipsum
1996 898 2253 961 bonum
2284 897 2494 963 veluti

316 997 652 1078 praemium
677 1017 1022 1063 commune
1068 1000 1519 1083 propositum.
1610 996 1821 1082 Atqui
1852 1000 1981 1064 hoc
2027 1018 2068 1064 a
2096 1001 2324 1064 bonis²
2365 1020 2494 1065 non

313 1106 530 1181 potest
556 1101 870 1183 separari.
961 1101 1199 1186 Neque
1246 1103 1422 1166 enim
1466 1103 1686 1167 bonus
1738 1103 1912 1167 ultra
1950 1103 2098 1187 jure
2147 1105 2496 1168 vocabitur

313 1203 418 1284 qui
447 1208 668 1268 careat
694 1204 871 1268 bono
891 1220 926 1268 z·
952 1223 1155 1287 quare
1198 1205 1453 1287 probos
1484 1202 1703 1269 mores
1731 1224 1858 1268 sua
1880 1205 2161 1287 praemia
2212 1224 2347 1269 non
2387 1226 2491 1271 re-

310 1304 624 1389 linquunt.
717 1304 1225 1385 Quantumlibet
1243 1315 1268 1344 ²
1312 1308 1512 1391 igitur
1542 1309 1833 1373 saeviant
1862 1309 2040 1384 mali,
2071 1309 2361 1392 sapienti
2392 1316 2489 1375 ta·
2528 1314 2531 1319 '

310 1429 451 1473 men
478 1429 730 1477 corona
757 1431 894 1476 non
925 1410 1217 1490 decidet,
1247 1432 1381 1475 non
1412 1416 1690 1477 arescet.
1780 1410 2027 1494 Neque
2057 1412 2231 1474 enim
2259 1414 2488 1495 probis

311 1512 540 1578 animis
569 1516 912 1599 proprium
944 1515 1152 1580 decus
1181 1517 1402 1580 aliena
1440 1515 1741 1599 decerpit
1776 1515 2193 1599 improbitas·
2282 1514 2487 1595 Quod

308 1616 363 1678 si
390 1617 802 1683 extrinsecus
826 1625 1107 1702 accepto
1138 1618 1493 1697 laetaretur,
1528 1622 1784 1702 poterat
1804 1617 1934 1681 hoc
1966 1617 2074 1682 vel
2104 1617 2276 1682 alius
2298 1620 2485 1702 quis-

306 1718 500 1800 piam,
531 1719 639 1784 vel
667 1720 780 1784 ille
805 1720 1008 1786 etiam
1027 1728 1046 1767 ³
1080 1721 1196 1804 qui
1216 1721 1631 1799 contulisset,
1662 1720 1948 1785 auferre.
2012 1720 2145 1786 Sed
2165 1722 2486 1802 quoniam

307 1821 370 1885 id
399 1841 528 1886 sua.
550 1823 797 1906 cuique
840 1824 1162 1908 probitas*
1185 1823 1462 1902 confert,
1513 1831 1659 1888 tum
1709 1843 1833 1888 suo
1881 1826 2163 1908 praemio
2209 1827 2485 1902 carebit,

304 1942 442 1988 cum
473 1926 725 2009 probus
754 1920 905 1991 esse
936 1928 1230 1992 desierit.
1319 1926 1676 1992 Postremo
1707 1946 1861 1991 cum
1890 1947 2084 1992 omne
2133 1928 2484 2012 praemium

305 2026 545 2093 idcirco
576 2035 940 2114 appetatur
968 2032 1285 2114 quoniam
1318 2031 1568 2096 bonum
1599 2050 1753 2096 esse
1787 2031 2107 2108 creditur,
2131 2032 2286 2114 quis
2320 2031 2486 2095 boni

304 2138 720 2215 compotem:
763 2135 1025 2217 praemii
1059 2133 1322 2218 judicet
1364 2135 1832 2217 expertem'l4.
1903 2132 2001 2198 At
2061 2136 2258 2218 cujus
2313 2154 2484 2218 prae-

302 2232 507 2297 mii‘eu
550 2236 844 2300 omnium
889 2235 1319 2319 pulcherrimi
1347 2236 1781 2319 maximique.
1874 2234 2218 2300 Memento
2266 2236 2484 2298 enim⁵

358 2392 384 2427 ‘¹
414 2397 614 2449 Merito.
746 2408 766 2432 θ
797 2401 1109 2464 Participem.

1215 2498 1536 2519 ”eaeo-ame
1543 2495 1571 2513 ⁴·

360 2577 384 2622 1
419 2578 613 2627 Etenim
659 2579 851 2643 Delpb.
891 2587 947 2629 et
983 2580 1248 2631 flach—2
1280 2583 1482 2632 Vetus:
1522 2583 1761 2638 Quantum
1798 2580 2026 2630 licen—3
2085 2578 2170 2629 Vel
2210 2580 2311 2642 ipse
2347 2579 2492 2628 etiam

300 2637 483 2707 Deiph.
513 2643 788 2696 flach—4
821 2645 923 2697 ΜΒ.
969 2645 1224 2695 Rittersb.
1250 2647 1438 2707 ,iudicet
1476 2661 1574 2696 esse
1608 2650 1957 2710 expertem—5
1992 2646 2188 2700 Eten‘m
2219 2644 2411 2707 Delpb.
2434 2650 2492 2692 et

1282 2765 1495 2824 NOTAE

355 2886 372 2911 ⁸
419 2880 599 2931 Rerum
638 2882 761 2933 enim
805 2898 911 2947 quoe
951 2888 1207 2946 gerantur,
1246 2883 1354 2947 lfa]
1434 2883 1656 2947 improbi
1693 2887 1883 2946 agunt:
1936 2881 2174 2930 nimirum
2213 2878 2493 2929 beatitudi-

299 2968 335 3004 ι.
376 2956 534 3008 Probi
580 2956 877 3010 afficiuntur
921 2960 1180 3023 praemiis:
1234 2961 1354 3024 quia

296 3046 402 3083 eum
421 3037 691 3100 praemium
710 3036 760 3085 id
781 3036 985 3087 dicatur
1008 3038 1354 3101 honorarium,

300 3122 392 3171 quo
437 3111 804 3162 afficiebantur
848 3113 902 3177 ii,
943 3114 1029 3178 qui
1084 3114 1237 3178 primi
1292 3130 1353 3164 ac

294 3187 546 3254 principes
570 3190 768 3254 aliquid
792 3191 1032 3255 praeclari
1056 3200 1348 3255 gesserant,

293 3261 446 3327 (unde
502 3266 771 3331 scaligero
834 3267 1170 3332 pluribusque
1234 3268 1349 3317 aliis

293 3338 309 3365 ‘
331 3343 590 3402 praemium
610 3341 626 3365 '
672 3342 865 3393 dicitur
889 3343 1034 3408 quasi
1073 3344 1090 3371 ⁴
1114 3345 1352 3408 praeemi-

293 3416 400 3465 mn'
448 3435 479 3468 a
517 3421 534 3449 ⁴
555 3420 702 3485 prae'
729 3428 787 3471 et
822 3421 838 3449 ‘
862 3420 1011 3471 emo'
1046 3420 1237 3486 capio‚)
1272 3421 1348 3471 id·

294 3493 565 3548 circoillud
606 3497 981 3564 propterquod
1019 3512 1345 3563 unaquaeque

296 3583 371 3620 res
410 3575 626 3636 geritur,
677 3574 909 3639 ejusdem
957 3576 1033 3623 rei
1080 3575 1346 3638 praemium

294 3659 419 3710 esse,
439 3665 541 3700 nou
579 3651 790 3716 injuria,
827 3651 994 3701 videri
1036 3658 1245 3716 potest:
1279 3652 1347 3700 si-

292 3725 489 3785 quidem
546 3736 628 3777 est
682 3728 1008 3779 honorarium
1053 3743 1155 3793 quo
1201 3735 1349 3778 actor

295 3799 552 3870 victorque
600 3803 856 3855 afficitur:
903 3806 980 3855 sic
1026 3806 1257 3855 currenti
1294 3808 1348 3855 in

292 3881 449 3931 stadio
492 3883 599 3947 ina,
655 3891 872 3947 propter
913 3899 1063 3949 quam
1104 3884 1347 3948 curritur,

291 3971 470 4011 corona
485 3969 568 4012 est
585 3962 849 4025 praemium
870 3978 884 4011 ε
920 3962 1348 4027 quemadmodum

292 4032 341 4081 S.
361 4034 552 4087 Paulus
577 4043 627 4088 1.
652 4038 771 4088 Cor.
794 4041 844 4087 9.
875 4039 981 4088 aite
1018 4039 1034 4067 ‘
1060 4040 1147 4103 qui
1171 4038 1223 4088 iu
1247 4045 1350 4088 sta·

293 4108 373 4160 dio
397 4122 635 4176 currunt,
659 4129 837 4164 omnes
874 4114 1080 4180 quidem
1117 4123 1349 4178 currunt,

295 4191 379 4240 sed
423 4208 553 4245 uuus
600 4196 791 4261 accipit
829 4195 1099 4246 brabium!
1187 4195 1349 4260 Atqui

295 4266 380 4316 viri
424 4272 573 4333 probi
615 4272 670 4322 id
721 4279 1085 4337 assequuntur,
1131 4279 1345 4335 propter

286 4344 417 4405 qued
449 4361 621 4399 omnes
639 4348 870 4399 homines
894 4357 998 4398 tam
1022 4347 1170 4414 probi
1193 4361 1346 4413 quam

1430 2975 1550 3009 nem
1573 2961 1683 3010 sive
1727 2973 1976 3008 summum
1998 2958 2216 3020 bonum:
2263 2957 2491 3021 alioquin

1431 3037 1554 3086 boui
1577 3051 1683 3085 uon
1704 3042 1910 3086 essent:
1947 3049 2062 3085 cum
2088 3035 2250 3083 bonus
2282 3046 2383 3082 non
2405 3032 2493 3093 sit,

1434 3114 1522 3179 qui
1547 3119 1727 3163 careat
1750 3112 1900 3162 bono.

1512 3192 1686 3255 ‘Atqui
1705 3192 1790 3239 Ιιοσ
1824 3205 1854 3239 a
1891 3188 2036 3251 bonis,
2076 3186 2183 3252 qma]
2231 3200 2297 3235 ιι.
2343 3185 2490 3234 Proe-

1429 3266 1607 3328 mium,
1631 3280 1732 3332 qno
1763 3264 1918 3330 probi
1942 3263 2254 3325 afficiuntur,
2277 3267 2354 3310 est
2389 3259 2493 3309 illis

1426 3343 1641 3393 insitum
1663 3358 1677 3392 z
1723 3343 1845 3408 quia
1866 3341 2005 3407 quod
2033 3340 2297 3405 praemium
2323 3351 2492 3387 versa-

1429 3428 1516 3471 tur
1553 3422 1606 3471 iu
1645 3421 1962 3485 cogitatione
2003 3415 2380 3479 bominis,iliud
2403 3415 2492 3464 ho·

1428 3500 1553 3549 mini
1575 3499 1786 3548 insitum
1824 3497 1968 3547 credi
2001 3503 2201 3562 potest:
2239 3493 2490 3559 siquidem
2533 3527 2539 3531 -

1427 3575 1681 3638 cogitatio
1722 3580 1805 3624 est
1837 3574 2059 3640 qualitas
2120 3574 2280 3622 menti
2322 3572 2492 3620 insita.

1428 3651 1534 3701 Sed
1552 3651 1701 3712 iilud,
1722 3665 1824 3715 quo
1847 3649 1999 3714 probi
2024 3647 2338 3710 afficiuntur,
2360 3661 2493 3711 prae-

1428 3727 1590 3777 mium
1612 3735 1855 3776 versatur
1878 3727 1929 3775 iu
1965 3726 2315 3789 cogitatione:
2365 3724 2490 3773 alias
2512 3738 2524 3754 ⁸

1431 3803 1702 3867 praemium
1754 3803 1942 3852 bonum
1997 3817 2101 3851 nou
2156 3801 2490 3851 crederetur:

1432 3895 1549 3930 cum
1594 3895 1745 3930 nemo
1781 3881 1904 3929 boui
1937 3886 2249 3944 compotem,
2293 3877 2495 3941 praemii

1422 3957 1635 4023 judicet
1672 3963 1976 4020 expertem:
2030 3957 2148 4004 hinc
2186 3954 2495 4019 quantumli-

1432 4034 1526 4083 bet
1541 4033 1760 4084 saeviaut
1775 4033 1915 4096 mali,
1939 4039 1997 4082 ut
2015 4046 2118 4081 non
2141 4032 2494 4092 contulerunt,

1432 4113 1508 4163 sic
1530 4110 1736 4162 auferre
1758 4119 2026 4177 nequeunt
2060 4109 2188 4159 illud
2213 4108 2493 4172 proborum

1431 4189 1718 4253 praemium,
1742 4189 1881 4253 quod
1905 4202 2027 4250 non,
2046 4187 2144 4235 nisi
2178 4184 2311 4233 mala
2333 4182 2493 4246 ipsius

1426 4265 1743 4331 possidentis
1769 4266 2056 4325 voluntate,
2078 4261 2246 4312 amitti
2271 4266 2463 4323 potest.

1494 4351 1518 4376 ¹¹
1534 4343 1606 4393 Ae
1624 4343 1756 4403 cidus
1764 4342 1974 4407 premii,
1996 4340 2103 4406 lfa]
2139 4354 2225 4390 ιιι.
2251 4337 2415 4388 Probi
2441 4337 2495 4390 iu
