3049 4928
826 439 923 489 nn
969 436 1295 489 nour-mo
1344 433 1436 486 m·
1485 434 1665 489 naus
1709 432 2073 489 scau-ris.
2457 418 2546 492 δῦ

337 591 497 674 ipso
516 588 857 667 Patrici0,
888 584 1183 665 Boethii,
1209 591 1286 651 ut
1314 585 1614 670 plerique
1645 605 1876 650 omnes
1905 583 2192 664 tradunt,
2211 605 2468 664 secere,
2498 606 2541 651 a

332 690 797 779 Theoderico,
812 684 1179 755 Gothorum
1194 687 1402 770 Rege,
1428 688 1713 771 primurn
1726 688 2027 752 Ticinum
2045 682 2344 771 relegati,
2357 688 2541 754 dein-

337 782 424 857 de
454 793 688 858 necati
725 796 903 869 sunt,
936 789 1119 875 quod
1149 789 1217 853 in
1255 789 1635 854 libertatem
1664 790 1991 874 populum
2025 790 2409 856 Romanum
2441 793 2541 857 vi-

335 893 658 961 derentur
687 894 867 961 velle
894 894 1250 959 vindicare.
1341 891 1505 957 Fuit
1535 884 1883 971 Boethius,
1914 900 1993 957 ut
2022 882 2234 971 scitiS,
2264 894 2337 957 in
2367 895 2543 958 omni

332 996 711 1082 disciplina
734 999 991 1082 egregie
1017 997 1279 1074 doctus,
1331 995 1510 1080 quod
1556 996 1752 1062 vobis
1795 995 2055 1081 liquido
2086 1015 2178 1060 ex
2206 997 2355 1082 ejus
2396 1004 2545 1062 mo-

333 1101 682 1166 numentis
705 1107 1012 1166 constare
1033 1105 1280 1185 potest.
1368 1098 1506 1162 Sed
1530 1099 1707 1182 quod
1763 1098 1851 1163 ad
1901 1105 2303 1183 praesentem
2336 1102 2545 1164 mabe-

333 1201 507 1267 riam
538 1205 807 1282 attinet,
838 1204 906 1268 in
936 1202 1306 1288 pangendis
1338 1203 1653 1267 versibus
1680 1202 1851 1266 mira
1870 1216 2037 1266 usus
2065 1208 2169 1266 est
2192 1201 2543 1267 facilitate.

340 1302 450 1368 De
481 1306 612 1370 illo
643 1307 838 1390 plura
866 1305 1179 1388 colligere
1211 1314 1808 1390 supervacaneum,
1857 1305 2126 1388 quando
2172 1304 2316 1388 ejus
2354 1306 2544 1370 voln-

335 1407 532 1473 mina
554 1413 719 1473 nota
749 1414 904 1474 sunt
934 1409 1270 1473 omnibus.
1315 1407 1484 1491 Ejus
1512 1414 1696 1472 certe
1724 1407 2060 1489 ingenium
2085 1406 2173 1470 ad
2204 1424 2328 1472 eas
2346 1414 2544 1486 artes,

338 1526 506 1591 quae
555 1524 761 1595 supra
805 1512 1038 1577 literas
1078 1519 1250 1591 sunt,
1301 1513 1536 1576 mirum
1586 1512 1657 1576 iu
1704 1510 1979 1576 modum
2024 1508 2398 1576 celebratur
2454 1510 2542 1574 ab

342 1610 507 1694 ejus
538 1615 845 1680 occisore
871 1614 1303 1680 Theoderico
1334 1610 1569 1697 Rege?
1615 1664 1618 1669 .
1788 1634 1794 1639 ·

1385 1774 1515 1848 IV.

423 1907 1067 1993 Magdeburgenses,
1090 1909 1403 1976 centuria
1418 1912 1482 1977 6⁶
1501 1931 1652 1997 cap.
1674 1912 1778 1976 10.
1806 1910 1894 1977 de·
1916 1910 2283 1996 Episcopis
2300 1917 2369 1978 et
2384 1912 2545 1980 (luc⁶

332 2011 639 2090 toribus,
683 2017 704 2046 ‘
739 2012 1114 2111 Boethius}
1161 2015 1492 2099 inquiunt,
1540 2020 1562 2050 ‘
1588 2014 1875 2080 Anicius
1936 2015 2233 2081 Manlius
2284 2015 2545 2081 Severi-

339 2135 500 2195 nuS,
547 2116 882 2181 Patricius
913 2127 986 2181 et
1018 2116 1293 2195 Consul,
1333 2119 1437 2184 vir
1465 2116 1711 2183 Graece
1749 2125 1818 2182 et
1851 2117 2086 2182 Latine
2116 2117 2545 2191 doctissimus

343 2217 502 2295 fnit,
528 2225 603 2282 et
624 2219 874 2284 multos
902 2220 970 2285 in
1002 2219 1441 2303 Philosophia
1484 2220 1776 2302 aliisque,
1801 2219 2210 2303 discipliniS,
2252 2225 2389 2284 tum
2437 2239 2549 2283 so-

344 2319 496 2384 luta
512 2326 657 2385 tum
683 2321 890 2404 ligata
915 2323 1215 2388 oratione
1237 2323 1680 2408 conscriptos,
1703 2323 1911 2388 libros
1934 2322 2220 2407 posteris
2237 2319 2550 2405 reliquit?

1402 2484 1496 2550 V.

434 2599 483 2665 J
488 2610 679 2667 ustus
709 2601 1010 2688 LipsiuS,
1041 2605 1181 2690 qui,
1222 2624 1372 2671 cum
1407 2606 1495 2670 ob
1546 2605 1867 2671 eximiam
1911 2625 2107 2671 suam
2158 2604 2549 2684 doctrinam,

354 2714 497 2771 tum
516 2709 813 2772 maxime
832 2708 923 2772 ob
947 2708 1303 2790 ingenuum
1323 2708 1527 2773 animi
1551 2711 1933 2786 candorem,
1962 2709 2183 2772 doctis
2200 2708 2446 2790 pariter
2468 2727 2549 2771 ac

353 2809 594 2893 probis
624 2811 933 2875 omnibus
972 2812 1236 2890 colitur,
1266 2831 1397 2876 non
1429 2811 1652 2876 solum
1683 2811 1921 2876 laudat
1950 2809 2312 2873 Boethium
2340 2812 2408 2874 in
2440 2808 2550 2900 0ἰῇ-

357 2907 477 2977 vili
506 2933 632 2979 sua
665 2913 996 2978 Doctrina
1025 2914 1315 2998 aliisque
1350 2913 1496 2978 suis
1549 2913 1895 2998 operibus,
1946 2912 2068 2978 sed
2116 2911 2415 2992 scribens
2460 2912 2550 2976 ad

358 3013 608 3080 Janum
650 3010 1077 3082 Bernartium
1106 3023 1459 3099 cognatum
1507 3036 1730 3097 suum,
1791 3016 1875 3081 de
1927 3014 2424 3102 Consolatione·
2461 3015 2547 3079 ab

357 3117 488 3184 hoc
513 3119 850 3185 illustrata
878 3127 948 3184 et
963 3120 1348 3199 emendata,
1378 3120 1501 3186 hos
1526 3121 1807 3205 protulit
1833 3117 2250 3184 Phaleucos:

704 3264 809 3329 En
840 3263 1171 3348 Boethius
1200 3266 1337 3343 ille,
1369 3267 1484 3350 qui
1515 3266 1878 3348 sophorum

703 3364 787 3433 In
816 3365 1053 3452 primis
1082 3361 1335 3452 sophus
1366 3383 1518 3434 esse
1550 3367 1905 3449 gloriatur:

702 3471 846 3550 Qui
875 3471 1153 3535 doctum
1176 3471 1398 3546 nimiS‚
1429 3476 1498 3535 et
1530 3470 1695 3535 satis
1726 3468 2045 3534 disertum

690 3574 1046 3657 Scriptum
1073 3574 1204 3640 hoc
1236 3572 1465 3651 edidit,
1492 3574 1782 3638 omnium
1812 3572 2143 3635 bonorum

709 3678 975 3742 Bonum
994 3677 1281 3761 judicio.
1369 3675 1506 3741 Sed
1538 3676 1609 3740 id
1641 3674 1952 3740 tenebras

708 3782 891 3845 AEvo
924 3787 1040 3846 aut
1068 3781 1336 3863 ingenio
1367 3786 1610 3862 suopte
1637 3776 1975 3856 habebat;

709 3882 908 3961 Quas
943 3884 1333 3947 Bernartius
1360 3882 1500 3959 ille,
1531 3880 1656 3944 flos
1685 3867 1987 3943 meorum

713 3985 1096 4068 Belgarum,
1125 3986 1408 4070 pepulit,
1440 3985 1794 4066 facemque
1824 3981 2075 4045 claram

714 4085 782 4152 A
815 4107 887 4151 se
916 4088 1248 4172 praetulit:
1291 4088 1465 4152 hanc
1497 4104 1798 4171 sequere,
1824 4083 2132 4167 quisquis

716 4190 1061 4255 Doctrinae
1093 4190 1580 4273 sapientiaeque
1612 4186 1829 4253 cultor

713 4291 874 4357 Non
910 4291 1169 4372 audire,
1199 4292 1319 4358 sed
1349 4311 1522 4372 esse,
1545 4287 2000 4373 concupiscis.
