3049 4928
2395 411 2524 501 361

339 593 537 672 sione,
588 592 701 659 vel
741 593 808 657 in
860 600 1207 677 provectu,
1258 592 1367 657 vel
1416 593 1486 656 in
1526 590 1884 676 adeptione
1913 591 2205 671 virtutiS,
2237 613 2523 671 omnem,

337 717 762 782 quaecumque
805 697 917 776 sit,
959 700 1231 776 bonam,
1272 699 1342 762 in
1390 698 1833 782 improbitate
1860 718 2026 764 vero
2075 700 2522 776 manentibuS,

334 802 686 884 pessimam
711 808 757 840 ¹¹
834 819 986 867 esse
1036 800 1394 867 fortunam.
1523 800 1708 881 Hoc,
1770 802 2065 885 inquam,
2116 822 2344 867 verum
2399 809 2524 881 est,

334 906 593 971 tametsi
638 924 832 971 nemo
863 906 1116 972 audeat
1146 905 1467 973 confiteri.
1557 903 1808 985 Quare,
1853 906 2093 990 inquit,
2137 905 2235 971 ita
2264 907 2367 971 vir
2415 924 2523 970 sa-

329 1007 521 1091 piens
552 1009 832 1077 moleste
857 1009 1027 1075 ferre
1055 1030 1187 1074 non
1218 1008 1435 1088 debet,
1468 1009 1742 1094 quoties
1773 1010 1843 1073 in
1874 1010 2160 1075 fortunae
2192 1015 2521 1075 certamen

330 1110 714 1179 adducitur:
757 1121 838 1178 ut
868 1114 1081 1179 virum
1133 1112 1374 1180 fortem
1432 1134 1568 1179 non
1620 1113 1817 1179 decet
1860 1114 2208 1198 indignari,
2256 1112 2523 1198 quoties

327 1214 655 1299 increpuit
693 1218 983 1283 bellicus
1030 1218 1376 1284 tumultus·
1466 1218 1756 1303 Utrique
1806 1219 2006 1297 enim,
2054 1219 2213 1284 huic
2257 1217 2524 1302 quidem

325 1316 544 1398 gloriae
602 1321 1086 1405 propagandae,
1149 1323 1249 1388 illi
1310 1343 1466 1389 vero
1528 1322 1999 1389 confirmandae
2022 1329 2073 1361 ¹²
2162 1321 2521 1405 sapientiae

326 1419 675 1488 difficultas
703 1424 883 1509 ipsa,
911 1426 1199 1491 materia
1227 1432 1350 1491 est.
1424 1428 1537 1493 Ex
1568 1447 1704 1513 quo
1728 1426 2172 1517 etiam'virtus
2194 1421 2532 1501 vocatur!

326 1524 498 1606 quod
542 1528 689 1592 suis
718 1528 975 1595 viribus
1005 1530 1230 1595 nitens
1278 1551 1411 1597 non
1459 1537 1812 1617 superetur
1858 1529 2185 1594 adversis,
2279 1526 2521 1610 Neque

323 1628 487 1693 enim
519 1650 648 1696 vos
697 1631 771 1695 in
802 1639 1162 1716 provectu‘
1192 1635 1397 1718 positi
1428 1635 1718 1713 virtuti8‚
1751 1630 2096 1698 diffluere*
2141 1628 2425 1707 deliciis,
2454 1636 2523 1692 et

281 1774 289 1784 ‚
324 1734 802 1800 emarcescere⁶
856 1735 1211 1821 voluptate
1257 1737 1578 1803 venistis:
1626 1737 1749 1802 sed
1797 1735 2109 1820 praelium
2137 1753 2288 1798 cum
2338 1731 2520 1796 omni

319 1834 570 1902 fortuna
592 1837 796 1903 nimis
819 1857 974 1904 acre
997 1838 1401 1906 conseritis!
1466 1839 1577 1906 Ne
1605 1860 1732 1906 vos
1765 1845 1887 1904 aut
1915 1837 2128 1903 tristis
2159 1836 2520 1921 opprimat,

322 1945 434 2003 aut
478 1939 788 2025 jucunda
845 1948 1252 2027 corrumpat,
1314 1942 1521 2010 firmis
1544 1951 1590 1991 ¹³
1664 1942 1963 2010 medium
2013 1940 2272 2006 viribus
2318 1956 2520 2003 occu-

319 2042 508 2124 pate!
593 2042 948 2130 Quicquid
994 2051 1221 2111 autem
1251 2053 1306 2094 ¹4
1367 2046 1544 2112 infra
1591 2045 1929 2124 subsistit,
1979 2049 2093 2110 aut
2140 2043 2321 2109 ultra
2365 2061 2520 2126 pro-

320 2145 624 2227 greditur,
656 2147 864 2214 habet
910 2155 1308 2216 contemtum
1349 2150 1722 2231 felicitatis,
1767 2169 1900 2217 non
1941 2148 2142 2214 habet
2168 2146 2520 2232 praemium

319 2246 583 2316 laboris.
676 2250 761 2315 In
785 2259 1016 2318 vestra
1044 2258 1146 2318 est
1166 2261 1214 2301 ¹⁵
1278 2255 1454 2319 enim
1485 2256 1696 2321 situm
1740 2260 1985 2330 manu‚⁸
2027 2251 2294 2336 qualem
2328 2249 2520 2316 vobis

315 2349 646 2418 fortunam
675 2353 960 2419 formare
989 2355 1260 2422 malitis.
1353 2355 1594 2422 Omnis
1625 2357 1805 2424 enim
1849 2376 2004 2442 quae
2035 2354 2295 2423 videtur
2325 2370 2518 2436 aspe-

314 2472 403 2534 ra,
431 2461 549 2522 aut
578 2462 871 2537 exercet,
903 2464 1019 2525 aut
1049 2460 1341 2546 corrigit,
1372 2468 1488 2527 aut
1515 2459 1791 2547 punit.¹⁶

981 445 1505 494 P111LOSOPH·1AE
1556 446 1698 495 mn.
1746 444 1849 494 lV·

307 2653 338 2698 s
368 2656 528 2709 Virtus
541 2674 573 2709 a
590 2658 772 2711 viribus
785 2665 854 2713 est
875 2661 1127 2724 appellata.

1231 2657 1234 2660 “
1255 2669 1284 2704 1
1303 2662 1580 2724 Progressu-
1711 2660 1737 2694 *
1770 2662 2039 2712 Abundare.

315 2720 336 2753 ¹
370 2724 703 2777 Commiuitis.

2168 2658 2186 2692 ¹
2217 2660 2517 2711 Putrescere.

835 2725 851 2760 ¹
882 2727 1287 2791 Medion-itatem,
1308 2727 1358 2778 in
1376 2743 1469 2792 qua
1489 2727 1642 2778 virtus
1664 2732 1901 2790 versatur,
1921 2732 2095 2778 tenete.
2488 2763 2489 2770 ,

311 2933 373 2967 m.
406 2919 587 2971 eo‘e‘rcet
639 2921 839 2985 Delph.
877 2922 1181 2974 flach—ll
1224 2937 1405 2972 omnem
1440 2920 1695 2987 pessimam
1736 2920 1856 2970 edd.
1897 2918 2251 2970 eaedem—12
2287 2917 2521 2981 Uterque

312 2983 501 3037 Thuan.
526 2987 663 3051 Reg.
684 2994 739 3037 et
757 2988 902 3038 Vict.
932 2988 1225 3039 secundus:
1256 2988 1755 3051 conformandae-18
1792 2986 1949 3038 Hunc
1982 2986 2152 3034 locum
2191 2984 2268 3032 sic
2305 2996 2519 3046 expres·

313 3063 417 3100 sum
438 3052 693 3106 exhibent
714 3053 835 3103 edd.
854 3054 1048 3120 Delph.
1068 3062 1123 3105 et
1151 3054 1322 3104 Hack.
1353 3053 1574 3117 venistis,
1587 3053 1809 3117 praelium
1824 3087 1838 3103 .
1857 3086 1871 3102 .
1892 3088 1906 3102 .
1927 3050 2202 3110 conseritis,
2224 3063 2291 3122 ’ne
2311 3063 2392 3096 vos
2406 3081 2420 3097 .
2439 3080 2452 3094 .
2473 3081 2486 3096 .
2507 3081 2522 3097 .

309 3123 604 3181 corrumpat:
638 3118 825 3184 firmis,
866 3123 1078 3184 &fa-14
1110 3120 1350 3169 ‘'l'huan.
1398 3126 1622 3183 uterque
1666 3127 1718 3168 et
1766 3120 1896 3181 Reg.
1938 3115 2162 3181 quicquid
2196 3118 2310 3188 unt:
2343 3110 2519 3162 bene.’

320 3179 623 3235 Vnum—15
661 3184 799 3234 Edd.
821 3186 1012 3250 Delph.
1030 3193 1087 3236 et
1108 3184 1284 3236 Hack.
1309 3184 1561 3235 omittunt
1583 3185 1824 3234 voculam
1845 3186 2064 3233 este—16
2094 3183 2110 3209 ‘
2133 3179 2249 3230 Nm·
2268 3182 2349 3253 ᾳιιι
2381 3191 2518 3226 exer·

309 3252 395 3310 cet,
424 3254 508 3298 aut
527 3249 754 3326 corr-igit,
774 3251 928 3314 punit.
993 3251 1081 3301 Sic
1117 3265 1295 3300 omnes
1330 3251 1480 3301 libri:
1518 3248 1784 3298 Planudes
1818 3262 2057 3312 quoquez
2083 3243 2338 3323 Yictormi
2379 3255 2521 3304 vero,

311 3312 475 3429 ¹5:122
489 3321 782 3366 auctiorest
817 3316 910 3366 nisi
929 3320 1015 3366 aut
1036 3322 1244 3379 exercet,
1275 3322 1362 3366 aut
1392 3315 1617 3379 corrigit,
1648 3319 1733 3364 aut
1764 3316 1978 3377 damnat,
2007 3317 2150 3376 pum
2170 3329 2186 3360 .-
2220 3306 2313 3360 sed
2347 3307 2523 3358 male.'

1449 3585 1681 3651 ipsorum
1715 3581 2086 3648 improborum,
2123 3580 2239 3632 haec
2277 3594 2382 3631 non
2421 3576 2517 3630 nisi

1449 3664 1656 3714 illorum
1680 3661 1812 3713 vitio
1833 3661 1970 3711 maia
1990 3667 2106 3710 este
2141 3672 2260 3707 nam

311 3585 520 3651 vandos,
559 3585 743 3637 autad
778 3586 987 3639 eosdem
1023 3587 1090 3638 nd
1120 3588 1369 3639 virtutem

310 3663 554 3727 majorem
591 3665 988 3729 promovendos.
1020 3669 1072 3716 2.
1105 3664 1163 3715 Si
1186 3664 1368 3715 endem

311 3736 515 3791 fortuna
579 3756 829 3806 prospera
881 3741 1046 3792 fuerit
1086 3742 1370 3793 eorundem

308 3815 621 3880 proborum;
653 3818 767 3868 haec
790 3818 927 3881 vulgi
945 3818 1102 3869 etiam
1126 3818 1372 3884 opinione

312 3891 505 3953 optima
538 3899 643 3957 est,
664 3908 766 3943 non
804 3894 969 3944 solum
1008 3894 1132 3959 quia
1169 3908 1370 3944 merces

311 3973 387 4017 est
400 3969 608 4020 virtutis
625 3970 934 4034 praeteritae,
951 3972 1042 4020 sed
1066 3971 1226 4022 etiam
1251 3970 1372 4036 quia

310 4043 533 4107 ejusdem
559 4047 765 4097 virtutis
800 4046 991 4097 futurae
1025 4047 1240 4098 materia
1274 4056 1370 4097 est.

310 4123 357 4170 3.
376 4121 431 4171 Si
454 4121 664 4174 fortuna
689 4124 910 4175 adversa
930 4123 1091 4175 fuerit
1111 4122 1369 4190 improbo·

311 4212 438 4264 rum,
468 4201 583 4252 haec
612 4202 817 4265 justum
855 4207 937 4252 est
973 4203 1213 4253 vitiorum
1249 4217 1369 4267 sup-

309 4276 513 4337 plicium
547 4279 952 4343 praeteritorum,
983 4288 1038 4330 et
1077 4277 1370 4330 futurorum

310 4349 542 4419 fraenum,
559 4360 609 4407 4.
629 4356 686 4408 Si
707 4354 918 4408 fortuna
935 4370 1188 4422 prospera
1211 4355 1372 4408 fuerit

1513 3747 1535 3773 ¹
1568 3739 1631 3789 In
1648 3744 1809 3790 vestm
1828 3743 1899 3788 est
1921 3737 2047 3787 enim
2065 3736 2212 3786 situm
2231 3749 2392 3796 manu,
2410 3733 2520 3798 &cuj

1451 3831 1516 3867 ιι.
1564 3816 1904 3881 Philosophia
1942 3814 2192 3876 ostendit,
2250 3810 2518 3862 fortunam

1451 3893 1645 3944 nullam
1678 3909 1793 3944 esse
1827 3893 2016 3942 malam
2054 3890 2152 3941 nisi
2190 3888 2516 3939 abutentium

1451 3972 1580 4020 vitio
1603 3987 1617 4020 z
1655 3971 1774 4037 quia
1796 3986 1911 4037 quae
1945 3970 2081 4020 bona
2103 3973 2225 4017 sunt
2257 3973 2403 4015 extra
2427 3966 2515 4014 ho-

1450 4048 1603 4098 minis
1626 4050 1967 4112 voluntatem,
1987 4048 2121 4108 haec,
2144 4059 2242 4110 pro
2265 4043 2401 4093 bona
2425 4047 2517 4091 aut

1449 4128 1587 4178 mala
1607 4127 1839 4193 ejusdem
1863 4127 2082 4179 hominis
2117 4126 2407 4186 voluntate,
2426 4121 2520 4171 bo·

1449 4219 1520 4255 na
1532 4205 1736 4255 censeri
1754 4210 1973 4268 possunt
1995 4209 2087 4252 aut
2106 4201 2260 4251 mala.
2327 4198 2520 4248 Volun-

1451 4289 1532 4334 tas
1544 4282 1737 4347 quippe
1759 4283 1810 4330 in
1836 4280 2063 4330 moribus
2080 4277 2346 4343 praecipue
2362 4290 2516 4341 spec·

1450 4364 1614 4409 tatur.
1677 4357 1842 4423 Atqui
1881 4354 2096 4406 fortuna
2124 4355 2235 4405 sive
2267 4368 2518 4419 prospera
