3049 4928
599 433 901 481 Bon'rffll
957 434 1052 483 DE
1099 433 1411 483 coNsoL.
1455 432 1900 483 PHILOSOPH.
1953 435 2098 483 LIB.
2147 436 2192 482 1.

286 577 459 641 nibus,
503 583 612 628 tum
651 577 1028 629 commentariis
1066 577 1357 640 illustrarit,

285 654 381 704 sed
404 654 470 703 ad
495 669 610 703 eam
634 655 1006 706 enucleandam
1045 656 1211 705 multa
1243 655 1356 717 ipse

284 731 581 795 pepererit,
602 730 725 795 jure
760 741 853 796 per
892 731 1132 782 Eleatica
1165 730 1360 793 studia,

285 807 634 857 Dialecticam
679 822 770 857 sen
807 807 1024 871 λογικὴν,
1070 806 1359 857 disserendi

283 885 546 934 rationem
601 884 879 950 intelligas.
947 887 963 915 ‘
990 881 1358 945 Academicis,'

282 959 353 1008 iis
379 960 606 1023 scilicet,
640 976 758 1026 quoe
781 975 848 1010 ex
870 960 1106 1011 Platonis
1128 960 1359 1010 Platoni·

285 1047 576 1103 corumque
609 1038 759 1088 libris
780 1038 1038 1101 hauserat,
1060 1036 1246 1102 quibus
1272 1037 1361 1087 ad-

285 1112 608 1164 dictissimus
641 1112 762 1165 fnit.
828 1116 928 1166 Cui
965 1116 1104 1166 enim
1149 1114 1360 1165 dubium

283 1196 371 1240 est
411 1190 735 1254 Platonicos,
773 1191 1121 1243 Academicos
1147 1192 1362 1242 vocari?

298 1264 479 1315 Valles.

354 1342 457 1392 Sed
474 1342 602 1392 abite
618 1345 779 1408 potins
799 1344 1019 1395 Seirenes
1041 1359 1183 1408 usque
1203 1345 1256 1393 in
1279 1358 1360 1393 ex·

284 1418 432 1468 itiam
451 1419 632 1483 dulces]
662 1421 918 1471 Pindarus
941 1422 1152 1486 olymp.
1180 1422 1286 1472 Od.
1313 1425 1361 1470 1.

286 1495 481 1545 scribit
514 1497 531 1524 ‘
557 1497 814 1547 Poeticen
835 1499 1008 1548 omnia
1034 1497 1228 1561 facere,
1249 1514 1362 1564 quae

287 1569 496 1633 μείλιχα
527 1573 632 1622 sint
652 1573 974 1624 hominibus)
1006 1575 1182 1625 Sitzm.

358 1649 442 1697 Ne
464 1649 740 1711 dignoscere
768 1665 967 1713 possem,
1006 1667 1238 1714 qaenam,
1258 1652 1362 1715 Gra]

288 1725 423 1775 Mss.
460 1725 567 1776 Nec
587 1727 875 1796 dignoscere.
923 1729 1008 1778 Ita
1027 1730 1082 1779 in
1101 1729 1366 1779 vetustiss.

291 1803 607 1853 membranis
624 1805 833 1865 vegetii
858 1805 950 1855 lib.
967 1819 1056 1857 111.
1081 1821 1199 1870 cap.
1220 1812 1270 1855 5.
1295 1806 1365 1855 le·

291 1880 438 1945 gitur
459 1896 475 1929 ε
508 1880 672 1929 ‘Sunt
694 1888 750 1930 et
772 1882 873 1930 alia
893 1883 1056 1932 multa
1093 1882 1187 1948 (al.
1208 1881 1367 1945 mata)

291 1957 465 2021 signa,
501 1972 618 2022 quae
658 1957 780 2006 Dux
820 1957 944 2008 belli
986 1959 1051 2009 in·
1071 1959 1238 2024 equis,
1277 1965 1369 2008 aut

290 2034 635 2093 indumentis,
674 2041 730 2084 et
752 2034 804 2084 in
838 2035 962 2099 ipsis
999 2036 1175 2097 armis,
1213 2042 1271 2085 ut
1291 2036 1368 2084 ‹li-

292 2117 544 2161 noscatur
576 2111 759 2176 hostis,
793 2113 1051 2177 praecepit
1084 2113 1368 2163 custodiri.'

295 2187 453 2238 Idem.

361 2266 552 2316 ΜΕΤιι.
567 2269 619 2314 2.
650 2266 782 2328 Heu,
805 2282 942 2331 quam
955 2267 1371 2332 precipitium

288 2341 556 2406 profundo]
623 2342 934 2393 Lactantius
977 2344 1045 2393 de
1088 2352 1371 2395 resurrect.

296 2418 455 2469 Dom.
476 2417 597 2468 diet
626 2419 642 2446 ‘
657 2419 763 2472 Qui
787 2435 946 2485 genus
971 2421 1245 2472 humanum
1260 2437 1371 2473 cer·

296 2508 432 2544 nens
456 2508 683 2546 mersum
703 2512 819 2547 esse
843 2497 1138 2563 profundo?
1172 2500 1323 2550 Idem.

371 2571 545 2621 Tendit
567 2573 621 2622 in
639 2579 864 2624 externas
879 2576 952 2626 ire
967 2576 1206 2639 tenebras]
1240 2575 1372 2625 Pru·

300 2645 452 2696 dent.
484 2646 590 2711 περὶ
624 2647 869 2713 στεφάνων
909 2649 1068 2716 Hym.
1106 2656 1153 2702 1.
1185 2652 1201 2679 ‘
1221 2649 1375 2700 Absit

298 2728 364 2772 ut
385 2723 612 2772 caelestis
633 2724 769 2788 ignis
792 2739 848 2774 se
871 2726 1100 2776 tenebris
1119 2725 1373 2776 misceat!

301 2798 416 2848 vid.
452 2814 569 2864 quae
603 2808 710 2851 not.
732 2802 799 2851 ad
822 2803 984 2853 Metr.
1007 2808 1056 2853 9.
1079 2803 1166 2854 lib.
1188 2816 1279 2854 ιιι.
1301 2817 1373 2853 vs.

299 2879 385 2927 25.
423 2875 578 2927 Idem.

373 2952 550 3002 Suetus
573 2953 628 3002 in
647 2956 869 3005 oetlterios
888 2958 960 3005 ire
978 2956 1183 3020 meatu]
1217 2955 1375 3021 Apul.

300 3034 359 3083 in
382 3034 643 3098 principio
665 3035 756 3095 lib,
783 3039 869 3087 De
893 3038 1127 3087 Mundo:
1154 3039 1170 3065 ‘
1192 3037 1374 3087 Homi-

300 3125 397 3161 nes
422 3111 796 3175 philosophiam
820 3115 1024 3164 Ducem
1048 3114 1206 3175 uacti‚
1239 3113 1376 3178 ejus-

305 3200 408 3251 que
434 3187 662 3237 inventis
701 3189 902 3246 imbuti,
942 3191 1108 3240 animo
1149 3192 1375 3254 peregri·

303 3263 421 3312 nari
443 3263 553 3312 ausi
573 3271 695 3313 sunt
717 3280 811 3329 per
828 3267 947 3316 caeli
967 3268 1169 3331 plagas,
1194 3267 1269 3315 his
1293 3267 1376 3316 iti-

306 3339 542 3401 neribus,
578 3354 693 3404 quae
737 3343 1097 3405 exploratione
1128 3345 1379 3394 acuminis

306 3414 390 3463 sui
414 3417 596 3478 pervia
626 3418 916 3482 sapientiai,
949 3420 1074 3469 solis
1112 3421 1382 3484 cogitatio-

306 3491 466 3541 nibus
490 3493 767 3544 viderant.’
801 3495 953 3545 Idem.

380 3569 616 3618 Cernebat
649 3573 770 3620 rosei
801 3574 987 3622 lumina
1002 3573 1151 3636 Solis]
1194 3573 1381 3624 Senec.

308 3645 365 3694 in
390 3645 518 3697 Oct.
542 3661 618 3698 vs.
640 3652 755 3698 378.
787 3651 803 3678 ‘
824 3650 1021 3699 Caelum
1058 3650 1268 3714 intueri,
1293 3651 1384 3699 So-

310 3722 376 3771 lis
399 3730 457 3771 et
475 3736 657 3773 currus
674 3740 867 3788 sacros,
885 3726 1174 3793 Mundique
1194 3735 1386 3790 motus,

307 3796 441 3847 Solis
467 3800 692 3849 alternas
713 3802 874 3864 vices,
908 3802 1213 3869 orbemque
1236 3804 1386 3853 1³11oe-

311 3874 427 3937 bes,
467 3882 607 3926 astra
626 3891 780 3941 quem
806 3879 1020 3941 cingunt
1045 3894 1197 3943 vaga,
1232 3881 1385 3931 Late-

312 3964 415 4014 que
459 3949 666 4014 fulgens
711 3955 923 4005 aetheris
967 3955 1142 4019 magni
1184 3954 1383 4007 decus.’

312 4026 478 4091 Diog.
502 4027 677 4077 Laert.
701 4030 838 4079 libro
862 4045 927 4080 ιι.
949 4030 1014 4080 de
1036 4031 1382 4096 Anaxagora:

317 4104 560 4167 ἐρωτηθείς
580 4123 700 4154 ποτε
721 4105 784 4155 εἷς
802 4106 852 4154 τί
880 4105 1151 4171 γεγένηται,
1183 4106 1258 4157 Εἷς
1279 4113 1386 4158 θεω-

315 4180 421 4244 ρίαν
434 4178 579 4245 (ἔφη)
588 4181 744 4241 ἡλίου,
759 4182 837 4232 καὶ
847 4183 1068 4250 σελήνης,
1081 4183 1162 4234 καὶ
1177 4185 1384 4248 οὐρανοῦ.

316 4257 455 4383 {321
480 4273 597 4323 quae
633 4267 741 4310 not.
778 4261 843 4309 ad
885 4263 1058 4315 Carm.
1097 4265 1192 4314 ult.
1219 4265 1305 4314 lib.
1333 4279 1386 4313 v.

2366 419 2497 486 429

1501 578 1701 628 Lumina
1739 578 1887 642 Solis]
1939 580 2061 628 Val.
2098 579 2272 628 Flacc.
2311 578 2405 629 lib.
2442 593 2496 626 v.

1432 654 1604 704 Solem
1621 661 1775 705 vocat
1791 655 1808 685 ‘
1825 654 2093 704 AEternum
2110 655 2280 704 lumen
2292 653 2324 703 :'
2343 653 2360 681 ‘
2377 655 2497 706 Non

1432 731 1585 779 aliter
1621 744 1775 795 quam
1813 732 1857 780 si
1897 731 2145 781 radiantis
2185 730 2355 779 adiret
2390 729 2500 778 Ora

1434 807 1555 868 Dei,
1590 820 1836 873 verasque
1866 809 2048 858 aeterni
2088 806 2294 856 luminis
2316 819 2498 866 arces;

1433 883 1559 931 Tale
1586 883 1749 947 jubar
1768 898 1863 949 per
1888 890 2034 934 tecta
2064 882 2258 933 micat!
2311 883 2398 932 De
2422 883 2503 931 di-

1435 960 1601 1008 versis
1641 974 1765 1010 vero
1802 961 2089 1010 nominibus
2132 961 2264 1010 Solis
2286 960 2500 1024 ejusque

1435 1036 1793 1099 magnitudine
1828 1037 1933 1087 vid.
1975 1037 2209 1088 Macrob.
2238 1038 2289 1086 in
2324 1037 2500 1086 Somn.

1434 1112 1578 1175 Scip.
1600 1112 1690 1162 lib.
1713 1127 1753 1164 1.
1774 1128 1892 1177 cap.
1916 1118 1998 1164 20.
2033 1116 2183 1164 Idem.

1502 1188 1677 1238 Sidera
1696 1189 1870 1252 Lana]
1907 1190 2087 1240 Manil.
2108 1190 2199 1239 lib.
2217 1204 2282 1240 ιι.
2307 1189 2323 1217 ‘
2345 1190 2396 1240 N
2402 1203 2500 1239 unc

1436 1267 1610 1317 sidera
1630 1270 1790 1318 Lnnoe
1827 1269 1977 1318 Mota
2008 1268 2223 1319 teneus!
2256 1269 2325 1321 Q.
2350 1268 2499 1317 Curt.

1439 1344 1531 1397 lib.
1582 1359 1659 1396 lv.
1713 1345 1781 1395 de
1827 1345 1964 1395 Reb.
2013 1345 2168 1395 Gest.
2212 1343 2502 1395 Alexandri

1439 1422 1650 1485 Magni:
1677 1422 1694 1450 ‘
1710 1422 1891 1472 Prima
1912 1422 2023 1472 fere
2044 1423 2218 1486 vigilia
2241 1424 2389 1472 Luna
2413 1422 2502 1472 de-

1437 1497 1620 1548 ficiens
1661 1500 1883 1563 primum
1926 1500 2145 1549 nitorem
2190 1499 2376 1549 sideris
2422 1498 2503 1547 sui

1439 1574 1694 1624 condidit.
1764 1575 1971 1625 Deinde
2025 1576 2284 1638 sanguinis
2328 1576 2504 1624 colore

1440 1647 1651 1714 suffuso,
1671 1653 1843 1700 lumen
1868 1665 2018 1701 omne
2040 1649 2294 1701 foedavit.'
2364 1651 2504 1703 Quid

1439 1725 1577 1774 inter
1600 1727 1803 1776 stellam
1829 1732 1884 1776 et
1905 1727 2045 1776 sidus
2084 1725 2313 1789 intersit,
2348 1726 2507 1775 docet

1444 1802 1681 1851 Macrob.
1713 1803 1803 1853 lib.
1837 1818 1875 1853 1.
1908 1804 1959 1851 in
1989 1804 2163 1853 Somn.
2185 1802 2330 1866 Scip.
2354 1816 2404 1851 c.
2427 1804 2506 1850 14.

1441 1880 1684 1929 Lactant.
1715 1879 1805 1930 lib.
1834 1894 1901 1931 11.
1936 1880 2055 1929 Div.
2094 1879 2272 1929 Instit.
2305 1893 2421 1942 cap.
2458 1884 2507 1928 5.

1443 1958 1459 1986 ‘
1478 1957 1567 2006 Illi
1603 1957 1776 2006 Solem
1809 1963 1867 2006 et
1891 1958 2115 2006 Lunam:
2152 1970 2242 2005 vos
2262 1955 2419 2006 etiam
2443 1955 2508 2003 si·

1444 2034 1570 2083 dera
1591 2035 1738 2084 Deos
1759 2034 1989 2098 putatis?
2021 2035 2171 2084 Idan.

1508 2113 1581 2161 Et
1600 2128 1883 2176 quacunque
1913 2127 2061 2174 vagos
2093 2112 2232 2160 stella
2266 2108 2386 2172 rem]
2418 2108 2510 2158 Se·

1443 2202 1578 2239 neca
1598 2189 1652 2237 iu
1671 2188 1834 2239 Herc.
1854 2190 1978 2240 Fur.
2000 2203 2074 2238 vs.
2097 2191 2209 2236 126.
2234 2186 2387 2236 ‘Nox
2402 2185 2512 2234 vic-

1444 2273 1503 2318 ta
1523 2281 1682 2330 vagos
1698 2266 1977 2316 Contrahit
1999 2263 2182 2330 ignes!
2205 2261 2513 2316 Quintilian.

1446 2346 1685 2396 Declam.
1720 2360 1775 2396 v.
1815 2345 1970 2394 ‘Alia
2010 2351 2122 2394 toto
2164 2357 2343 2407 sparsa
2379 2341 2512 2390 caelo

1446 2437 1601 2488 vagos
1624 2438 1803 2474 cursus
1826 2424 1986 2475 certis
2021 2421 2336 2473 emetiuntur
2374 2433 2514 2470 erro-

1447 2500 1626 2549 ribus.'
1661 2499 1797 2549 Vide
1821 2499 2034 2565 Apulei.
2060 2500 2126 2549 de
2148 2498 2349 2547 Mundo
2369 2503 2423 2547 et
2447 2496 2513 2546 de

1447 2576 1566 2625 Deo
1589 2576 1841 2638 Socratis,
1874 2577 1963 2625 nbi
1985 2576 2237 2626 Planetas
2261 2574 2324 2623 ab
2350 2573 2514 2636 impe-

1446 2651 1561 2700 ritis
1597 2651 1805 2715 ‘Vagas
1840 2650 2048 2700 stellas’
2082 2648 2341 2715 appellari
2380 2663 2514 2697 asse·

1447 2727 1536 2776 rit.
1599 2725 1677 2776 At
1712 2727 1948 2778 Macrob.
1984 2728 2035 2776 in
2058 2728 2231 2777 Somn.
2252 2725 2398 2788 Scip.
2422 2724 2514 2773 lib.

1446 2818 1484 2854 ι.
1506 2816 1623 2868 cap.
1643 2809 1720 2854 18.
1742 2818 1845 2854 non
1866 2805 2028 2855 solum
2042 2800 2513 2853 manifestissimam

1446 2881 1720 2943 rationem,
1766 2880 1857 2930 sed
1900 2882 2062 2930 visum
2102 2892 2308 2944 quoque
2348 2877 2515 2941 ipsum

1447 2964 1758 3022 monstrare,
1783 2958 1920 3023 quod
1948 2960 2185 3008 Planetae
2211 2962 2409 3024 errent,
2428 2955 2516 3003 fir·

1449 3035 1546 3084 mis
1570 3037 1754 3101 probat
1770 3035 2077 3086 rationibus.
2145 3035 2221 3084 Ut
2245 3048 2399 3099 porro
2419 3033 2517 3081 hoc

1451 3114 1713 3163 tralaticie
1745 3113 1950 3171 addam,
1985 3113 2191 3177 videtur
2226 3110 2348 3160 mihi
2381 3109 2517 3158 Boe'-

1453 3189 1593 3238 thius
1631 3190 1835 3239 illorum
1867 3189 2120 3239 accedere
2153 3185 2405 3252 opinioni,
2432 3185 2520 3249 qui

1454 3265 1576 3315 Sole
1599 3275 1656 3315 et
1684 3267 1830 3315 Luna
1853 3265 2101 3328 exclusis,
2138 3265 2364 3329 quinque
2390 3262 2519 3311 dun-

1457 3349 1602 3390 taxat
1625 3342 1806 3391 stellas
1829 3341 1881 3390 in
1902 3341 2186 3391 errantium
2204 3352 2410 3390 censum
2435 3353 2521 3387 ve·

1455 3419 1567 3466 nire
1588 3420 1877 3468 voluerunt.
1899 3418 2054 3480 Diog.
2075 3416 2312 3466 Laertius
2328 3415 2381 3463 in
2399 3415 2522 3463 Pla·

1457 3503 1611 3544 tone:
1652 3493 1774 3559 Πρὸς
1789 3493 1961 3559 χρόνον
1978 3491 2182 3556 γένεσιν,
2202 3492 2341 3552 ἥλιον
2352 3491 2431 3541 καὶ
2449 3509 2526 3540 σε·

1456 3570 1627 3634 λήνην,
1648 3572 1726 3621 καὶ
1755 3572 1817 3622 τὰ
1844 3572 2124 3634 πλανώμενα
2142 3570 2364 3634 γίνεσθαι.
2402 3570 2525 3619 ὅπως

1459 3647 1511 3696 δὲ
1533 3647 1751 3708 διάδηλος
1770 3652 1866 3698 τῶν
1896 3650 2023 3712 ὡρῶν
2051 3647 2085 3714 ᾖ
2119 3646 2323 3712 ἀριθμὸς,
2345 3645 2424 3695 καὶ
2444 3664 2525 3706 με·

1458 3723 1623 3791 τάσχῃ
1643 3726 1707 3776 τὰ
1727 3725 1828 3789 ζῶα
1846 3725 2052 3790 ἀριθμοῦ,
2079 3724 2138 3773 τὸ
2170 3726 2255 3773 τοῦ
2273 3723 2409 3783 ἡλίου
2427 3726 2526 3786 φῶς

1459 3801 1633 3865 ἀνάψαι
1665 3802 1752 3853 τὸν
1789 3802 1910 3854 θεόν.
1946 3802 2062 3854 εῖναι
2100 3802 2152 3859 ,δὲ
2185 3801 2297 3867 ὑπὲρ
2335 3800 2422 3862 μὲν
2440 3801 2527 3850 τὸν

1458 3883 1545 3939 τῆς
1575 3883 1666 3940 ’γῆς
1702 3879 1879 3931 κύκλον
1912 3879 2138 3943 σελήνην,
2176 3881 2227 3930 ἐν
2253 3879 2307 3928 δὲ
2325 3881 2395 3940 τῷ
2416 3880 2527 3941 ἑχο-

1459 3953 1582 4017 μένῳ
1600 3956 1753 4021 ἥλιον,
1783 3958 1834 4006 ἐν
1852 3956 1904 4007 δὲ
1922 3961 2025 4008 τοῖς
2046 3956 2200 4007 ἐπάνω
2219 3955 2331 4007 τοὺς
2351 3954 2528 4013 πλανή-

1459 4048 1576 4082 ras:
1614 4048 1730 4097 quas
1770 4035 1995 4084 hausisse
2031 4034 2201 4100 liquet
2234 4034 2525 4097 Diogenem

1462 4125 1528 4160 ex
1563 4111 1801 4160 Platonis
1826 4113 2046 4162 Timaeo.
2083 4110 2324 4161 Macrob.
2349 4111 2437 4160 lib.
2464 4123 2527 4158 11.

1463 4189 1515 4236 in
1536 4188 1675 4238 Som.
1698 4189 1841 4253 Scip.
1865 4204 1981 4251 cap.
2007 4193 2084 4238 10.
2115 4190 2130 4216 ‘
2150 4190 2223 4238 Ut
2257 4186 2419 4236 omnis
2452 4187 2525 4235 la-

1463 4265 1636 4313 titudo
1659 4279 1760 4329 qua
1782 4265 1871 4315 Sol
1892 4280 2007 4314 cum
2045 4263 2271 4328 quinque
2309 4263 2448 4326 vagis
2472 4270 2527 4310 et

1464 4341 1612 4390 Luna
1629 4342 1766 4390 ultro
1778 4342 2014 4405 citroque
2025 4340 2324 4390 discurrunt
2336 4340 2528 4388 habeat
