3049 4928
997 1080 1979 1160 SERENISSIMO

670 1375 799 1492 D
900 1376 1018 1495 E
1112 1377 1228 1492 L
1317 1300 1455 1493 P
1529 1378 1674 1509 H
1766 1379 1842 1491 I
1941 1376 2085 1492 N
2179 1378 2301 1493 ο

907 1624 913 1633 ἱ
1045 1715 1417 1785 PETRUS
1466 1713 1930 1782 CALLYUS.

370 2268 788 2376 chan
821 2297 1264 2365 Luuovteus
1297 2299 1656 2378 MAGNUS,
1698 2307 2022 2384 augustus
2076 2320 2321 2385 parens
2359 2301 2574 2378 TuuS,

364 2401 660 2484 molitur,
707 2402 1223 2469 Ssnsmssms
1261 2403 1693 2482 DELPHINE,
1743 2402 1813 2469 id
1861 2420 2059 2471 omne
2090 2421 2400 2488 magnum
2430 2409 2536 2469 est
2553 2423 2576 2474 :-

364 2522 484 2568 seu
515 2505 805 2588 populos
834 2506 1032 2587 regit3
1081 2524 1203 2570 seu
1229 2505 1464 2570 hostes
1497 2512 1882 2592 expugnat3
1929 2523 2054 2573 seu
2084 2509 2384 2591 utrisque
2409 2526 2568 2573 con-

364 2623 567 2672 cessa
607 2626 781 2689 pace
821 2608 1261 2691 gratificatur.
1349 2610 1482 2678 Sed
1513 2610 1771 2678 indoles
1817 2617 1883 2677 et
1927 2611 2260 2683 institutio
2285 2610 2440 2680 Tua
2468 2629 2572 2673 re-

360 2707 618 2788 giorum
652 2728 930 2792 operum
961 2729 1173 2794 opera
1203 2716 1357 2777 sunt
1384 2711 1710 2778 maxima.
1785 2714 1893 2777 Tu
1918 2714 2215 2797 quidem,
2242 2713 2426 2780 velut
2451 2732 2569 2777 no-

359 2808 497 2874 bile
541 2812 914 2894 speculum,
942 2813 1198 2896 regales
1226 2833 1378 2877 cum
1413 2813 1643 2891 animi,
1685 2821 1830 2878 tum
1881 2816 2186 2897 corporis
2227 2815 2424 2880 dotes
2475 2814 2563 2876 ab

357 2910 517 2993 ipso
546 2919 868 2997 acceptas
897 2915 999 2980 sic
1026 2915 1279 2994 reddis»,
1328 2915 1494 2980 nihil
1545 2920 1619 2979 ut
1662 2915 1734 2982 in
1761 2916 1863 2982 Te
1888 2916 2324 2993 desideretur,
2376 2915 2562 2998 quod

356 3012 807 3097 imperatoriae
836 3020 1209 3102 majestatis
1253 3040 1407 3084 esse
1453 3019 1720 3102 possitx
1766 3018 1984 3084 Tuam
2011 3038 2166 3098 vero
2196 3017 2563 3083 institutio-

355 3136 530 3194 nem,
574 3127 783 3201 quam
831 3120 990 3185 Rex
1021 3122 1133 3186 ille
1164 3122 1686 3206 sapientissimis
1735 3121 1879 3187 suis
1927 3121 2229 3186 consiliis
2278 3138 2561 3185 exorsus

357 3225 484 3297 est,
531 3222 1137 3308 selectissimisque
1165 3226 1330 3291 viris
1379 3226 1860 3303 corroboravit,
1910 3224 2562 3309 magnificentissimo

355 3321 670 3390 librorum
702 3331 1034 3410 apparatu
1061 3328 1159 3391 ita
1188 3322 1472 3411 perficit,
1495 3334 1575 3392 ut
1591 3327 1914 3394 ineffabili
1946 3328 2233 3411 quadam
2262 3325 2561 3390 necessi·

356 3424 591 3492 tudine
628 3434 951 3510 quantum
982 3427 1162 3493 filius
1193 3435 1490 3512 parente,
1540 3437 1800 3495 tantum
1831 3449 2079 3514 parens
2123 3428 2265 3495 filio
2297 3428 2562 3511 Regum

354 3526 649 3594 omnium
677 3531 1135 3611 praestantiam
1168 3532 1418 3598 vincat.
1479 3533 1684 3611 Ecce,
1716 3534 2101 3598 continuato
2130 3531 2316 3596 illius
2336 3530 2557 3613 jussu,

352 3627 528 3697 inter
565 3632 882 3715 antiquos
915 3638 1222 3698 auctores
1249 3634 1495 3701 emicat
1538 3633 1905 3700 Severinus
1946 3632 2299 3708 BoethiuS,
2348 3650 2558 3715 seque

348 3730 509 3795 Tibi
536 3733 741 3813 sistit,
763 3741 839 3801 ut
868 3736 1132 3802 meliori
1161 3737 1452 3821 quodam
1471 3736 1649 3820 jure,
1667 3737 1769 3802 sic
1796 3736 2041 3820 majori
2063 3755 2194 3819 spe
2223 3734 2557 3799 fructuum

348 3835 855 3906 uberrimorum.

435 3936 754 4006 Omnium
787 3948 971 4007 certe
998 3942 1335 4025 ejusmodi
1365 3947 1721 4009 auctorum
1748 3941 2181 4007 meritissimo
2223 3940 2557 4018 Boethius

348 4038 503 4107 Tibi
549 4060 626 4105 se
657 4043 854 4109 sistit.
944 4043 1057 4128 Illi
1082 4045 1260 4109 enim
1300 4045 1580 4111 advenae
1630 4042 2170 4126 Gallicorumque
2204 4040 2556 4108 instituto·

346 4160 486 4225 rum
514 4145 782 4226 penitus
811 4146 1051 4230 ignari,
1082 4166 1402 4233 praecone
1435 4147 1854 4229 indigebant,
1890 4147 2007 4230 qui
2036 4144 2409 4229 praedicata
2435 4162 2552 4208 eo-

348 4261 484 4308 rum
517 4244 857 4328 dig-nitate,
886 4249 1186 4334 aliquam
1214 4252 1288 4316 in
1317 4250 1506 4316 Aula
1550 4248 1792 4315 iisdem
1835 4252 2266 4332 ‚compararet
2307 4244 2551 4313 existi·-

474 4345 651 4411 Delph.
682 4352 728 4398 el
754 4348 864 4403 Vtar.
886 4350 1013 4400 ctas.
1382 4350 1557 4401 Bam.
2369 4343 2419 4395 Α
