3049 4928
472 410 602 478 282
1167 426 1474 477 nomm
1528 428 1626 477 ns
1672 428 1985 479 consor„

471 575 717 639 habere
753 592 1147 658 praesumaS,
1193 574 1415 658 quasi,
1458 561 1768 640 habentis
1796 575 1949 653 Dei,
1979 574 2363 659 habitaeque
2389 576 2686 641 beatitu-

474 676 653 741 dinis
683 675 1017 742 diversam
1060 677 1320 759 cogites
1367 696 1516 742 esse
1547 678 2010 743 substantiam.
2108 677 2288 743 Nam
2332 678 2393 742 si
2440 680 2691 744 extrin-

475 797 673 845 secus
703 787 1055 865 acceptum
1084 786 1311 864 putes,
1341 781 1781 865 praestantius
1807 781 1878 846 id
1905 782 2088 866 quod
2118 781 2372 847 dederit
2397 778 2692 865 eoquod

479 884 840 968 acceperit,
869 883 1258 950 existimare
1288 885 1541 969 possis.
1585 883 1725 950 Sed
1757 885 1935 950 hunc
1958 904 2116 951 esse
2142 905 2362 950 rerum
2391 885 2694 948 omnium

476 986 1198 1070 praecellentissimum,
1250 987 1649 1071 dignissime
1695 988 2112 1054 confitemur.
2203 985 2411 1067 Quod
2466 987 2530 1050 si
2573 1002 2696 1049 na-

478 1093 631 1155 tura
660 1088 927 1172 quidem
957 1091 1152 1170 inest,
1182 1090 1301 1155 sed
1353 1092 1606 1156 ratione
1625 1088 1678 1131 ¹⁶
1723 1091 2079 1171 diversum,
2135 1110 2292 1156 cum
2338 1089 2425 1154 de
2471 1104 2699 1152 rerum

480 1191 781 1276 principe
807 1192 1160 1278 loquamur
1191 1195 1370 1274 Deo,
1400 1195 1615 1278 fingat
1642 1196 1761 1281 qui
1778 1203 2029 1280 potest,
2058 1197 2211 1280 quis
2239 1195 2389 1260 haec
2419 1192 2701 1257 diversa

482 1295 926 1380 conjunxerit.
1016 1297 1378 1364 Postremo
1412 1299 1597 1383 quod
1646 1318 1689 1364 a
1719 1298 2022 1382 qualibet
2067 1316 2136 1363 re
2178 1297 2517 1362 diversum
2567 1299 2700 1372 est,

481 1398 554 1465 id
582 1419 717 1465 non
762 1406 865 1466 est
909 1400 1082 1465 illud
1132 1422 1176 1467 a
1206 1422 1343 1486 quo
1397 1402 1789 1486 intelligitur
1825 1418 1978 1467 esse
2012 1401 2372 1468 diversum.
2462 1397 2701 1478 Quare

482 1504 664 1588 quod
695 1524 739 1568 a
766 1523 1029 1570 summo
1055 1506 1233 1570 bono
1261 1505 1602 1572 diversum
1653 1511 1758 1573 est
1790 1505 1898 1570 sui
1946 1511 2213 1586 natura,
2260 1504 2331 1568 id
2361 1518 2703 1566 summum

480 1607 727 1673 bonum
756 1628 891 1672 non
921 1615 1059 1674 est:
1108 1610 1289 1692 quod
1318 1611 1513 1676 nefas
1545 1617 1653 1675 est
1680 1611 1763 1675 de
1796 1610 1948 1674 Deo
1998 1610 2321 1692 cogitare,
2362 1625 2499 1690 quo
2530 1598 2705 1669 nihil

485 1715 749 1775 constat
779 1729 930 1775 esse
958 1712 1421 1795 praestantius.
1512 1713 1802 1777 Omnino
1830 1712 2011 1776 enim
2051 1712 2293 1777 nullius
2318 1710 2417 1774 rei
2445 1714 2706 1781 natura

487 1829 616 1877 suo
644 1813 984 1897 principio
1014 1815 1252 1879 melior
1280 1814 1538 1898 poterit
1564 1815 1890 1880 existere:
1938 1832 2146 1899 quare
2175 1811 2364 1896 quod
2392 1809 2702 1875 omnium

485 1915 893 2000 principium
913 1917 1027 1994 sit,
1047 1914 1119 1980 id
1138 1918 1345 1983 etiam
1367 1918 1477 1982 sui
1489 1919 1898 2011 substantia⁸
1928 1934 2260 1982 summum
2277 1934 2430 1980 esse
2446 1915 2707 1984 bonum

487 2019 843 2087 verissima
870 2020 1133 2085 ratione
1183 2020 1648 2086 concluserim.
1731 2021 2163 2098 Rectissime,
2194 2020 2490 2103 inquam.
2566 2015 2708 2081 Sed

490 2140 821 2187 summum
848 2124 1093 2187 bonum
1125 2123 1553 2189 beatudinem
1583 2144 1737 2190 esse
1788 2142 2190 2191 concessum
2223 2130 2346 2188 est.
2435 2116 2548 2186 Ita
2578 2125 2708 2198 est,

487 2226 790 2310 inquam.
880 2226 1115 2310 Igitur,
1161 2227 1399 2312 inquit,
1451 2229 1671 2294 Deum
1725 2250 1876 2295 esse
1914 2229 2140 2313 ipsam
2186 2223 2706 2302 beatitudinem,

489 2346 771 2395 necesse
802 2337 906 2396 est
946 2330 1273 2396 confiteri.
1368 2331 1434 2396 N
1436 2351 1512 2397 ec
1561 2331 1958 2417 propositiS‚
2007 2331 2306 2414 inquam,
2360 2324 2708 2411 prioribus

490 2432 845 2517 refragari‘
890 2455 1093 2520 queo,
1121 2441 1185 2502 et
1233 2437 1319 2502 ab
1349 2435 1559 2501 illis¹⁷
1604 2435 1737 2500 hoc
1779 2435 2048 2500 illatum
2096 2448 2521 2516 consequens
2552 2444 2706 2494 esse

555 2667 577 2694 ⁸
608 2661 814 2714 Ratione
834 2666 926 2716 sui.
1125 2666 1143 2699 ’
1175 2665 1455 2717 Adversari.

1421 2812 1778 2834 “HM“

496 2920 776 2985 secundus,
799 2928 857 2973 et
878 2922 999 2975 edd.
1023 2924 1217 2989 Delph.
1248 2923 1420 2975 Hack.
1444 2926 1526 2974 sed
1545 2929 1618 2973 est
1640 2923 1972 2974 ratione—17
1997 2917 2124 2970 Mss.
2145 2925 2193 2969 ει
2215 2917 2466 2968 iaia—18
2484 2915 2596 2965 Ms.
2617 2913 2711 2988 E‘ff

1494 3101 1547 3152 N
1551 3099 1711 3152 OTAE

498 3265 617 3300 cum
655 3249 1007 3315 Philosophiae
1042 3251 1194 3302 nefas
1224 3252 1293 3302 sit
1318 3251 1566 3316 judicare

497 3328 597 3377 nisi
619 3330 973 3392 praeeuntibus
1010 3330 1326 3394 notionibus,
1349 3331 1568 3396 quasju·

497 3403 721 3453 dicando
754 3404 892 3454 inter
911 3421 965 3455 se
980 3407 1173 3471 jungat
1208 3414 1300 3458 aut
1337 3414 1568 3472 separet,

495 3480 609 3532 haec
652 3493 754 3529 non
798 3485 978 3544 potest
1024 3481 1269 3545 judicare
1314 3485 1568 3533 rationem

500 3556 686 3606 summi
709 3556 832 3606 boni
866 3571 983 3606 esse
1020 3572 1052 3606 a
1092 3558 1209 3607 Deo
1249 3559 1570 3624 distinctam,

497 3631 599 3683 nisi
635 3640 692 3683 et
732 3647 987 3682 summum
1031 3633 1241 3697 bonum,
1286 3643 1340 3684 et
1378 3637 1571 3700 Deum,

500 3724 595 3759 sua
619 3709 902 3775 quemlibet
919 3724 1149 3760 seorsum
1173 3711 1403 3775 notione,
1427 3712 1570 3762 clare

498 3791 553 3834 et
575 3785 820 3836 distincte
841 3784 1076 3849 cogitare
1100 3786 1295 3851 possit:
1320 3789 1396 3838 ita
1408 3795 1467 3839 ut
1485 3794 1571 3838 ve-

499 3876 557 3913 re
575 3864 805 3925 cogitare
816 3863 983 3927 possit
996 3879 1250 3915 summum
1265 3864 1457 3917 bonum
1467 3881 1573 3916 non

498 3951 610 3989 esse
624 3940 818 4003 Deum,
834 3948 889 3989 et
901 3941 1070 3990 Deum
1083 3956 1186 3991 non
1200 3958 1311 3993 esse
1322 3959 1576 3995 summum

501 4017 729 4068 bonum:
766 4026 1045 4083 propterea
1084 4022 1219 4070 enim
1243 4020 1427 4072 eadem
1452 4023 1572 4073 Phi-

497 4095 731 4159 losophia
742 4096 948 4160 judicat
961 4104 1189 4147 mentem
1204 4104 1433 4149 nostram
1456 4113 1573 4149 esse

502 4169 798 4222 distinctam
824 4187 855 4222 a
877 4178 1050 4222 nostro
1090 4188 1342 4237 corpore:
1380 4187 1446 4222 ex
1469 4187 1573 4238 quo

504 4256 813 4313 sequeretur
868 4250 1124 4300 rationem
1187 4249 1371 4299 summi
1424 4249 1571 4314 boni,

506 4337 658 4390 quam
703 4327 852 4377 Deus
889 4326 1132 4389 baberet,
1168 4339 1285 4376 esse
1323 4325 1571 4376 extrinse-

1648 3265 1737 3301 cus
1759 3222 2307 3314 acceptam-adeoque
2333 3258 2451 3294 esse
2486 3243 2713 3310 aliquam

1644 3328 1756 3380 ‚Dei
1799 3339 2029 3388 causam,
2075 3338 2191 3388 quae
2235 3323 2407 3372 Deum
2440 3325 2499 3371 et
2531 3321 2715 3371 summi

1647 3404 1771 3454 boni
1800 3403 2050 3452 rationem
2084 3401 2223 3449 inter
2253 3412 2311 3450 se
2348 3397 2717 3461 conjunxerit:

1648 3497 1752 3531 non
1775 3495 1926 3531 secus
1948 3493 2010 3529 ac
2032 3492 2177 3528 meus
2209 3478 2449 3539 humana,
2477 3490 2584 3541 qua
2605 3490 2717 3527 cor·

1650 3573 1749 3622 pus
1787 3555 2121 3618 informatur,
2163 3559 2245 3604 est
2281 3553 2610 3603 extrinsecus
2633 3567 2717 3604 ae·

1649 3639 1827 3699 cepta,
1851 3632 2193 3697 agnoscitque
2233 3630 2467 3694 aliquam*
2496 3627 2574 3678 sui
2598 3644 2716 3679 cau·

1650 3725 1777 3773 sam,
1817 3724 1935 3775 quae
1973 3714 2204 3758 mentem
2242 3706 2407 3776 ipsam
2442 3711 2499 3754 et
2531 3717 2719 3769 corpus

1650 3787 1790 3837 inter
1810 3802 1866 3837 se
1889 3786 2236 3850 conjunxerit.
2304 3782 2470 3848 Atqui
2489 3782 2721 3833 Philoso-

1654 3866 1779 3931 phia
1800 3877 1902 3916 non
1942 3868 2122 3929 potest
2154 3874 2408 3912 summum
2449 3860 2644 3912 bonum
2668 3865 2720 3911 et

1658 3945 1830 3994 Deum
1853 3958 1946 3993 sua
1967 3941 2250 4007 quemlibet
2264 3953 2493 3990 seorsum
2510 3938 2721 3989 notione

1660 4021 1801 4071 clare
1827 4027 1884 4070 et
1905 4019 2151 4070 distinete
2176 4018 2443 4082 cogitare3
2492 4016 2717 4082 quando-

1653 4098 1863 4165 quidem
1897 4103 1956 4147 ut
1977 4099 2147 4156 Deus,
2171 4095 2246 4144 sic
2263 4108 2513 4143 summum
2533 4094 2717 4143 bonum

1651 4176 1931 4240 cogitatur,
1953 4185 2056 4240 quo
2081 4171 2208 4221 nihil
2232 4176 2439 4221 constat
2456 4184 2570 4220 esse
2593 4182 2718 4233 prae·

1652 4252 1898 4317 stantius,
1920 4250 2122 4312 melius,
2145 4247 2305 4313 prius.
