3049 4928
1044 424 1564 474 rumosorfflAE
1617 427 1759 475 ωε.
1808 426 1854 472 1.
2416 413 2546 480 133

329 589 512 672 vulgi
545 605 666 651 ore
715 587 1155 651 celebrentur.
1246 585 1935 670 Increpuisti=,etiam
1982 589 2405 655 vehementer
2446 592 2546 655 in-

321 692 490 776 justi
547 692 816 756 >factum
864 692 1211 755 Senatus,x
1302 690 1410 754 De
1464 699 1690 756 nostra
1743 695 1944 756 etiam
1997 694 2500 759 criminatione!
2520 703 2548 746 ³

327 794 636 873 doluisti,
668 796 986 879 laesaeque
1021 795 1439 878 opinionis⁸⁷
1485 794 1730 860 damna
1760 795 2054 860 flevisti.¹
2141 795 2538 862 Postremus

329 896 661 961 adversus
683 899 1011 964 fortunam
1032 897 1265 961 (101οτει
1294 897 1696 976 incanduit,⁶
1720 905 2261 984 conquestusque
2294 920 2370 963 es
2401 919 2541 964 non

333 1018 531 1083 aequa
562 1002 817 1066 meritis
845 1003 1123 1086 praemia
1153 1003 1444 1084 pensari.
1539 1002 1620 1066 In
1667 1009 1970 1070 extremo
1991 1003 2014 1040 ὖ
2077 1003 2307 1069 Musae
2339 1003 2541 1070 saevi-

332 1103 528 1179 entiS,
562 1103 658 1168 uti
690 1124 842 1188 quae
876 1103 1149 1180 coelum,
1183 1109 1391 1168 terras
1422 1124 1694 1188 quoque
1724 1126 1864 1188 pax
1894 1114 2177 1188 regeret,
2221 1113 2382 1172 vota
2413 1125 2539 1189 po·

330 1206 555 1269 suisti.
644 1206 781 1271 Sed
812 1209 1133 1294 quoniam
1164 1208 1490 1292 plurimus
1538 1209 1659 1272 tibi
1691 1208 2049 1273 affectuum
2083 1209 2407 1275 tumultus
2437 1210 2538 1271 in-

329 1309 590 1386 cubuit,
637 1310 1102 1395 diversumque
1147 1316 1208 1378 te
1263 1309 1474 1387 dolor,
1519 1311 1642 1388 ira,
1692 1330 1939 1376 moeror
1991 1311 2386 1388 distrahunt,
2438 1313 2537 1376 uti

325 1430 504 1476 nunc
535 1415 778 1478 mentis
811 1434 908 1492 οε,
962 1413 1256 1478 nondum
1287 1418 1352 1476 te
1387 1411 1711 1476 validiora
1759 1413 2056 1477 remedia
2103 1415 2537 1496 contingunt!

386 1602 413 1626 ὃ·
440 1596 768 1659 Redarguisti.
913 1605 942 1640 9
973 1598 1279 1647 Accu-satione
1299 1598 1467 1646 nostri.
1614 1604 1636 1629 z
1672 1597 2076 1646 Existimationis.
2217 1604 2241 1628 ⁶
2278 1594 2535 1659 Efferbuit.

321 1658 344 1690 ⁶
377 1661 613 1724 Denique.
742 1670 763 1695 ⁶
800 1663 1119 1712 Commoveat.

1249 1759 1274 1777 O
1283 1757 1605 1778 ‘OOOOOOOOOO

323 1840 675 1891 cimiteria—⁷
700 1842 800 1893 Ed.
823 1843 1016 1908 Delph.
1034 1845 1246 1895 doluisti.
1269 1846 1420 1900 Laesoe
1439 1861 1640 1909 quoque.
1677 1843 1774 1893 Ed.
1792 1843 1967 1896 Hack.
1985 1843 2197 1907 doluisti,
2215 1845 2337 1893 laesae
2350 1859 2541 1908 qnoque.

1321 1974 1540 2025 No'rAE

320 2084 435 2118 nem
472 2070 628 2120 alieni
667 2072 785 2121 aeris
817 2072 1132 2123 necessitate
1157 2071 1386 2135 compul-

320 2161 405 2195 sus
457 2146 601 2197 est:’
655 2148 757 2198 duo
799 2149 884 2198 alii
932 2150 947 2177 ‘
984 2151 1050 2199 ob
1090 2150 1384 2199 innumeras

319 2222 526 2274 fraudes
543 2225 610 2274 ad
633 2226 843 2277 exilium
865 2227 1094 2276 damnati
1118 2242 1383 2276 sacrarum

317 2314 431 2350 sese
469 2300 660 2351 aedium
704 2301 1005 2353 defensione
1040 2303 1385 2354 tuebanturz'

317 2377 602 2441 respondet
634 2379 985 2444 Philosophia,
1026 2382 1041 2408 ⁴
1081 2390 1227 2430 recte
1269 2382 1381 2430 haec

315 2454 541 2509 strictim
577 2456 786 2521 attingi,
810 2458 942 2523 quod
968 2472 1029 2507 ea
1052 2458 1234 2508 melius
1259 2458 1379 2508 ube-

314 2531 527 2597 riusque
568 2535 983 2597 recognoscentis
1022 2535 1192 2584 omnia
1238 2534 1377 2599 vulgi

315 2624 401 2659 ote
446 2610 821 2662 celebrentur!
891 2612 1105 2662 Scilicet
1142 2626 1258 2661 cum
1301 2611 1377 2660 lo-

318 2702 535 2751 quamur
586 2703 685 2737 non
737 2689 902 2738 solum
947 2687 1136 2746 verbis,
1183 2687 1274 2737 sed
1321 2696 1377 2737 et

316 2772 459 2825 nutu,
499 2773 554 2816 et
593 2773 763 2830 gestu,
805 2774 861 2816 et
897 2767 1088 2815 ceteris
1122 2765 1374 2829 ejusmodi

316 2842 452 2891 vocis
471 2843 706 2892 humanae
730 2842 1008 2908 adjunctis,
1025 2843 1194 2906 ipsum
1218 2842 1376 2891 etiam

316 2918 449 2982 vulgi
494 2919 755 2967 silentium
807 2919 1078 2983 aliquando
1127 2919 1374 2982 eloquens

310 2993 463 3055 piura
497 2993 772 3055 significat,
810 3009 963 3058 quam
1003 2994 1165 3043 multa
1200 2993 1375 3058 loqua-

311 3069 475 3129 citas3
511 3085 626 3134 quae
654 3077 825 3119 tamen
843 3070 921 3119 his
944 3069 1009 3118 de
1027 3070 1182 3119 rebus
1219 3070 1372 3133 vulgo

312 3160 410 3197 non
432 3146 625 3197 defuit.

369 3230 395 3255 ⁸
418 3225 599 3286 Injusti
624 3224 816 3283 sactum
855 3223 1079 3287 Senatus]
1127 3239 1205 3276 vl.
1238 3223 1371 3275 Boe·

308 3301 443 3351 thius
460 3302 782 3365 meminerat,
794 3303 1042 3350 Senatum
1064 3316 1225 3366 usque
1239 3301 1369 3351 adeo

306 3378 492 3442 ingrati
519 3379 676 3427 animi
700 3377 879 3441 fuisse,
909 3385 969 3426 ut
1002 3392 1092 3427 sua
1124 3379 1175 3427 in
1199 3377 1365 3441 ipsum

307 3456 584 3505 Boethium
608 3456 824 3504 decreta
857 3455 1103 3505 emiserit.
1167 3457 1182 3482 ‘
1208 3453 1364 3516 Suis,’

304 3531 486 3596 inquit,
503 3533 519 3559 ‘
547 3532 617 3581 de
639 3547 719 3581 me
743 3532 987 3592 decretis,
1009 3532 1083 3581 uti
1101 3532 1199 3580 hoc
1220 3530 1366 3581 nefas

303 3617 459 3670 esset,
481 3607 737 3658 effecerat
756 3606 795 3658 ε’
828 3608 1112 3670 respondet
1130 3607 1363 3658 Philoso-

305 3688 424 3750 phia
464 3686 779 3749 probatque,
819 3683 1095 3734 Boethium
1146 3685 1162 3712 ‘
1198 3686 1363 3735 incre·

304 3764 472 3825 puisse
494 3763 654 3812 etiam
682 3763 1017 3811 vehementer
1049 3762 1230 3826 injusti
1254 3761 1362 3814 fac-

304 3849 408 3891 tum
432 3838 696 3891 Senatus!

363 3926 383 3960 5
404 3919 485 3971 De
501 3924 669 3969 nostra
691 3916 836 3966 etiam
856 3916 1205 3980 criminatione]
1261 3931 1359 3969 vu-

302 3994 547 4045 Boiithius
604 4001 913 4056 conquestus
974 3992 1166 4055 fuerat,
1221 3993 1360 4059 quod

300 4072 441 4139 cujus
462 4069 707 4123 maleficii
727 4072 841 4135 ipse
859 4080 1208 4133 accusaretur,
1224 4071 1359 4120 idem

299 4147 348 4197 in
369 4151 535 4213 ipsam
554 4148 941 4212 Philosophiam
962 4148 1357 4198 refunderetur:

296 4226 311 4252 ‘
336 4225 398 4276 de
421 4226 511 4291 te,'
530 4226 719 4290 inquit,
746 4227 762 4253 ‘
789 4226 922 4276 tanti
948 4226 1177 4276 criminis
1202 4224 1358 4279 fidem

279 4301 527 4367 'capiunt,
562 4309 720 4368 atque
762 4301 859 4352 hoc
907 4301 1022 4367 ipso
1069 4302 1359 4358 videbimur

1467 2069 1645 2121 affines
1669 2070 1827 2121 fuisse
1848 2070 2120 2135 maleficio,
2142 2069 2279 2136 quod
2306 2072 2410 2120 tuis
2444 2071 2535 2120 im-

1464 2149 1578 2199 buti
1603 2148 1913 2213 disciplinis‚
1937 2149 2038 2199 tuis
2062 2148 2287 2197 instituti
2310 2148 2537 2198 moribus

1464 2226 1702 2277 sumusz’
1754 2226 2090 2288 Philosophia
2136 2232 2329 2284 autem,
2372 2224 2535 2273 veluti

1463 2319 1660 2354 memor
1690 2303 1842 2367 hujus
1875 2301 2077 2352 Boethii
2111 2302 2163 2351 in
2195 2303 2416 2365 seipsam
2452 2300 2528 2351 af-

1461 2382 1655 2444 fectus,
1699 2388 1938 2447 questum
1978 2380 2201 2445 probat:
2255 2381 2271 2409 ‘
2308 2381 2372 2429 de
2409 2395 2525 2432 nos·

1462 2459 1584 2522 tra,'
1617 2459 1711 2525 ait,
1753 2464 1768 2487 ⁸
1795 2457 1951 2508 etiam
1985 2456 2339 2509 criminatione
2379 2457 2524 2508 dolu-

1461 2537 1583 2588 isti?

1522 2623 1544 2647 ²
1566 2615 1806 2676 Loesoeque
1850 2612 2084 2678 opinionis
2123 2614 2292 2663 damna
2312 2612 2522 2677 flevisti]

1462 2704 1584 2739 vm.
1617 2690 1869 2739 Boethius
1887 2690 2241 2753 subjunxerat,
2264 2704 2318 2737 se
2347 2691 2522 2739 imme·

1457 2766 1562 2815 rito
1607 2766 1789 2815 bonam
1845 2765 1985 2828 apud
2031 2766 2215 2814 multos
2256 2765 2522 2816 existima·

1458 2843 1654 2890 tionem
1714 2841 1973 2890 amisisse:
2042 2842 2057 2868 ‘
2103 2839 2277 2904 quod‚'
2331 2841 2520 2904 inquit,

1455 2917 1471 2944 ‘
1493 2916 1810 2966 existimatio
1846 2916 2181 2980 plurimorum
2224 2930 2322 2965 non
2349 2930 2517 2965 rerum

1454 2994 1662 3056 merita,
1675 2994 1765 3044 sed
1774 2992 1998 3043 fortuna».
2015 3000 2225 3055 spectat
2240 2993 2519 3041 eventum!

1458 3072 1530 3121 Et
1557 3073 1654 3120 hoc
1676 3070 1929 3120 immerito
1947 3068 2060 3118 fieri
2082 3069 2264 3118 annuit
2288 3069 2518 3119 Philoso-

1453 3147 1592 3212 phia.

1511 3231 1536 3257 ²
1563 3226 1839 3285 Postremus
1858 3222 2338 3282 adversvoesortunam
2358 3223 2514 3286 dolor]

1450 3314 1530 3351 lx.
1572 3300 1822 3349 Boethius
1867 3299 2159 3362 praesertim
2203 3307 2512 3364 conquestus

1447 3377 1622 3426 fuerat
1636 3376 1701 3431 de
1718 3372 2347 3438 injustitiufortuuae,‘non
2365 3392 2513 3441 aequa

1447 3454 1645 3503 meritis
1661 3451 1887 3516 proeinia'
1903 3449 2252 3516 rependentis:
2271 3452 2286 3479 ‘
2298 3452 2513 3517 videre,'

1447 3531 1637 3595 inquit,
1661 3532 1677 3558 ‘
1701 3529 1881 3579 videor
1899 3528 2123 3579 nefarias
2140 3528 2510 3579 sceleratorum

1446 3607 1679 3658 officinas
1698 3606 1887 3670 gaudio
1909 3606 2197 3670 laetitiaque
2212 3604 2478 3655 fluitantes
2494 3622 2511 3666 ;

1444 3686 1678 3735 insontes
1709 3689 1881 3732 autem
1907 3696 2010 3730 non
2034 3681 2185 3730 modo
2207 3683 2512 3743 securitate,

1445 3777 1623 3812 verum
1646 3762 1761 3823 ipsa
1791 3760 1949 3808 etiam
1995 3756 2298 3807 defensione
2337 3757 2509 3822 priva·

1445 3837 1571 3890 tos.'
1655 3838 1797 3888 Hinc
1844 3837 1981 3885 idem
2032 3835 2283 3889 Boethius
2336 3836 2508 3889 Deum

1444 3916 1741 3981 compositis
1779 3914 2009 3965 versibus
2048 3912 2269 3977 rogavit,
2306 3921 2364 3962 ut
2403 3928 2507 3983 qua

1442 4009 1574 4062 pace
1612 3995 1798 4045 coelum
1826 3991 1991 4055 regit,
2021 3991 2204 4040 eadem
2236 3997 2403 4040 terras
2429 4007 2505 4040 re·

1443 4089 1566 4139 gere
1604 4073 1936 4136 dignaretur:
1996 4071 2150 4118 Musa
2186 4076 2359 4119 autem
2389 4071 2501 4119 haec

1443 4164 1578 4201 nunc
1601 4149 1788 4199 dicitur
1823 4155 1837 4177 ‘
1858 4145 2113 4208 saeviens,’
2154 4145 2290 4211 quod
2315 4160 2380 4194 ne
2399 4144 2501 4208 ipsi

1439 4227 1648 4293 quidem
1677 4228 1790 4276 Deo
1813 4225 2050 4274 videatur
2069 4236 2300 4287 parcere,
2320 4221 2501 4273 dicens

1438 4304 1618 4355 Metro
1646 4317 1699 4354 v.
1732 4302 1882 4369 hujus
1922 4299 2059 4363 libri,
2092 4300 2107 4327 ‘
2133 4297 2320 4349 Omnia
2352 4304 2498 4355 certo
