3049 4928
632 452 939 512 BoE'rnu
991 453 1088 500 DE
1131 450 1442 500 coNsoh.
1489 451 1931 500 Pfltbosorn.
1984 453 2129 501 Lm.
2177 456 2226 502 1.

338 595 751 659 ‘Magnitudiuis
791 596 970 662 itaque
1007 603 1110 646 tuae
1145 597 1395 647 relatione

338 673 702 735 comperimus,
750 673 999 724 Basiliam
1053 682 1210 739 atque
1255 675 1396 723 Prae·

340 756 596 799 textatum
619 751 745 799 artis
765 750 985 801 sinistroe
996 750 1196 815 jamdiu
1218 759 1395 800 conta-

339 826 490 887 gione
509 826 729 888 pollutos
746 826 779 874 ς’
794 826 1026 889 apertius
1042 827 1210 890 Epist.
1230 840 1395 876 xxm.

337 900 625 949 ‘Basilium
664 909 720 951 et
759 902 1140 951 Praetextatum
1184 903 1396 966 magicis

336 977 534 1027 artibus
550 976 842 1028 involutos!
867 978 986 1027 Hoc
1012 979 1083 1027 ita
1102 979 1395 1041 pronuntio,

334 1060 397 1103 ut
415 1054 551 1117 legis
571 1055 793 1104 Valeriae
831 1052 1134 1104 beneficium
1171 1068 1271 1104 non
1298 1055 1395 1104 tol·

333 1131 455 1178 lam.
494 1130 727 1180 Bernart.

398 1207 639 1269 Basilius]
686 1208 1008 1258 Mentionem
1046 1209 1228 1258 Basilii
1269 1209 1397 1259 facit

336 1285 636 1335 Cassiodor.
656 1287 782 1336 Var.
807 1300 872 1336 ιι.
904 1287 1072 1350 Epist.
1098 1291 1175 1335 11.
1200 1286 1291 1336 lib.
1316 1301 1395 1336 lv.

333 1364 505 1426 Epist.
527 1368 610 1413 22.
633 1368 714 1414 23.
738 1373 793 1414 et
813 1369 895 1415 40.
920 1381 984 1415 an
1005 1381 1129 1415 vero
1145 1366 1283 1416 idem
1310 1368 1396 1417 ille

333 1436 517 1501 fuerit,
537 1440 601 1488 de
623 1455 724 1505 quo
755 1447 932 1489 noster
966 1441 1210 1506 loquitur,
1249 1442 1396 1492 valde

332 1515 536 1565 dubito.
605 1518 740 1568 Quin
759 1526 815 1566 et
835 1518 1168 1568 Cassiodorus
1185 1511 1255 1568 de
1269 1521 1396 1569 duo-

332 1591 432 1640 bus
474 1592 573 1641 hoc
620 1593 865 1644 vocabulo
898 1595 1227 1659 nuncupatis,
1255 1597 1397 1662 loqui

322 1664 562 1719 ”videtum
597 1670 767 1721 sitm.

403 1747 672 1810 Opilionem
713 1763 840 1812 vero,
876 1755 1015 1813 atque
1051 1750 1397 1814 Gaudentium]

335 1823 408 1872 Et
441 1824 527 1873 hic
559 1825 758 1875 haesito.
837 1827 992 1889 Apud
1034 1828 1395 1878 cassiodorum

332 1900 467 1950 duos
509 1903 715 1963 reperio
757 1902 1046 1967 opiliones,
1100 1914 1300 1968 patrem
1339 1913 1397 1956 et

332 1973 515 2028 filium.
563 1980 644 2028 De
667 1981 756 2028 illo
774 1981 1045 2030 Variarum
1069 1982 1200 2031 libro
1214 1983 1396 2045 quinto

333 2053 562 2115 Epistol.
604 2059 688 2104 42.
757 2057 836 2105 De
892 2058 990 2107 hoc
1034 2057 1168 2107 libro
1211 2066 1396 2108 octavo

335 2130 511 2194 Epist.
536 2136 615 2181 16.
641 2141 696 2182 et
721 2138 800 2183 17.
824 2141 1021 2184 certum
1047 2145 1128 2185 est
1154 2137 1394 2202 utrinque

334 2221 425 2254 eos
450 2209 816 2258 commendari.
898 2211 1026 2261 Quis
1064 2211 1395 2262 Gaudentius

332 2280 514 2348 fuerit,
535 2288 752 2351 qualeve
785 2286 1030 2351 officium,
1066 2298 1157 2339 aut
1189 2291 1394 2354 qualem

334 2359 499 2408 vicem
530 2362 580 2410 iu
608 2363 723 2411 aula
749 2365 1057 2414 Theudorici
1078 2367 1398 2431 sustinuerit,

333 2450 439 2486 non
462 2437 628 2489 habeo
651 2449 995 2505 compertum.
1034 2442 1182 2494 Idem.

403 2514 670 2578 Opilionem
703 2533 832 2580 vero,
870 2525 1009 2584 atque
1053 2521 1398 2585 Gaudentium]

334 2591 558 2642 Romani
581 2593 728 2644 fuere
750 2611 850 2644 uon
875 2598 1057 2660 Gothi,
1088 2599 1266 2661 optimi
1302 2599 1399 2647 viri

332 2671 637 2734 nequissimi
679 2682 1032 2725 accusatores.
1097 2675 1219 2726 Joh.
1251 2676 1397 2737 Mag-

330 2760 431 2796 nus
453 2748 675 2813 Gothus,
689 2750 1124 2817 Archiepiscopus
1144 2752 1397 2815 Uspalen·

333 2825 405 2874 sis
444 2826 497 2874 in
536 2826 766 2876 Historia
798 2827 1141 2889 Gomon-lib.
1173 2841 1248 2878 1x.
1285 2842 1398 2892 cap.

334 2905 417 2950 82.
463 2900 531 2950 de
575 2903 937 2955 Theodorico:
974 2906 1205 2955 ‘Fuisset
1252 2907 1398 2956 nimi-

333 2993 445 3027 rum
493 2980 646 3042 longe
702 2980 911 3031 felicior
967 2983 1076 3045 ejus
1122 2982 1315 3046 exitus,
1354 2984 1398 3033 si

332 3071 544 3105 suorum
568 3057 857 3107 Gothorum
881 3058 1091 3108 consilia
1115 3059 1190 3109 ita
1222 3059 1273 3108 in
1309 3075 1398 3110 ex-

333 3139 506 3182 tremo
543 3148 677 3184 anuo
714 3136 1044 3200 attendisset,
1069 3138 1398 3203 quemadmo-

330 3209 454 3258 dum
477 3225 684 3274 semper
701 3218 857 3261 antea
879 3212 1186 3276 audiverat3
1211 3224 1265 3265 et
1288 3215 1398 3265 illo-

331 3298 445 3334 rum
471 3286 834 3337 seditiosorum
864 3289 1232 3353 Romanorum,
1254 3291 1396 3342 Gau·

330 3363 500 3413 dentii
542 3371 598 3414 et
642 3365 921 3429 Opilionis,
957 3367 1243 3417 delationes
1289 3385 1396 3418 sus·

332 3447 518 3503 pectas
542 3449 597 3490 et
621 3443 943 3506 perniciosas
968 3460 997 3494 a
1019 3459 1074 3496 se
1093 3446 1292 3510 longius
1314 3463 1396 3497 re·

330 3516 616 3567 movisset!
648 3519 880 3569 Bernart.
1235 3536 1255 3541 “

397 3592 654 3643 Sacrorum
674 3611 773 3646 sese
802 3598 977 3649 oedium
1007 3598 1273 3660 defensione
1293 3606 1393 3651 tue-

328 3671 520 3733 rentur]
553 3673 638 3722 De
683 3673 924 3739 perfugio
960 3677 1048 3726 illo
1085 3677 1147 3726 ad
1183 3680 1398 3743 templa,

330 3753 552 3811 statuas,
578 3765 692 3799 aras
716 3751 834 3801 vide
849 3753 903 3804 J.
924 3752 1153 3817 Lipsium
1170 3757 1219 3803 in
1243 3756 1395 3805 Com·

328 3832 552 3877 mentor.
600 3827 664 3876 ad
715 3828 901 3878 librum
937 3830 1151 3880 tertium
1205 3831 1394 3882 Annal.

326 3904 527 3968 Taciti,
549 3906 584 3957 J
590 3906 670 3954 oh.
690 3906 910 3956 Mariam
929 3908 1231 3957 Catanaeum
1251 3909 1315 3958 ad
1334 3909 1395 3958 C.

327 3980 469 4030 Plin.
493 3981 718 4031 Secundi
741 3982 912 4046 Epist.
942 3982 1022 4034 78.
1045 3985 1163 4033 libri
1189 3985 1396 4035 decimi.

328 4056 576 4108 Meminit
609 4059 765 4107 ctiam
796 4060 1109 4123 rescriptum
1147 4060 1281 4125 Imp.
1320 4062 1391 4113 D.

329 4134 602 4194 Antonini,
637 4137 782 4200 cujus
827 4136 990 4186 verba
1030 4145 1151 4188 sunt
1192 4139 1394 4190 inserta

329 4220 370 4262 t.
399 4217 449 4262 8.
474 4213 606 4260 Inst.
630 4214 663 4261 l.
689 4228 727 4262 1.
767 4214 937 4263 Sitzm.

398 4289 789 4351 Compertumque
819 4289 869 4338 id
907 4290 1013 4351 reg-i
1037 4288 1197 4352 foret]
1225 4291 1394 4341 Theo·

328 4362 513 4414 derico
547 4362 656 4427 r'egi
696 4364 884 4415 ltaliae.
952 4366 1007 4417 ls
1028 4366 1392 4418 Theodemeris

2395 441 2525 506 441

1470 596 1911 662 Ostrogothorum
1959 601 2093 664 regis
2129 615 2194 650 ex
2240 600 2528 651 concubina

1469 674 1706 723 Erelieva
1727 673 1884 738 filius,
1917 690 2049 741 puer
2072 678 2527 742 Constantinopoli

1467 749 1523 799 in
1546 752 1663 800 aula
1683 752 1907 802 Zenonis
1928 755 2054 816 imp.
2079 756 2230 805 obses
2260 757 2530 816 educatus,

1469 841 1605 876 anno
1642 841 1911 880 cnxch.
1966 831 2159 880 Consul
2217 832 2526 890 ordinarius,

1467 910 1643 952 statua
1679 906 1906 969 equestri
1944 906 2134 956 ibidem
2168 907 2390 957 donatus
2413 906 2529 956 fuit.

1472 984 1676 1033 Deinde
1698 985 1910 1036 Zenone
1942 1002 2043 1035 nou
2075 993 2397 1050 repugnante
2420 986 2529 1035 Ita·

1468 1061 1591 1111 liam
1637 1063 1703 1113 ab
1747 1064 1919 1129 Erulis
1962 1065 2317 1114 vindicaturus
2361 1065 2531 1129 petiit,

1469 1152 1748 1204 eorumque
1783 1155 1957 1204 regem
1992 1140 2287 1191 Odoacrem
2321 1142 2446 1191 vicit
2473 1149 2531 1192 et

1468 1228 1589 1263 mox
1642 1214 1926 1266 interfecit.
2019 1219 2133 1266 Rex
2180 1218 2347 1266 ltaliae
2396 1231 2530 1270 anno

1469 1302 1658 1339 cnxrc.
1694 1289 1884 1353 factus,
1915 1293 2182 1342 Clodovaei
2216 1295 2529 1342 Francorum

1469 1366 1607 1428 regis
1657 1381 1883 1417 sororem
1923 1366 2262 1417 Audefledam
2319 1383 2529 1418 uxorem

1470 1443 1637 1493 duxit.
1683 1444 1805 1508 Ipse
1826 1444 1954 1493 duas
1978 1460 2043 1494 ex
2067 1444 2359 1494 concubina
2376 1443 2530 1505 filias,

1471 1523 1646 1581 tinam,
1688 1520 1901 1571 Alarico
1941 1521 2350 1583 visigothorum,
2402 1521 2531 1570 alte-

1472 1611 1584 1645 ram
1603 1596 1929 1660 Sigismundo
1948 1596 2371 1660 Burgundionum
2396 1598 2532 1659 regi-

1472 1672 1569 1732 bus
1615 1673 1809 1739 nuptiis
1849 1675 2147 1737 copulavit:
2204 1671 2532 1737 quemadmo-

1471 1749 1594 1798 dum
1640 1757 1694 1798 et
1728 1748 1884 1799 filiam
1927 1764 2072 1798 suam
2107 1749 2532 1798 Amalasuentam

1472 1825 1755 1875 Eutharico
1777 1842 1842 1875 ex
1866 1826 2165 1876 Amalorum
2200 1825 2379 1874 eadem
2413 1825 2530 1874 stir-

1472 1916 1540 1967 pe
1580 1914 1738 1953 nato:
1775 1911 1829 1953 et
1861 1919 1981 1952 mox
2004 1900 2392 1952 Amalafredam
2417 1916 2532 1965 ger-

1472 1997 1676 2030 manam
1714 1997 1878 2044 suam,
1927 1989 2145 2031 matrem
2182 1979 2534 2041 Theodahadi,

1468 2058 1818 2107 'trasamundo
1863 2058 1916 2107 in
1958 2056 2141 2107 Africa
2181 2056 2531 2105 Vandaloruui

1472 2137 1618 2201 regi;
1662 2135 1924 2202 filiamque
1969 2138 2082 2200 ejus
2133 2145 2345 2199 neptem
2388 2150 2531 2192 suam

1471 2213 1871 2278 Amalabergam
1904 2212 2298 2275 Thuringiorum
2326 2213 2377 2261 in
2403 2213 2533 2261 Ger-

1472 2292 1639 2341 mania
1691 2292 1800 2354 regi
1856 2290 2244 2340 Hermeufredo
2293 2290 2532 2339 collocat.

1474 2368 1561 2417 Ita
1580 2384 1671 2418 rex
1691 2369 2118 2433 prudentissimus
2141 2370 2333 2418 vicinos
2357 2381 2534 2418 omnes

1472 2460 1622 2510 reges
1643 2447 1740 2497 sibi
1764 2445 2018 2498 affinitate
2047 2447 2363 2511 propinquos
2387 2445 2533 2496 facit.

1473 2522 1671 2573 Occiso
1704 2525 1941 2588 Alarico,
1971 2525 2316 2575 Amalaricum
2338 2525 2453 2587 ejus
2474 2525 2534 2574 fi-

1473 2599 1596 2649 lium
1620 2600 1673 2648 in
1709 2601 1870 2663 regni,
1890 2601 1956 2651 ab
1977 2600 2257 2651 Clodovaeo
2278 2602 2537 2664 occupati,

1474 2684 1678 2737 partem
1700 2675 1929 2725 restituit
1949 2692 1963 2736 ;
1985 2675 2437 2739 dum,comparato
2458 2675 2534 2724 in-

1475 2753 1622 2816 genti
1658 2753 1909 2814 exercitu,
1951 2767 2044 2816 per
2087 2752 2313 2803 Hibbam
2349 2752 2533 2802 ducem

1472 2829 1693 2878 obsessis
1732 2830 1869 2893 apud
1902 2829 2151 2887 Arelaten
2183 2838 2239 2881 et
2261 2831 2535 2880 Carcasso·

1473 2920 1593 2955 nam
1614 2906 1900 2968 Visigothis
1916 2906 2173 2969 subvenit,
2195 2919 2298 2954 non
2322 2905 2537 2968 triginta

1474 2984 1700 3034 millibus
1727 2985 2043 3034 Francorum
2074 2983 2125 3033 in
2166 2985 2345 3048 proelio
2367 2983 2537 3045 caesis,

1472 3071 1533 3110 ut
1566 3059 1697 3109 falso
1722 3060 1933 3126 scripsit
1961 3061 2271 3124 Jornandes,
2292 3061 2382 3110 sed
2405 3061 2536 3109 mul-

1474 3137 1543 3186 tis
1568 3136 1812 3202 utrinque
1849 3136 2175 3200 desideratis,
2197 3137 2318 3186 dum
2340 3151 2416 3186 eoe
2444 3135 2534 3185 ob-

1472 3213 1701 3264 sidiones
1747 3215 1954 3264 tandem
1990 3215 2276 3263 solvuntur.
2344 3212 2537 3263 Omnia

1471 3289 1696 3355 denique
1752 3305 2001 3354 prospere
2060 3289 2136 3338 illi
2202 3287 2534 3353 feliciterque

1470 3375 1759 3429 cesserant,
1797 3368 1885 3417 sed
1921 3368 2208 3430 imperante
2241 3365 2536 3430 praesertim

1471 3442 1773 3506 Anastasio,
1821 3458 1992 3508 quem,
2035 3450 2222 3507 utpote
2266 3443 2536 3505 Arianum,

1474 3521 1659 3570 oderat
1680 3521 1917 3570 universa
1939 3520 2115 3570 Italia.
2194 3518 2299 3568 Sed
2322 3518 2411 3568 ubi
2434 3519 2533 3568 Ca-

1471 3600 1695 3649 tholicus
1720 3599 1754 3651 J
1761 3599 1958 3648 ustinus
1977 3596 2185 3648 Orienti
2199 3594 2412 3658 affulsit,
2426 3602 2535 3645 tum

1471 3676 1756 3726 desiderari
1790 3677 1995 3740 colique
2036 3674 2101 3724 ab
2141 3674 2290 3723 Italis
2331 3674 2526 3737 eoepit:

1470 3755 1826 3806 Theodericus
1847 3769 1971 3804 vero
1990 3752 2213 3802 Arianus
2234 3768 2440 3818 quoque
2468 3754 2534 3803 ti-

1470 3833 1624 3894 meri,
1647 3833 1808 3881 amari
1823 3846 1926 3881 nou
1948 3830 2097 3880 item.
2163 3829 2296 3881 Inde
2315 3845 2411 3894 per
2430 3845 2537 3878 sus-

1473 3907 1727 3971 picionem
1752 3907 2169 3970 conjurationum
2205 3912 2282 3956 tot
2314 3913 2534 3969 patratae

1474 3984 1541 4034 ab
1575 3985 1662 4034 illo
1698 3984 1886 4048 caedes,
1920 3998 2137 4049 quarum
2172 3982 2536 4047 poeniteutiam

1470 4077 1610 4111 mors
1632 4061 1842 4111 tandem
1865 4060 1981 4125 ejus
2002 4074 2137 4110 anuo
2164 4073 2366 4111 nxxvt.
2389 4074 2536 4109 secu-

1471 4145 1527 4187 ta
1550 4142 1650 4187 est.
1692 4137 1869 4188 Vallia.

1542 4214 1610 4264 Ut
1626 4213 1725 4264 uisi
1743 4213 1877 4274 iufra
1894 4213 2225 4277 praescrt’ptum
2244 4210 2391 4274 diem]
2432 4212 2537 4262 Ms-

1472 4290 1721 4340 Rittersh.
1754 4296 1810 4339 ut
1842 4290 1938 4339 nisi
1957 4291 2088 4338 iutra
2106 4304 2155 4352 p.
2176 4290 2224 4337 d.
2273 4288 2532 4337 Proclivis

1470 4368 1730 4433 prolapsio
1753 4365 1853 4417 fuit
1871 4381 1902 4415 a
1923 4370 1960 4416 t.
1986 4364 2051 4413 ad
2074 4363 2121 4424 f.
2156 4364 2338 4413 eadem
2373 4376 2533 4428 opera
