3049 4928
656 861 1001 937 ANICII
1086 859 1482 938 MANLn
1563 861 2126 952 TORQUATI

297 1109 1380 1230 SEVERINI
1505 1111 2485 1232 BOETHII

933 1402 1061 1468 DE
1106 1402 1302 1469 CON
1306 1402 1484 1468 SOL
1486 1402 1795 1469 ATION
1799 1403 1859 1468 E

656 1622 2119 1723 PHILOSOPHIAE

1122 1901 1459 1980 LIBER
1541 1904 1654 1980 11.

1166 2413 1487 2482 PROSA
1533 2416 1593 2482 Ι.

279 2569 673 2658 Pos'rHAEc
734 2592 1082 2678 paulisper
1155 2593 1521 2659 obticuitt⁸
1591 2599 1789 2681 atque
1847 2597 1969 2662 ubi
2048 2597 2481 2662 attentionem

275 2716 489 2763 meam
520 2696 830 2763 modesta
874 2696 1335 2762 taciturnitate
1380 2697 1711 2780 collegit,⁸
1753 2699 1855 2763 sic
1901 2717 2146 2764 exorsa
2191 2703 2317 2763 est.

2409 2699 2484 2762 Si

274 2799 552 2881 penitus
608 2797 1035 2883 aegritudinis
1119 2805 1260 2864 tuae
1317 2816 1562 2862 causas
1616 2798 2051 2883 habitumque
2070 2796 2097 2835 b
2166 2799 2483 2880 cognovi,

273 2901 559 2968 fortunae
587 2901 831 2986 prioris
855 2900 1100 2968 affectu
1133 2899 1604 2986 desiderioque
1625 2901 1923 2967 tabescis
1948 2922 1966 2984 ;
1991 2908 2015 2937 ⁶
2059 2901 2187 2965 ea'
2217 2907 2476 2965 tantum

335 3074 360 3097 ·
389 3068 717 3132 Ριιειωοριιεα.
954 3066 976 3100 ⁶
1010 3067 1242 3119 Fortuna.

1261 3148 1475 3200 NOTAE

332 3269 356 3295 ⁸
387 3262 719 3313 Auenticum
746 3263 1173 3329 meam...c011e3ie]
1206 3262 1335 3316 Qui-

270 3353 495 3404 cumque
534 3339 672 3390 enim
713 3340 935 3390 voluerit
971 3347 1202 3391 mentem
1231 3354 1336 3390 non

270 3415 434 3464 solum
458 3414 783 3478 praejndiciis
806 3430 1021 3479 exuere,
1051 3416 1144 3467 sed
1172 3415 1337 3466 etiam

269 3491 405 3540 veris
434 3490 713 3541 informare
744 3491 1054 3556 disciplinis,
1088 3493 1134 3543 is
1168 3493 1337 3544 animo

268 3566 514 3617 attendat
554 3580 771 3617 necesse
811 3575 924 3618 est:
960 3568 1183 3632 primum
1223 3568 1338 3635 qui-

270 3643 387 3695 dem
432 3642 501 3695 ad
538 3657 722 3692 causas
753 3643 1206 3707 praejudiciorum:
1243 3644 1334 3694 de-

266 3719 389 3769 inde
429 3720 496 3768 ad
533 3720 669 3769 viam
703 3720 937 3771 veritatis
972 3721 1333 3773 inveniendae.

266 3793 363 3844 bac
407 3795 548 3845 euim
594 3795 907 3860 attentione,
956 3799 1120 3849 veluti
1179 3813 1335 3863 prece

266 3871 511 3936 quadam,
544 3869 828 3923 Auctorem
851 3872 1053 3924 luminis
1076 3874 1341 3925 veritatis·

266 3962 365 4011 que
384 3947 555 3997 Deum
583 3961 842 4012 rogamus,
873 3957 934 4000 ut
966 3958 1196 4002 mentem
1218 3964 1337 4003 nosz

267 4032 419 4089 tram,
453 4025 633 4090 quain
658 4039 750 4075 nos
770 4026 1082 4090 propendet,
1112 4027 1335 4077 benevo-

267 4104 427 4154 lentia
449 4105 696 4154 instruat.
762 4105 898 4154 Haec
934 4113 1108 4155 autem
1143 4105 1333 4155 mentis

264 4180 488 4231 attentio
508 4193 613 4229 non
636 4179 890 4230 auditoris
913 4182 1096 4244 solum,
1126 4181 1223 4232 sed
1254 4182 1331 4244 ip·

267 4256 368 4307 sius
391 4257 554 4307 etiam
574 4257 840 4321 loquentis
868 4258 1076 4308 silentio
1107 4259 1331 4309 excitari

266 4332 427 4384 nolet:

1421 3264 1441 3292 ‘
1464 3261 1859 3314 ta‹.·ittn·nitate.⁹

1486 3337 1853 3402 bAEgv-itudinis
1864 3342 1961 3388 tua
1979 3351 2144 3387 αιυω
2159 3335 2503 3400 habitumque]-

1422 3415 1542 3467 Hoc
1579 3422 1679 3480 est,
1707 3415 1761 3465 id
1803 3430 1836 3466 a
1871 3432 1971 3482 quo
1996 3415 2090 3480 sit,
2122 3414 2278 3482 idque
2300 3416 2353 3465 in
2379 3431 2482 3480 quo

1422 3499 1664 3544 versetur
1717 3493 1812 3543 illa
1862 3494 2141 3559 oegritudo,
2195 3508 2297 3559 qua
2333 3508 2480 3543 meus

1417 3569 1630 3621 Boethii
1652 3568 1848 3621 afflicta
1871 3570 2040 3636 jacet.

1480 3647 1768 3697 Fortunae
1810 3647 1991 3712 prior-u
2015 3646 2194 3713 affectu
2226 3645 2481 3696 denderio·

1415 3739 1504 3789 que
1544 3724 1768 3789 tabescis]
1820 3726 1954 3775 Cum
2002 3724 2116 3788 jam
2159 3729 2372 3774 constet
2413 3737 2481 3772 ex

1415 3801 1686 3866 predictis
1726 3804 1936 3852 causam
1972 3801 2126 3865 hujus
2156 3797 2480 3863 egritudinis

1415 3891 1533 3927 esse
1572 3877 2042 3941 perturbationem,
2073 3881 2314 3941 superest
2351 3873 2486 3923 dun-

1414 3959 1562 4003 taxat
1574 3953 1872 4017 dicendum,
1903 3967 2139 4018 quaenam
2163 3952 2233 4002 sit
2249 3952 2338 4001 illa
2359 3964 2480 4015 per·

1416 4029 1669 4080 turbatio.
1736 4030 1953 4094 Optime
1991 4035 2165 4080 autem
2207 4026 2483 4093 profertur

1413 4103 1640 4156 fortunae
1683 4106 1872 4171 prioris
1917 4102 2134 4155 affectus
2177 4110 2233 4153 et
2275 4101 2479 4152 deside·

1412 4182 1562 4232 rium.
1629 4181 1882 4231 Boethius
1903 4180 2041 4231 enim
2063 4179 2287 4239 videtur,
2303 4178 2479 4225 baete·-

1408 4272 1505 4308 nus
1547 4255 1810 4309 fortunam
1855 4267 2157 4320 prosperam
2209 4256 2479 4313 expertus,

478 4334 493 4361 ‘
528 4332 800 4396 modesta,’
844 4340 903 4383 ut
939 4342 1075 4385 nunc
1120 4334 1330 4397 dicitnr,
1405 4335 1541 4386 banc
1560 4342 1763 4388 temere
1775 4330 2056 4390 credidisse
2070 4325 2479 4385 imnutabilemz
