3049 4928
530 944 1086 1066 NOTAE
1198 859 2271 1071 VARIORUM
2351 1051 2352 1054 w

1357 1239 1438 1283 IN

620 1438 997 1506 ANICII
1087 1440 1501 1507 MANLII
1590 1441 2174 1523 TORQUATI

727 1696 1386 1789 SEVERINI
1489 1699 2062 1790 BOETHII

460 1973 691 2049 CON
693 1972 1234 2051 SOLATION
1238 1974 1407 2050 EM
1515 1974 2314 2053 PHILOSOPHIAE.

1149 2509 1485 2586 LIBER
1569 2512 1641 2585 Ι.

298 2695 514 2772 Mam.
540 2728 590 2773 1.
659 2722 843 2787 Anicia]
884 2721 1076 2785 Anicii,
1101 2721 1343 2772 florentis

283 2796 381 2859 jam
406 2800 526 2848 olim
551 2799 687 2863 reip.
729 2801 822 2850 Ro.
848 2798 1188 2863 temporibus,
1218 2798 1343 2848 clari

290 2880 443 2939 atque
469 2876 696 2926 illustres
729 2875 896 2925 habiti
925 2885 1080 2937 sunt;
1116 2877 1174 2926 L.
1209 2877 1345 2925 enim

288 2946 491 3000 Anicius
515 2953 701 3003 Gallus
722 2952 872 3002 Lucii
892 2950 1047 3015 filius,
1069 2952 1236 3002 Marci
1259 2967 1344 3001 ne·

286 3039 376 3088 pos
397 3028 461 3078 de
479 3028 678 3093 Illyriis
702 3033 757 3078 et
779 3043 957 3079 eorum
980 3030 1126 3093 Rege
1150 3029 1344 3079 Gentio

287 3104 623 3169 triumphavit
691 3107 993 3173 Propraetor
1065 3121 1144 3158 an.
1210 3106 1344 3159 Urb.

286 3194 536 3234 ntxxxv.
576 3192 632 3233 et
661 3184 721 3232 L.
750 3183 966 3232 Anicius
992 3183 1172 3232 Gallus
1192 3183 1340 3233 Lucii

286 3256 352 3307 fil.
394 3262 538 3309 Lucii
584 3275 743 3325 nepos
789 3262 945 3310 ConS.
985 3259 1104 3322 fuit,
1137 3260 1340 3324 collega

286 3333 399 3385 Cor.
425 3338 662 3400 Cethego
685 3352 769 3386 an.
791 3336 923 3388 Urb.
943 3350 1147 3387 nxcm.
1213 3336 1339 3387 Ani-

285 3412 387 3460 cius
409 3413 640 3462 Cerealis
677 3414 772 3462 sub
814 3413 1024 3463 Nerone
1064 3413 1218 3462 Cons.
1256 3413 1341 3462 de·

284 3487 518 3549 signatus.
584 3490 665 3538 Ex
703 3503 765 3539 ea
801 3487 999 3537 familia
1038 3490 1232 3553 primus
1254 3490 1341 3540 ille

285 3563 596 3615 Christianus
618 3560 825 3614 senator
847 3565 1059 3616 Anicius
1079 3566 1340 3616 Julianus:

283 3655 345 3689 ex
368 3659 428 3691 ea
451 3660 498 3693 v.
536 3658 584 3693 c.
616 3643 822 3692 Probus
861 3643 955 3692 sub
977 3644 1342 3692 Valentiniano

282 3719 564 3780 praefectus
621 3720 906 3785 praetori03
961 3721 1180 3787 ejusque
1246 3719 1341 3770 filii

282 3794 489 3851 Anicius
507 3797 907 3862 Hermogenian.
929 3796 1195 3864 Olybrius,
1212 3798 1339 3846 Pro·

284 3870 446 3935 binus,
495 3879 551 3923 et
599 3873 838 3924 Probus:
894 3889 959 3922 ex
1015 3889 1077 3922 ea
1120 3872 1337 3923 Anicius

283 3946 512 4006 Faustus,
566 3948 784 3998 Anicius
838 3950 1099 3999 Maximus
1158 3949 1337 4000 Boetii

283 4031 455 4086 aetate,
511 4040 688 4075 omnes
738 4026 954 4076 diversis
1011 4027 1333 4093 temporibus

283 4100 542 4167 Consules,
561 4105 842 4169 caeterique
866 4106 1058 4169 plnres,
1092 4119 1220 4169 qnos
1254 4118 1332 4154 re-

280 4187 490 4228 censere
544 4181 792 4244 singulos,
853 4196 1028 4245 operae
1084 4181 1332 4244 longioris

282 4260 433 4304 esset.
500 4255 705 4305 Nomen
761 4263 933 4306 autem
983 4257 1101 4320 hoc,
1158 4257 1333 4307 Βοὲῐίἰ

285 4333 567 4396 praesertim
611 4335 822 4400 saeculo,
874 4334 1192 4385 celebratum
1236 4340 1333 4400 est,

1423 2721 1490 2772 ob
1545 2720 1788 2772 Anicium
1843 2723 1986 2772 illum
2040 2722 2325 2786 Juliauum,
2378 2723 2485 2788 qui,

1425 2798 1856 2864 quemadmodum
1877 2799 2085 2849 Flavius
2115 2798 2485 2850 Constantinus

1426 2876 1622 2941 primus
1646 2877 2039 2941 imperatorum,
2071 2878 2147 2927 ita
2185 2877 2381 2941 primus
2405 2890 2486 2926 se-

1425 2960 1659 3003 natorum
1740 2956 2083 3004 Romanorum
2167 2953 2489 3006 Christianus

1421 3029 1543 3081 fuit.
1607 3031 1761 3081 Unde
1806 3038 1990 3094 postea
2028 3045 2206 3082 omnes
2250 3030 2362 3081 fere
2396 3031 2488 3080 im·

1424 3115 1696 3173 peratores
1736 3110 1924 3172 Flavii,
1958 3110 2097 3160 sicut
2130 3117 2186 3160 et
2218 3116 2485 3158 senatores

1422 3183 1615 3249 Anicii,
1639 3183 1885 3236 affectata
1907 3186 2151 3250 primaria
2165 3186 2254 3235 illa
2270 3184 2488 3247 familia,

1421 3261 1951 3324 cognominabantur3
2017 3270 2079 3313 nt
2134 3262 2487 3312 Romanorum

1423 3337 1836 3404 Graecorumque
1872 3339 1994 3388 fasti
2029 3344 2278 3388 annotant
2315 3343 2371 3387 et
2393 3351 2481 3388 ve-

1423 3422 1540 3465 tera
1576 3421 1907 3463 monumenta
1936 3415 2238 3479 loquuntur.
2305 3412 2486 3464 Anici·

1422 3506 1588 3554 orum,
1613 3492 1902 3541 Proborum
1927 3491 2131 3542 scilicet
2162 3498 2219 3542 et
2242 3491 2485 3557 Olybrio-

1422 3583 1556 3628 rum‚
1591 3568 1923 3631 splendorem
1963 3558 2287 3619 secundinus
2311 3569 2386 3618 ‘ad
2411 3568 2483 3619 D.

1422 3643 1767 3709 Augustimrm
1792 3640 2019 3695 scribens
2042 3652 2208 3709 notat,
2240 3661 2355 3696 cum
2391 3646 2485 3709 ait,

1422 3722 1572 3784 ‘Ego
1610 3736 1832 3786 namque
1869 3719 2055 3785 fateor,
2093 3736 2198 3771 non
2230 3722 2324 3771 tali
2365 3720 2481 3770 dili-

1421 3798 1617 3861 gentia,
1642 3813 1738 3847 uec
1762 3805 1910 3848 tanta
1940 3798 2192 3848 industria
2210 3790 2479 3847 Anicianae

1419 3872 1601 3923 domus
1623 3875 1816 3924 micare
1854 3888 2125 3938 marmora,
2161 3881 2354 3939 quanta
2388 3881 2481 3924 tua

1417 3951 1617 4014 scripta
1639 3951 1930 4014 praelucent
1958 3948 2305 4016 eloquentia?
2339 3950 2482 4015 quod

1417 4033 1474 4076 et
1493 4027 1548 4077 S.
1568 4025 1898 4076 Gaudentius
1922 4040 2157 4076 sermone
2178 4026 2245 4075 de
2266 4026 2499 4076 Mache·-

1414 4102 1544 4153 baeis
1578 4100 1865 4152 confirmat.
1900 4102 1917 4130 ⁴
1937 4100 2191 4165 Anicios,’
2228 4101 2395 4166 inquit
2427 4115 2480 4150 a·

1413 4179 1519 4244 pud
1541 4178 1901 4229 Cassiodornm
1939 4177 2133 4242 [Epist.
2166 4191 2245 4228 11.
2281 4177 2372 4227 lib.
2399 4177 2478 4242 x.]

1412 4255 1534 4305 Rex
1553 4252 1947 4317 Theodahadus,
1965 4255 1979 4279 ‘
1997 4267 2134 4320 pene
2157 4253 2479 4318 principibus

1411 4347 1567 4399 pares
1607 4337 1735 4382 aetas
1776 4330 1949 4396 prisca
1989 4328 2304 4396 progenuit.’
2342 4330 2472 4380 ‘Fa-
