3049 4928
942 370 1462 435 Pnrnosormln
1513 380 1658 431 ms.
1708 372 1817 428 ιη.
2356 359 2483 427 291

314 555 427 623 que
454 535 688 603 animal
718 533 888 599 tueri
917 532 1210 597 salutem·
1232 531 1538 596 laborat:
1583 533 1861 594 mortem
1893 545 2051 593 vero
2096 525 2485 611 perniciem-

312 661 425 725 que
456 639 721 705 devitat.
810 636 944 702 Sed
996 636 1163 720 quid
1213 635 1298 699 de
1345 635 1576 701 herbis
1627 631 2129 716 arboribusque,
2183 629 2346 715 quid
2399 630 2486 694 de

308 743 668 809 inanimatis
706 741 974 806 omnino
1003 741 1416 805 consentiam
1441 741 1663 817 rebus,
1681 755 1959 822 prorsus
1978 735 2235 799 dubito.
2276 733 2492 818 Atqui

247 864 250 867 ·
311 867 425 911 non
461 852 562 911 est
593 845 768 930 quod
796 846 884 910 de
919 844 1052 909 hoc
1087 844 1363 929 possis*
1406 843 1789 927 ambigere:
1834 852 1987 905 cum
2004 839 2246 904 herbas
2293 843 2491 921 atque

311 950 556 1015 arbores
586 950 933 1026 intueariS‚
951 949 1236 1033 primum
1261 948 1393 1013 sibi
1421 945 1975 1014 convenientibus
2000 941 2267 1007 innasci
2291 941 2491 1018 lociS,

310 1054 415 1118 ubi
462 1060 780 1136 quantum
829 1064 1058 1118 earum
1099 1058 1336 1118 natura
1388 1058 1611 1136 queat,
1659 1051 1797 1116 cito
1842 1060 2241 1113 exarescere
2291 1052 2495 1129 atque

308 1156 546 1242 interire
563 1174 695 1222 non
716 1161 1055 1242 possunt.⁵
1106 1154 1288 1220 Nam
1310 1154 1461 1220 aliae
1483 1153 1761 1238 quidem<
1775 1152 2060 1234 campis,
2077 1144 2234 1214 aliae
2252 1150 2497 1213 monti*

309 1259 432 1325 bus
453 1261 766 1341 oriuntur,
796 1260 966 1326 alias
995 1259 1222 1323 ferunt
1248 1259 1556 1343 palude8‚
1585 1258 1743 1324 aliae
1775 1264 1968 1327 saxis
2015 1257 2300 1337 haerent,
2333 1258 2494 1323 alia-

306 1381 439 1426 rum
464 1363 802 1429 foecundae
835 1370 997 1431 sunt
1023 1363 1288 1428 steriles
1319 1380 1563 1441 arenae,
1597 1381 1769 1448 quas
1798 1361 1859 1426 si
1888 1362 1956 1425 in
1989 1360 2126 1426 alia
2157 1363 2499 1446 quispiam

305 1463 450 1530 loca
476 1468 825 1533 transferre
855 1474 1161 1545 conetur,
1197 1472 1529 1532 arescant.
1619 1466 1757 1532 Sed
1809 1467 1929 1532 dat
1974 1465 2217 1550 cuique
2261 1472 2500 1530 natura

308 1570 475 1650 quod
501 1572 836 1651 convenit,
868 1578 938 1638 et
963 1592 1067 1651 ne,
1099 1571 1270 1638 dum
1286 1590 1555 1637 manere
1601 1580 1907 1657 possunt,
1955 1573 2309 1650 intereant,
2363 1571 2499 1635 ela-

362 1742 386 1775 ‘'
410 1738 665 1797 Dubitare.

1207 1830 1236 1847 Ο

303 1936 375 2003 res
406 1926 703 1990 praedietae:
751 1928 1405 1991 abjiciat'....festinet.—4
1463 1933 1545 1982 De
1594 1933 1678 1982 hoc
1722 1949 1902 1998 quoque
1942 1935 2095 1998 possis
2139 1933 2221 1984 ed.
2263 1934 2502 1984 Hack.-—-

1294 2097 1345 2147 N
1350 2098 1515 2149 0⁹1*AE

306 2216 553 2279 guendum
596 2226 718 2269 esse
746 2219 1071 2283 appetitum3
1125 2222 1357 2271 volunta-

306 2293 429 2343 rium
449 2310 626 2358 unum,
664 2296 886 2346 alterum
901 2299 1206 2350 naturalem.
1252 2298 1359 2363 Ap-

307 2374 491 2435 petitus
535 2374 860 2424 voluntarius
894 2383 975 2424 est
1019 2376 1133 2439 ipsa
1177 2377 1363 2425 mentis

308 2446 657 2514 cognoscentis
701 2451 957 2515 voluntas,
982 2453 1128 2518 cnjus
1164 2453 1240 2503 ita
1281 2470 1364 2503 su-

306 2539 411 2578 mus
424 2530 641 2592 conscii,
656 2529 1214 2593 docente-ipsonostrae
1227 2545 1370 2580 men·

306 2605 365 2654 tis
407 2608 794 2671 voluntatisque
841 2615 1076 2666 auctore,
1117 2608 1366 2669 majorem

1442 2223 1493 2271 in
1515 2223 1701 2288 quibus
1727 2226 1866 2276 nulla
1902 2232 2078 2290 potest
2111 2241 2225 2276 esse
2261 2229 2511 2291 cognitio,

1443 2302 1615 2351 locum
1648 2303 1824 2353 habet.
1893 2304 2175 2365 Praeterea,
2195 2304 2276 2354 hie
2310 2304 2514 2368 appeti-

1447 2385 1533 2426 tus
1553 2378 1805 2429 divinitus
1822 2379 2104 2444 impressus
2144 2390 2254 2431 est:
2307 2396 2411 2430 non
2437 2396 2514 2429 se·

1449 2470 1540 2504 cus
1564 2471 1626 2505 ac
1650 2456 1971 2508 voluntarius
1995 2475 2008 2505 ε
2066 2458 2211 2506 Deus
2245 2458 2380 2507 enim
2405 2474 2512 2507 mo-
2574 2497 2578 2502 .

1449 2539 1543 2582 vet
1564 2535 1751 2584 omnia.
1816 2536 2059 2599 Denique
2083 2535 2218 2583 idem
2253 2537 2515 2599 appetitus

1451 2615 1534 2658 est
1571 2610 1639 2658 ad
1681 2610 1757 2658 rei
1800 2611 2279 2659 conservationem:
2331 2613 2345 2637 ‘
2371 2610 2517 2658 dedit

306 2688 361 2729 ut
379 2683 527 2747 hujus
550 2684 945 2746 intelligentiam
960 2700 988 2733 a
1003 2683 1145 2733 nullo
1162 2683 1369 2733 homine

308 2760 539 2825 accipere
588 2762 864 2826 possimus,
950 2759 1095 2809 Talis
1151 2765 1233 2808 est
1279 2759 1368 2807 ille

308 2839 590 2901 appetitus,
634 2849 739 2903 quo
794 2838 1030 2887 volumus
1087 2850 1204 2885 esse
1250 2835 1368 2885 bea-

307 2912 377 2962 ti:
432 2915 552 2963 talis
589 2922 673 2964 est
715 2914 819 2963 iste
863 2913 1151 2977 appetitus,
1197 2910 1372 2976 ‘quo,’

306 2989 467 3055 inquit
484 3006 627 3042 nunc
650 2991 1005 3056 Philosophia,
1029 2991 1045 3019 ‘
1072 3004 1217 3055 saepe
1241 3005 1374 3040 mor-

307 3072 426 3131 t'em,
457 3069 772 3133 cogentibus
803 3068 972 3117 causis
1000 3079 1157 3132 quam
1177 3074 1378 3128 ‚natura

308 3145 633 3211 reformidat,
672 3157 819 3196 mens
850 3147 1076 3197 humana
1109 3146 1377 3209 amplecti-

308 3229 423 3287 tui-3
456 3233 549 3276 aut
571 3227 818 3291 gignendi
843 3242 974 3291 opus
1011 3227 1272 3278 interdum
1292 3243 1376 3277 co-

311 3298 487 3353 ercet)
578 3302 692 3353 Sed
760 3304 835 3353 ait
893 3304 1244 3369 Philosophia,
1280 3306 1295 3332 ‘
1323 3320 1379 3354 se

310 3389 442 3449 nunc
486 3393 595 3429 non
632 3379 699 3428 de
737 3378 815 3428 his
854 3381 1154 3430 voluntariis
1194 3381 1378 3431 animae

311 3457 675 3517 cognoscentis
699 3455 924 3506 motibus
947 3456 1215 3507 tractare!
1272 3457 1380 3522 Ap-

311 3530 508 3591 petitus
531 3538 708 3582 autem
736 3533 983 3582 naturalis
1006 3540 1087 3583 est
1108 3533 1381 3584 instinctus

312 3610 385 3657 rei
408 3610 570 3660 etiam
595 3610 774 3660 insciae
814 3611 880 3661 ad
915 3611 1075 3675 ipsius
1109 3626 1382 3662 conserva-

315 3684 507 3735 tionem
533 3686 782 3735 divinitus
803 3686 1102 3750 impressus,
1153 3688 1383 3737 Primum

316 3763 523 3828 quidem
547 3764 633 3814 hic
658 3764 925 3828 appetitus
959 3764 1155 3814 dicitur
1176 3766 1386 3815 instinc-

315 3845 430 3889 tus:
467 3848 555 3891 est
576 3841 714 3892 enim
738 3842 1004 3905 impulsi03
1053 3849 1107 3890 et
1141 3842 1390 3905 quaelibet

315 3916 559 3982 impulsio
626 3926 772 3969 recte
828 3918 1020 3968 dicitur
1075 3918 1388 3968 instinctus:

320 4007 436 4042 cum
457 3995 738 4045 instinctus
758 3994 961 4045 dicatur
985 3995 1052 4044 ab
1081 3995 1391 4058 instigando,

321 4069 414 4119 hoc
440 4070 507 4120 ab
532 4071 813 4133 instand03
863 4072 1004 4137 quod
1041 4073 1129 4137 qui
1164 4072 1394 4137 instigat,

320 4145 404 4195 hic
447 4147 616 4197 instat
660 4156 716 4197 et
758 4158 933 4213 urget.
998 4150 1210 4199 Deinde
1254 4149 1393 4198 idem

325 4225 598 4288 appetitus
615 4231 696 4276 est
719 4226 793 4275 rei
811 4227 967 4275 etiam
987 4227 1164 4276 inseiae
1186 4244 1200 4278 ε
1233 4242 1393 4291 quan-

327 4299 609 4365 doquidem
652 4303 705 4351 in
748 4304 1048 4367 corporibus
1084 4304 1397 4369 inanimatis»,

1452 2686 1586 2734 enim
1610 2686 1788 2735 divina
1807 2686 2169 2749 providentia,’
2205 2694 2263 2735 ut
2284 2686 2367 2734 hic
2391 2686 2517 2734 diei·
2578 2726 2582 2730 ,

1454 2768 1563 2825 tur,
1608 2762 1841 2811 ‘creatis
1883 2777 1913 2810 a
1957 2776 2013 2810 se
2060 2762 2214 2809 rebus
2258 2763 2388 2809 lianc
2435 2764 2516 2810 vel

1452 2838 1726 2887 maximam
1751 2837 1989 2888 manendi
2013 2851 2236 2899 causam,
2261 2845 2317 2887 ut
2347 2839 2517 2903 quoad

1456 2922 1693 2979 possunt,
1733 2916 2038 2965 naturaliter
2070 2930 2281 2966 manere
2315 2916 2520 2966 deside·
2583 2957 2589 2963 .

1457 2991 1610 3043 rent!
1687 2991 1808 3042 Hoc
1854 2992 2115 3057 appetitu,
2154 2992 2170 3020 ‘
2199 2999 2255 3042 ut
2300 2992 2520 3056 quodam

1457 3076 1663 3119 naturae
1708 3070 1986 3134 principio,
2029 3070 2266 3120 animalia
2311 3085 2526 3120 manere
2591 3106 2595 3110 -

1459 3145 1671 3196 amant!
1738 3146 1936 3196 Eodem
1980 3147 1996 3174 ‘
2021 3161 2224 3211 semper
2268 3152 2526 3211 appetunt

1459 3222 1706 3286 gignendi
1755 3237 1902 3286 opus,
1944 3238 2045 3288 quo
2083 3225 2190 3273 solo
2232 3223 2525 3274 mortalium

1462 3313 1635 3348 rerum
1675 3299 1832 3360 durat
1870 3299 2222 3353 diuturnitas!
2287 3302 2408 3351 Hoc
2433 3317 2525 3365 ap—

1461 3376 1633 3440 petitu
1668 3379 1683 3405 ‘
1705 3384 1951 3441 acceptas
1986 3392 2133 3427 escas
2172 3378 2282 3428 sine
2328 3378 2526 3441 cogita-

1464 3454 1607 3503 tione
1627 3454 1998 3519 transigimus!
2041 3454 2260 3519 Eodem,
2282 3460 2297 3484 ‘
2324 3456 2374 3505 in
2398 3471 2529 3505 som-

1464 3547 1530 3581 no
1555 3532 1795 3596 spiritum
1813 3532 2049 3583 ducimus
2066 3533 2389 3583 nescientes!
2413 3533 2532 3581 Hoc
2600 3565 2601 3568 =

1466 3611 1689 3675 denique
1713 3611 1952 3675 appetitu
1998 3612 2013 3639 ‘
2040 3617 2232 3660 cuncta
2256 3625 2370 3675 quae
2396 3616 2535 3672 sunt,
2599 3662 2607 3669 ,

1468 3695 1730 3751 appetunt
1803 3687 2111 3737 naturaliter
2187 3687 2533 3736 constantiam

1470 3763 1831 3825 permanendi,
1849 3763 2086 3812 devitant
2104 3763 2417 3826 perniciem.'
2447 3763 2535 3812 Sic
2602 3796 2606 3801 -

1471 3841 1523 3889 in
1549 3855 1664 3904 ove,
1688 3841 1798 3889 viso
1838 3840 1978 3904 lupe,
2001 3840 2214 3903 spiritus
2250 3855 2281 3888 a
2314 3840 2536 3889 cerebro
2604 3879 2608 3882 .

1473 3933 1570 3981 per
1589 3931 1781 3966 nervos
1803 3914 1965 3966 fluere
2002 3916 2143 3966 soliti
2179 3916 2241 3965 ad
2267 3931 2359 3965 eas
2377 3916 2536 3964 decli-

1474 4004 1602 4045 nant
1624 3996 1735 4044 ovis
1754 4003 1929 4059 partes
1966 4009 2084 4059 quae
2119 3994 2185 4043 ad
2221 3994 2395 4058 fugam
2420 3995 2535 4042 des·

1476 4074 1738 4123 tiuantur:
1793 4072 1846 4121 in
1867 4072 2087 4122 formica
2128 4087 2268 4133 vero,
2301 4070 2536 4119 viso’fru-

1474 4158 1672 4212 mento,
1692 4148 1847 4198 iidem
1870 4149 2085 4211 spiritus
2108 4148 2453 4197 deturbantur
2474 4146 2542 4206 ad
2606 4177 2609 4194 2

1475 4241 1566 4276 eas
1607 4226 1836 4275 formieae
1859 4233 2056 4289 partes,
2076 4240 2190 4291 quae
2231 4224 2539 4291 adcapien-
2601 4267 2610 4272 .

1476 4304 1598 4354 dum
1620 4303 1887 4368 dispositae
1915 4313 2053 4353 sunt.
