3049 4928
533 412 670 479 376

1232 425 1532 475 Romu
1583 426 1682 475 ΠΒ
1731 426 2042 477 CONSOho'

538 571 923 641 substantiis
953 575 1020 639 et
1049 570 1411 655 perspicax
1446 569 1802 655 judicium,
1854 578 1922 638 et
1966 572 2359 656 incorrupta
2386 572 2716 655 voluntas,

534 680 600 740 et
627 674 861 741 efficax
890 680 1276 758 optatorum
1307 681 1563 757 praesto
1609 683 1716 741 est
1763 682 2088 759 potestne.
2178 675 2532 741 Humanas
2561 697 2712 742 vero

534 778 792 847 animas
821 776 1167 841 liberiores
1196 775 1466 859 quidem
1495 798 1647 845 esse
1677 798 1948 845 necesse
1980 785 2085 844 est
2111 799 2262 844 cum
2293 800 2370 844 se
2394 781 2462 844 in
2487 782 2714 845 mentis

530 881 778 947 divinae
808 877 1265 962 speculatione
1285 885 1303 916 ³
1365 886 1798 947 conservant:
1850 881 2070 948 minus
2124 901 2310 961 vero,
2352 902 2505 948 cum
2553 882 2713 946 dila-

527 984 770 1049 buntur
799 981 885 1048 ad
917 1001 1222 1066 corpora,
1253 982 1607 1067 minusque
1648 983 1875 1062 etiam,
1923 1003 2080 1051 cum
2126 986 2400 1050 terrenis
2446 987 2714 1050 artubus

528 1085 940 1169 colligantur.

585 1327 603 1358 ⁸
638 1324 1056 1388 contemplatione.

1029 1084 1348 1153 Extrema
1376 1105 1535 1153 vero
1561 1091 1667 1155 est
1695 1087 2008 1167 servitus,
2056 1107 2208 1153 cum
2236 1088 2422 1155 vitiis
2449 1086 2713 1164 deditas,

1515 1472 1730 1524 NOTAE

517 1625 737 1675 manain,
761 1611 1094 1678 Philosophia
1126 1613 1298 1678 docet,
1323 1615 1578 1667 diversam

520 1702 632 1738 esse
654 1689 703 1738 in
721 1690 798 1738 his
815 1691 1073 1740 mentibus
1090 1691 1406 1741 libertatem.
1443 1691 1579 1740 Nam

518 1765 657 1829 quod
695 1774 901 1829 spectat
938 1768 1162 1815 divinam
1203 1774 1257 1816 et
1296 1767 1576 1831 angelicam

517 1848 760 1903 mentem,
775 1857 898 1906 quas
918 1842 1247 1906 Philosophia
1264 1858 1400 1893 nnnc
1425 1851 1579 1893 vocat

514 1918 805 1981 ‘supernas
859 1918 1160 1985 divinasque
1218 1918 1577 1984 substantias?

516 1992 582 2044 de
604 1994 684 2045 his
719 1995 793 2046 sic
816 1996 1023 2067 videtur
1057 1995 1354 2046 ratiocinari
1388 1998 1572 2048 eadem

512 2071 876 2135 Philosophia:
923 2087 1039 2138 quae
1076 2088 1237 2138 mens,
1274 2075 1573 2138 cognitione

512 2148 667 2209 duce,
716 2150 1068 2213 semetipsam,
1110 2150 1353 2213 volendo,
1401 2149 1573 2200 effica-

511 2225 621 2276 cius
643 2240 801 2288 agere
831 2232 1026 2290 potest,
1057 2227 1168 2278 haec
1206 2227 1417 2277 liberior
1450 2242 1570 2277 cen·

510 2303 613 2353 seri
644 2303 834 2354 debet:
872 2304 1121 2370 siquidem
1145 2305 1361 2356 libertas
1398 2320 1570 2356 versa·

509 2387 595 2435 tur
633 2381 683 2431 in
712 2381 811 2430 hac
847 2376 1142 2446 potestate:
1182 2383 1275 2433 sed
1300 2383 1569 2447 praedictae

507 2468 710 2510 mentes
741 2475 1001 2525 superna»,
1036 2460 1178 2511 Deus
1224 2460 1471 2520 videlicet
1513 2468 1570 2512 et

506 2533 755 2599 Angelus,
776 2537 1080 2600 semetipsas
1100 2538 1396 2602 cognitione
1415 2538 1570 2604 duce,

506 2612 744 2676 volendo,
788 2611 1047 2666 efficacius
1100 2629 1258 2679 agere
1312 2624 1563 2680 possunt:

500 2706 617 2741 nam
668 2692 721 2741 in
770 2707 1074 2758 unaquaque
1116 2702 1290 2744 mente
1336 2703 1566 2760 quatuor

500 2767 817 2818 considerari
875 2777 1109 2833 possunt,
1156 2771 1396 2822 nimirum
1445 2787 1563 2836 per·

500 2844 696 2908 ceptio,
707 2845 980 2910 judicium,
995 2848 1201 2912 electio,
1223 2855 1278 2899 et
1292 2849 1531 2899 executio
1545 2864 1564 2910 3

500 2934 617 2984 quae
654 2921 731 2972 ita
763 2922 900 2973 inter
943 2939 1000 2974 se
1037 2939 1268 2976 connexa
1311 2932 1450 2989 sunt,
1500 2932 1563 2975 nt

497 3011 596 3049 nec
650 3000 893 3051 executio
952 3001 1063 3050 sine
1122 3001 1408 3062 electione3
1460 3016 1560 3054 nee

494 3075 685 3126 electio
721 3077 834 3128 sine
867 3078 1106 3141 jndicio;
1156 3093 1255 3128 nec
1302 3077 1564 3142 judicium

495 3151 607 3202 sine
628 3155 969 3218 perceptione
991 3170 1104 3206 esse
1138 3155 1362 3207 debeat:
1400 3171 1563 3221 quare

493 3242 588 3291 pro
613 3229 870 3282 varietate
893 3232 1245 3296 perceptionis
1263 3240 1443 3283 cetera
1475 3248 1562 3282 va-

491 3306 721 3358 riantur:
769 3307 822 3356 in
857 3309 1096 3371 supernis
1133 3316 1309 3361 antem
1349 3308 1561 3361 divinis·

489 3395 591 3448 qne
625 3380 944 3442 substantiis,
969 3385 1142 3450 ,magis
1175 3400 1331 3450 quam
1366 3385 1420 3435 in
1473 3400 1558 3436 ce-

490 3458 635 3520 teris,
654 3458 669 3483 ‘
691 3466 773 3508 est
795 3461 1074 3525 perspicax
1097 3462 1372 3526 judicium,
1392 3463 1561 3514 incor-

489 3541 645 3598 rupta
668 3536 927 3597 voluntas,
962 3545 1018 3588 et
1054 3537 1240 3592 efficax
1264 3547 1558 3604 optatorum

489 3605 763 3675 potestas?
831 3612 1001 3664 Quod
1043 3629 1166 3663 vero
1208 3617 1442 3679 pertinet
1488 3617 1556 3668 ad

484 3694 714 3746 mentem
757 3688 1048 3752 humanam,
1097 3690 1246 3754 hujus
1303 3691 1558 3756 distingui

485 3770 701 3828 possunt
755 3772 979 3829 quatuor
1031 3773 1219 3828 status,
1261 3768 1348 3833 qui
1398 3775 1556 3833 prout

484 3846 604 3892 sunt
625 3840 949 3910 sublimiores
981 3848 1076 3893 aut
1108 3843 1425 3907 humiliores,
1446 3861 1552 3897 ma-

474 3917 642 3984 jorem
680 3918 877 3969 hahent
918 3927 1008 3970 aut
1048 3920 1299 3972 minorem
1340 3921 1549 3974 liberta-

483 4003 608 4064 tem.
675 3996 880 4048 Primus
897 4003 1067 4049 status
1086 4004 1165 4049 est
1179 3999 1366 4050 mentis
1387 4015 1418 4050 a
1434 4015 1551 4051 cor·

481 4087 610 4136 pore
650 4081 933 4139 separatae,
970 4090 1086 4140 quae
1126 4077 1330 4127 scilicet
1365 4078 1381 4105 ‘
1405 4092 1461 4128 se
1495 4078 1551 4129 in

477 4150 669 4202 mentis
707 4149 900 4202 divinae
937 4152 1296 4216 speculatione
1341 4168 1546 4204 conser-

1658 1616 2006 1680 semetipsam,
2091 1614 2313 1667 volendo
2396 1613 2712 1678 amandoqne

1662 1696 1851 1758 Deum,
1902 1695 2119 1745 maxime
2172 1708 2326 1757 agere
2369 1699 2561 1757 potest.
2625 1693 2709 1740 Se·

1659 1771 1856 1821 enudus
1890 1779 2059 1823 status
2091 1778 2170 1820 est
2205 1771 2394 1819 mentis
2424 1769 2710 1832 conjuncte

1656 1862 1773 1898 cum
1804 1863 2045 1913 corpore,
2068 1848 2204 1912 qnod
2237 1847 2311 1896 illi
2333 1846 2399 1899 ad
2422 1842 2714 1897 nutum-ob·

1657 1925 1920 1991 sequitur:
1960 1925 2124 1990 qualis
2155 1931 2267 1974 erat
2284 1937 2425 1973 mens
2449 1922 2607 1986 primi
2627 1935 2712 1984 pa·

1654 2004 2117 2066 tentis,antequam
2137 2005 2430 2064 peccasset:
2455 1998 2568 2048 hoec
2578 1996 2710 2048 enim

1655 2079 1671 2107 ‘
1691 2077 1896 2142 dilapsa
1930 2084 2014 2128 est
2034 2077 2102 2128 ad
2137 2074 2391 2141 corpusz’
2425 2082 2584 2140 atque
2603 2074 2709 2129 haee

1652 2155 1840 2206 mentis
1864 2154 2096 2204 humanae
2118 2153 2354 2214 libertas,
2373 2166 2476 2202 non
2499 2158 2579 2201 est
2601 2150 2710 2215 qni·

1653 2230 1769 2280 dem
1795 2236 1960 2294 tanta,
1981 2238 2177 2295 quanta
2191 2237 2272 2279 est
2289 2229 2555 2279 beatarum
2573 2240 2710 2279 men·

1652 2307 1811 2361 tium:
1849 2306 1942 2357 sed
1982 2307 2296 2372 reliquarum
2338 2313 2509 2357 tamen
2552 2303 2715 2373 maxi3

1650 2400 1763 2436 maz
1807 2385 2059 2451 siquidem
2099 2384 2332 2439 Adamas
2373 2385 2553 2449 majori
2589 2398 2706 2446 eog-

1648 2463 1847 2516 nitione
1871 2462 2124 2528 proditus
2160 2463 2343 2518 melius
2365 2462 2711 2526 semetipsum,

1649 2541 1888 2603 volendo,
1908 2554 2063 2605 agere
2088 2546 2312 2604 poterat.
2376 2539 2582 2590 Tertius
2605 2545 2706 2590 sta·

1646 2625 1731 2668 tus
1755 2624 1836 2667 est
1871 2617 2060 2668 mentis
2092 2614 2575 2679 perturbationibus
2598 2613 2704 2678 qui,

1644 2695 1761 2744 dem
1814 2691 2043 2755 afflictar,
2086 2693 2178 2743 sed
2221 2693 2406 2744 iisdem
2447 2707 2548 2742 nou
2587 2706 2705 2742 con·

1648 2770 1922 2821 sentientis
1944 2787 1958 2819 z
1988 2770 2153 2835 qualis
2184 2776 2300 2818 erat
2321 2783 2466 2818 mens
2482 2769 2538 2818 S.
2558 2765 2706 2820 Pauli

1649 2847 1874 2899 dicentis
1896 2847 1962 2898 ad
1987 2849 2207 2898 Roman.
2239 2851 2289 2897 7.
2322 2847 2339 2874 ‘
2365 2846 2519 2895 video
2552 2844 2700 2896 aliam

1645 2925 1814 2987 legem
1839 2924 1892 2974 in
1917 2922 2156 2973 membris
2173 2923 2316 2984 meis,
2336 2929 2702 2986 repugnantem

1645 3000 1751 3064 legi
1784 3000 1971 3050 mentis
2003 3014 2153 3062 meae,
2173 3006 2228 3049 et
2249 2999 2603 3063 captivantem
2624 3012 2703 3050 me

1643 3075 1698 3126 in
1735 3077 1854 3141 lege
1877 3076 2104 3140 peccati,
2125 3091 2240 3141 quae
2263 3083 2344 3125 est
2375 3075 2429 3126 in
2464 3074 2700 3126 membris

1641 3153 1785 3204 meis.
1850 3152 2041 3204 Infelix
2088 3167 2186 3217 ego
2227 3152 2412 3203 homo:
2465 3151 2581 3217 quis
2620 3166 2700 3202 me

1638 3229 1888 3280 liberabit
1925 3230 1991 3279 de
2033 3243 2252 3292 corpore
2296 3228 2479 3278 mortis
2522 3228 2700 3292 hujus?

1641 3307 1831 3358 Gratia
1852 3305 1957 3357 Dei
1988 3319 2083 3370 per
2112 3304 2284 3354 Iesum
2310 3304 2574 3355 Christum
2596 3306 2701 3355 Do-

1639 3383 1831 3434 minum
1871 3381 2142 3433 nostrum!
2196 3383 2268 3433 Et
2315 3380 2428 3432 haec
2470 3382 2698 3434 humanae

1637 3459 1826 3512 mentis
1849 3461 1864 3486 ‘
1888 3460 2106 3511 terrenis
2141 3456 2379 3509 artubus’
2402 3458 2697 3521 conjuncto

1635 3535 1850 3587 libertas
1885 3534 2231 3586 antecedente
2266 3535 2450 3598 minor,
2485 3542 2567 3586 est
2586 3534 2699 3584 sub·

1638 3620 1890 3679 sequente
1911 3613 2110 3676 major:
2147 3610 2287 3677 quod
2310 3625 2452 3661 mens
2475 3611 2694 3664 nondum

1638 3690 1779 3741 victa
1807 3688 2038 3741 fatiscat.
2102 3689 2330 3741 Quartus
2354 3688 2578 3752 denique
2594 3694 2693 3738 sta-

1639 3774 1722 3820 tus
1743 3774 1823 3819 est
1843 3767 2034 3820 mentis
2054 3764 2531 3831 perturbationibus
2552 3764 2691 3816 ohse-

1635 3844 1870 3911 quentis:
1921 3859 2037 3909 quae
2091 3842 2308 3893 libertas
2354 3849 2459 3892 tam
2509 3841 2690 3904 exigua

1633 3930 1734 3985 est,
1758 3929 1816 3971 ut
1835 3920 2101 3972 servitutis
2124 3920 2297 3985 potius
2329 3919 2582 3970 rationem
2608 3918 2690 3970 ha·

1631 3999 1758 4050 bere
1781 3997 2051 4050 videatur:
2090 3997 2106 4024 ‘
2130 4003 2360 4046 extrema
2379 3995 2529 4046 vero'
2548 3995 2687 4046 liber·

1632 4083 1729 4137 tas,
1744 4074 1913 4138 inquit
1933 4072 2283 4137 Philosophia,
2306 4072 2322 4099 ‘
2346 4079 2430 4121 est
2448 4072 2681 4131 servitus,

1629 4166 1745 4205 cum
1784 4150 1922 4201 vitiis
1959 4149 2177 4202 deditae’
2205 4154 2405 4200 mentes
2434 4149 2452 4176 ‘
2480 4145 2681 4199 rationis

478 4226 630 4282 vatz’
680 4233 736 4280 et
777 4228 889 4282 haec
933 4245 1080 4281 mens
1119 4230 1382 4282 liberrima
1425 4238 1509 4281 est
1528 4236 1579 4282 :⁸
1625 4227 1849 4300 propriae
1871 4228 2195 4292 possessione
2215 4223 2562 4288 ceciderunt!

481 4305 617 4371 quod
642 4307 1071 4372 praestantissima
1092 4307 1385 4372 cognitione
1408 4307 1544 4360 duce
