3049 4928
767 390 1153 441 nncnnsus
1209 391 1638 440 nnrriomm
1699 391 2031 441 Bonum.
2353 379 2483 442 569
2541 395 2548 401 ·

314 534 785 614 magnitudinem,
829 542 912 607 ut,
943 535 1367 613 qualecumque
1393 516 1566 612 'opus
1609 535 1702 605 sit,
1746 534 1958 595 blattas
2000 544 2059 594 et
2096 533 2275 595 tineas
2303 539 2481 596 modo

356 650 418 688 as
515 632 556 688 .’

313 641 865 804 pRimantepenult.
896 735 1032 805 post
1076 725 1430 806 disceptant,
1461 729 1737 812 ,supplet
1809 727 2254 790 ‘Mechanicum
2305 727 2476 789 etiam

313 822 721 883 Archimedem
747 822 1031 884 Latialem
1058 822 1273 883 Siculis
1300 823 1646 884 reddidisti?

394 1127 562 1195 CUM
597 1131 944 1216 Bipontini
971 1131 1223 1197 nullam
1255 1132 1612 1197 editionem
1633 1130 1897 1199 Boethii
1926 1130 2247 1208 dederint,
2281 1131 2483 1197 Noti-

312 1232 407 1296 tia
434 1252 663 1297 eorum
709 1253 796 1298 ex
849 1253 1127 1301 necesse
1180 1233 1633 1315 desideratur3
1676 1254 1803 1298 nec
1854 1234 2065 1299 editio
2112 1254 2261 1306 cum
2306 1236 2485 1299 notis

309 1328 667 1410 ¹Variorum
716 1333 923 1399 ullum
967 1336 1219 1419 praebet
1251 1334 1652 1400 -Editionum
1703 1335 2108 1402 Recensum.
2156 1417 2159 1418 ἢ
2214 1335 2485 1400 Lectori

307 1434 503 1515 igitur
525 1435 988 1501 substituimus
1016 1436 1422 1502 historiolam
1466 1438 1667 1502 istam
1721 1437 1819 1517 de,
1852 1438 2122 1503 Boethii
2165 1442 2368 1503 aetate
2415 1442 2486 1508 et

309 1535 710 1602 editionibus
741 1557 939 1620 quam
967 1537 1393 1604 doctissimus
1429 1538 1781 1604 Fabricius
1809 1540 2000 1605 nobis
2031 1537 2487 1622 suppeditavit

302 1637 370 1704 in
400 1639 827 1705 Bibliotheca
855 1661 981 1706 sua
1008 1641 1268 1706 Latina.
1316 1643 1492 1708 Duae
1517 1647 1676 1706 sunt
1701 1641 2083 1726 hujusmodi
2112 1637 2484 1706 historiolae

305 1742 390 1806 ab
417 1742 652 1807 eodem
698 1744 843 1808 viro
891 1744 972 1807 cl.
1020 1744 1474 1826 concinnatae3
1519 1765 1653 1810 una
1689 1764 1923 1828 nempe
1971 1744 2038 1809 in
2090 1743 2304 1828 primo
2350 1742 2487 1807 vol.
2532 1735 2541 1744 ’

306 1843 627 1912 Biblioth.
673 1846 826 1911 Lat.
858 1845 1014 1934 edit.
1047 1847 1297 1911 Hamb.
1331 1849 1516 1913 1721.
1557 1849 1769 1913 altera
1796 1848 1866 1911 in
1894 1846 2030 1912 vol.
2062 1848 2256 1911 tertio
2287 1852 2357 1910 et
2386 1845 2486 1910 ul-

306 1946 466 2012 timo
517 1947 817 2032 ejusdem
859 1948 1103 2032 operis,
1146 1948 1301 2014 edit.
1352 1950 1602 2015 Hamb.
1631 1949 1824 2016 1722.
1917 1949 2131 2015 Hisce
2162 1948 2488 2012 ambabus

302 2047 469 2113 inter
502 2070 577 2113 se
612 2050 902 2128 collatis,
947 2051 1149 2114 istam
1177 2050 1406 2116 lectori
1436 2053 1797 2117 obtulimus
1830 2070 1981 2135 quae
2032 2051 2374 2135 copiosius
2421 2059 2491 2113 et

303 2152 683 2217 accuratius
727 2153 813 2217 de
862 2153 1138 2218 Boethii
1183 2155 1385 2219 rebus
1433 2159 1690 2233 tractat,
1738 2173 1977 2237 nempe
2027 2153 2489 2235 posteriorem.

300 2251 665 2330 ErnestiuS,
687 2254 753 2319 in
772 2254 1067 2319 editione
1085 2276 1213 2320 sua
1238 2255 1536 2322 Fabricii
1558 2249 2004 2320 Bibliothecae
2026 2256 2313 2334 Latinae,
2325 2256 2490 2321 mul-

298 2354 383 2419 tis
414 2364 625 2421 aucta
654 2363 727 2419 et
752 2357 1120 2436 emendata,
1164 2358 1523 2423 Boethium
1572 2358 1868 2435 omnino,
1900 2358 2017 2423 sed
2048 2358 2383 2434 consulto,
2415 2366 2491 2421 ut

298 2457 579 2537 videtur,
635 2459 1077 2543 praetermisit.
1140 2459 1439 2525 Fabricii
1492 2458 1710 2543 ipsius
1764 2458 1850 2523 de
1899 2456 2189 2523 Boethio
2244 2458 2490 2523 notitia

296 2560 514 2627 brevis
548 2560 821 2644 quidem
852 2568 979 2642 est,
1002 2569 1067 2626 et
1094 2561 1325 2626 deficit
1364 2561 1572 2626 etiam
1600 2562 1685 2626 de
1722 2561 2126 2627 editionibus
2153 2580 2366 2645 usque
2399 2561 2490 2627 ad

295 2682 490 2728 suum
517 2671 786 2746 tempus
811 2664 1115 2745 vulgatiS.
1162 2661 1496 2741 Quaedam
1524 2661 1904 2748 hujusmodi
1930 2662 2335 2740 notabimuS‚
2356 2662 2492 2728 alia

294 2766 608 2848 quaedam
637 2765 810 2830 infra
840 2763 1140 2829 Fabricii
1168 2769 1433 2847 tempus
1464 2762 1884 2828 decurrentia
1905 2761 2401 2846 subjungemus.

379 2867 749 2933 Harlesius
789 2873 980 2932 notat
1022 2867 1183 2933 edit.
1225 2866 1635 2931 rarissimam
1665 2865 1808 2929 sine
1838 2882 2032 2942 anno,
2061 2864 2244 2943 loco,
2276 2871 2344 2930 et
2371 2884 2486 2930 no-

292 2970 467 3035 mine
532 2970 957 3054 typographi,
1014 2969 1158 3049 sed,
1211 2976 1292 3035 ut
1349 2974 1643 3053 putatur,
1686 2968 1860 3033 intra
1910 2984 2126 3032 annos
2178 2967 2377 3033 1472.
2422 2973 2488 3031 et

205 3120 208 3121 ν
293 3071 482 3137 1482.
515 3072 934 3156 impressam.
1008 3072 1207 3136 Brev.
1241 3069 1404 3137 Not.
1437 3070 1573 3135 Lit.
1604 3068 1808 3133 Rom.
1835 3090 1901 3153 p.
1927 3067 2078 3134 756.

378 3173 737 3238 Fabricius
786 3175 1065 3239 cursitet
1116 3180 1310 3239 notat
1359 3172 1686 3238 editiones
1734 3171 1929 3236 1473.
1975 3175 2041 3235 et
2089 3171 2285 3235 1476.
2330 3189 2483 3235 cum

292 3276 517 3340 multis
543 3275 717 3340 aliis.
806 3276 1140 3340 Editionis
1179 3275 1508 3359 principis
1558 3273 2071 3357 descriptionem
2101 3260 2490 3337 accuratam

291 3377 684 3462 subjicimus
712 3397 799 3442 ex
831 3377 1066 3442 Indice
1107 3378 1422 3443 librorum
1466 3378 1553 3441 ab
1602 3375 1875 3442 inventa
1922 3374 2359 3458 typographia
2380 3374 2490 3455 [ad
2577 3444 2581 3449 ,

292 3499 543 3548 annum
570 3479 765 3544 1500.
796 3478 1249 3563 chronologice
1298 3479 1630 3564 disposito
1672 3497 1714 3541 a
1762 3474 2222 3542 Franc.-Xav.
2264 3475 2485 3554 Laire‚

291 3578 479 3649 Part.
513 3596 561 3645 ι.
612 3601 684 3665 p.
712 3579 865 3646 295.
954 3585 975 3614 ‘
997 3585 1015 3614 ‘
1036 3578 1250 3670 Anitij
1285 3579 1531 3664 Manlij
1578 3579 1901 3662 Torquati
1926 3578 2233 3644 Severini
2262 3577 2481 3662 Boetij

289 3680 603 3746 ordinarii
647 3680 896 3765 patritij
951 3683 1341 3746 exconsulis
1405 3680 1489 3745 de
1547 3680 2012 3746 consolatione
2063 3679 2485 3765 philosophie

291 3804 447 3849 cum
500 3783 994 3849 commentariis
1052 3784 1289 3849 Sancti
1340 3783 1627 3850 Thomae
1679 3782 1764 3846 de
1812 3780 2135 3866 Aquino-,⁸
2238 3782 2319 3846 In
2363 3781 2484 3846 fol.

289 3885 607 3950 maximo.
642 3903 728 3948 m.
759 3904 813 3948 r.
899 3883 1280 3951 Voluminis
1321 3884 1519 3969 hujus
1568 3872 1828 3967 duplex
1877 3890 1981 3949 est
2030 3903 2226 3969 pars:
2270 3884 2484 3967 prima

289 3986 562 4050 exhibet
588 3990 841 4052 textum
873 3985 1146 4051 Boethii
1176 4006 1328 4051 cum
1358 3979 1858 4052 commentariis
1905 3986 1975 4051 S.
2005 3986 2329 4068 Thomae;
2376 4006 2483 4052 se-‚-

292 4084 516 4151 cunda
544 4105 702 4152 vero
731 4091 988 4152 textum
1019 4089 1319 4152 auctoris
1368 4088 1685 4153 Latinum
1733 4094 1801 4152 et
1849 4077 2219 4153 versionem
2266 4089 2483 4173 ipsius

288 4188 358 4260 in
384 4186 680 4268 linguam
710 4188 1204 4255 Germanicam.
1245 4189 1482 4256 Prima
1500 4188 1742 4275 incipit
1757 4188 1861 4255 sic
1882 4209 1899 4255 ε
1923 4192 1946 4226 ‘
1963 4190 2180 4254 sancti
2197 4189 2480 4256 Thomae

292 4286 378 4353 de
405 4285 677 4371 Aquino
705 4309 904 4376 super
931 4287 1118 4358 libris
1162 4290 1382 4360 Boetii
1413 4284 1509 4360 “de
1557 4290 2019 4361 consolatione
2047 4288 2471 4377 philosophie
