3049 4928
576 439 880 488 BOE'I'HII
931 438 1027 486 DE.
1075 437 1380 486 CONSOL·
1427 434 1870 484 PH1LOSOPH.
1918 433 2063 484 LlB.
2111 433 2222 481 111.

318 588 556 647 constet,
585 582 673 633 fini
700 583 855 648 jungi
898 580 1102 632 initium
1154 593 1365 630 necesse

316 667 438 720 est(
475 660 562 711 Sic
586 661 769 711 animae
810 667 999 710 nostrae
1024 655 1366 723 peregrinati·

314 737 424 786 ouis
444 746 599 804 atque
622 752 853 787 errorum
876 751 1082 785 suorum
1101 733 1366 804 ambages,

314 811 433 861 dum
466 814 675 877 vivitur,
715 812 1017 874 absolventi,
1046 811 1186 859 nulla
1219 809 1365 874 quies

313 903 425 938 esse
449 889 624 953 debet,
663 890 827 939 donec
849 897 992 939 motu
1025 887 1119 936 sibi
1142 884 1366 935 naturali

313 963 380 1012 ad
401 979 649 1016 summum
675 966 885 1028 bonum,
918 966 1015 1014 hoc
1039 971 1139 1024 est,
1176 963 1239 1012 ad
1265 962 1367 1010 De·

314 1054 397 1089 um
425 1042 752 1105 pervenerit;
789 1049 844 1092 et
882 1041 1042 1091 veluti
1066 1041 1241 1090 orbem
1264 1044 1367 1088 sta-

309 1115 471 1165 bilem
506 1132 538 1165 a
561 1119 680 1168 Deo
716 1126 951 1168 creatore
986 1118 1052 1167 ad
1073 1118 1240 1166 Deum
1265 1130 1366 1180 quo

307 1190 583 1244 fruendum
628 1202 730 1258 est,
779 1196 969 1260 quique
1021 1195 1155 1244 solus
1201 1202 1282 1243 est
1314 1198 1369 1242 et

306 1275 435 1331 stat,
482 1269 736 1323 effecerit.
824 1272 964 1321 Hinc
1008 1271 1133 1321 alibi
1178 1276 1368 1332 noster,

308 1347 325 1375 4
354 1346 460 1395 Hic
500 1355 584 1396 est
623 1347 820 1398 cunctis
877 1347 1160 1396 communis
1205 1359 1366 1408 amor,

310 1423 685 1488 Repetuntque
727 1423 848 1472 boni
887 1422 989 1471 tine
1015 1422 1199 1484 teneri,
1231 1421 1369 1474 Quia

310 1512 416 1548 non
456 1499 613 1549 aliter
636 1500 822 1549 durare
846 1506 1040 1564 queant
1081 1499 1215 1562 Nisi,
1250 1513 1370 1568 con-

311 1588 462 1624 verso
489 1588 663 1625 rursus
702 1590 896 1637 amore,
931 1574 1172 1625 Refluant
1196 1589 1366 1625 causae

312 1669 430 1717 quae
466 1653 615 1704 dedit
649 1654 801 1704 esse.’
869 1654 973 1703 Hic
1011 1654 1247 1702 nimirum
1286 1660 1369 1703 est

309 1729 434 1779 vitae
469 1728 657 1781 κύκλος.
724 1730 1058 1795 Empedoclis
1083 1744 1259 1779 versus
1278 1744 1367 1778 ex·

307 1806 509 1869 primit,
527 1807 611 1872 qui
636 1815 755 1858 sunt
773 1808 910 1871 apud
934 1806 1256 1870 Simplicium
1275 1820 1290 1855 ι
1314 1811 1369 1854 et

305 1879 480 1930 locum
523 1883 821 1933 Aristotelis
859 1884 895 1932 l.
931 1897 1027 1933 vn.
1070 1881 1225 1945 Phys.
1248 1886 1368 1930 ante

310 1958 557 2009 medium.
598 1960 772 2009 Vallia.

315 2071 320 2078 .
376 2034 563 2085 Paos*
585 2041 631 2086 3.
671 2038 797 2085 Nam
820 2036 864 2084 si
900 2036 1001 2084 ltoec
1023 2035 1163 2085 hians
1188 2050 1369 2100 semper

308 2118 451 2175 atque
494 2114 680 2177 aliquid
719 2112 933 2177 poscens]
980 2113 1083 2162 Ms.
1118 2114 1369 2163 Rittersh.

313 2189 502 2258 Namsi
524 2189 623 2238 hoec
643 2189 849 2250 inhians,
863 2193 941 2253 δῖε.
989 2189 1072 2238 Ita
1094 2189 1293 2244 Seneca
1313 2190 1366 2238 in

310 2264 529 2315 Hercul.
564 2267 686 2315 Fur.
722 2281 873 2315 versu
898 2270 1009 2315 107.
1060 2267 1075 2294 4
1103 2266 1205 2315 Hic
1230 2267 1368 2315 nullo

308 2340 413 2390 fine
437 2342 615 2392 beatus
639 2343 916 2407 Componit
948 2358 1089 2407 opes,
1118 2344 1267 2407 gazis
1292 2343 1367 2391 in-

307 2418 495 2469 hians!
525 2420 698 2471 Sitzm.

374 2496 616 2546 Avaritioe
657 2498 781 2548 nihil
814 2497 936 2548 satis
975 2497 1069 2560 est]
1114 2496 1369 2560 Apposite

306 2573 586 2636 Theognis,
621 2589 693 2625 vs.
728 2579 842 2624 22⁷.
878 2582 934 2624 et
964 2589 1110 2638 seqq.
1154 2571 1370 2623 Πλούτου

306 2648 347 2696 δ’
385 2645 519 2697 οὐδὲν
544 2648 693 2715 τέρμα
721 2650 1020 2715 πεφασμένον
1048 2650 1367 2715 ἀνθρώποισιν.

307 2722 370 2773 Οἳ
389 2725 485 2789 γὰρ
518 2727 599 2775 νῦν
630 2726 755 2789 ἡμῶν
791 2731 1009 2777 πλεῖστοι
1045 2725 1209 2788 ἔχουσι
1244 2726 1368 2790 βίον,

305 2799 573 2854 Δια-λάσιον
613 2803 877 2856 σπεύδουσι.
931 2805 1006 2855 τίς
1042 2805 1099 2854 ἂν
1139 2802 1371 2868 κορέσειεν

306 2875 553 2942 &varran
605 2882 877 2932 Sallustius
921 2883 973 2930 in
1017 2882 1166 2931 Bello
1213 2883 1366 2934 Catil.

308 2958 325 2985 ‘
361 2956 603 3009 Avaritia
647 2962 882 3023 pecnniae
925 2960 1149 3009 studium
1193 2960 1369 3024 habet,

307 3047 465 3096 quam
510 3048 663 3083 nemo
701 3037 907 3099 sapiens
942 3034 1268 3099 concupivit:
1305 3051 1367 3085 ea

306 3113 457 3176 quasi
497 3113 708 3163 venenis
749 3115 893 3163 malis
927 3114 1144 3176 imbuta,
1178 3129 1366 3178 corpus

303 3188 638 3257 animumque
660 3190 859 3239 virilem
902 3189 1201 3252 effeminat3
1236 3206 1365 3241 sem-

306 3265 404 3328 p'er
446 3263 668 3327 infinita,
700 3266 1003 3316 insatiabilis
1046 3273 1162 3327 est;
1198 3282 1366 3332 neque

303 3342 456 3406 copia
480 3356 649 3406 neque
686 3343 859 3406 inopia
881 3344 1159 3394 minuitur?
1225 3345 1365 3394 Pub-

301 3417 404 3467 lius
428 3417 622 3482 Syrus:
658 3419 673 3447 4
697 3418 926 3469 Avarum
950 3419 1142 3482 irritat,
1166 3434 1264 3469 non
1290 3412 1367 3470 sa}

304 3496 404 3544 tiat
446 3494 704 3559 pecunia!
770 3495 948 3546 Idem:
993 3496 1008 3523 ‘
1038 3496 1238 3558 Inopiae
1278 3497 1366 3545 de-

302 3578 426 3621 sunt
472 3586 657 3634 pauca,
697 3572 927 3621 avaritiae
964 3570 1172 3621 omnia.'
1238 3572 1366 3636 Scy-

303 3649 510 3697 tharum
544 3648 773 3710 Legatus
796 3648 861 3696 ad
885 3647 1257 3709 Alexandrum,
1285 3662 1366 3696 re·

303 3731 555 3775 censente
598 3725 665 3776 Q.
714 3724 896 3773 Curtio
939 3723 1071 3772 libro
1111 3724 1362 3786 septimo;

304 3801 320 3828 4
347 3798 490 3852 Quid
526 3799 621 3848 tibi
658 3796 849 3848 divitiis
884 3812 1012 3863 opus
1042 3806 1142 3861 est,
1173 3815 1283 3864 quae
1309 3806 1363 3849 te

301 3877 501 3926 esurire
524 3876 754 3939 cogunt?
821 3874 1022 3924 Primus
1041 3875 1264 3924 omnium
1288 3890 1363 3931 sa-

300 3953 488 4003 tietate
513 3951 701 4014 parasti
731 3950 938 4014 famem,
972 3958 1031 4000 ut
1069 3966 1171 4016 quo
1216 3953 1363 4015 plura

298 4028 540 4084 haberes,
592 4028 777 4088 acrius,
823 4042 939 4092 quae
981 4042 1084 4076 non
1129 4027 1361 4092 haberes,

301 4103 566 4168 cuperes.’
634 4103 969 4153 Cassiodorus
1003 4104 1093 4154 lib.
1116 4117 1218 4155 xn.
1257 4104 1362 4155 Va-

300 4182 425 4231 riar.
450 4185 497 4233 l.
532 4181 548 4208 ‘
586 4181 839 4243 Reginam
883 4180 1024 4229 illam
1060 4182 1362 4244 procacium

299 4260 545 4309 vitiorum
572 4256 857 4306 Avaritiam
881 4257 1022 4322 fuge,
1061 4258 1145 4307 cui
1172 4267 1364 4308 cuncta

296 4335 520 4388 crimina
557 4334 852 4385 detestabili
887 4335 1167 4387 devotione
1199 4335 1362 4387 famu-

2366 418 2498 483 485

1438 578 1634 626 lautur.
1700 577 1831 629 Quae
1877 575 1998 625 dum
2046 581 2230 639 pectus
2280 575 2500 625 hominis

1437 654 1677 717 ingressa
1697 652 1876 713 fuerit,
1895 654 2151 718 gregatim
2170 667 2375 718 quoque
2398 668 2503 702 ma-

1439 731 1620 784 lefidas
1643 733 1880 782 cohortes
1905 731 2152 782 admittit.
2219 731 2366 780 Ferri
2396 745 2501 780 non

1439 816 1620 875 potest
1641 804 1876 875 recepta,
1913 808 2033 874 quia
2063 808 2230 858 nescit
2251 822 2364 857 esse
2386 809 2501 857 soli-

1441 886 1594 936 taria.
1656 885 1866 950 ‘Agmen
1902 885 2063 936 habet
2086 884 2503 946 blandissimum;

1441 978 1582 1013 arma
1604 964 1821 1028 suscipit
1843 979 1909 1013 ex
1928 962 2161 1024 talentis,
2194 969 2249 1011 et
2272 976 2365 1025 per
2388 961 2500 1011 dui·

1441 1040 1674 1096 cedinem
1699 1048 1928 1105 superat,
1944 1056 2068 1106 quos
2104 1053 2280 1089 amara
2309 1039 2501 1103 decep-

1443 1121 1584 1171 tione
1620 1119 1886 1185 captivat!
1950 1117 2098 1169 Idem
2134 1118 2224 1168 lib.
2265 1131 2340 1167 ιν.
2372 1118 2498 1168 Var.

1441 1200 1520 1247 39.
1581 1197 1597 1223 4
1642 1195 1933 1244 Avaritiam
1978 1194 2228 1258 siquidem
2273 1193 2530 1257 radicem⁴

1440 1265 1553 1323 esse
1574 1274 1800 1323 omnium
1835 1273 2106 1333 malorum,
2140 1279 2192 1320 et
2229 1272 2387 1321 lectio
2424 1271 2502 1320 di·

1440 1353 1561 1401 vina
1583 1358 1823 1412 testatur,
1857 1363 1896 1400 1.
1933 1350 2062 1400 Tim.
2080 1354 2130 1398 6.
2171 1364 2248 1398 vs,
2269 1352 2348 1398 10.
2384 1363 2499 1413 quae

1442 1428 1536 1479 tali
1577 1433 1716 1477 sorte
1751 1427 1933 1490 punita
1965 1433 2062 1492 est,
2096 1431 2153 1474 ut
2186 1440 2299 1474 cum
2339 1425 2502 1474 multa

1440 1505 1630 1568 rapiat,
1661 1518 1866 1567 semper
1909 1499 2095 1565 egeat.’
2183 1501 2399 1564 Optime
2443 1505 2501 1548 et

1439 1580 1787 1644 Phocylides:
1808 1579 1878 1636 ,Ἢ
1916 1576 2300 1643 φιλοχρημοσύνη
2340 1575 2497 1640 μήτηρ

1438 1653 1695 1714 κακότητος
1735 1653 1948 1714 &reims-z
2006 1657 2102 1705 hoc
2135 1662 2239 1717 est,
2275 1655 2291 1682 ‘
2322 1655 2500 1703 Mater

1441 1734 1657 1783 avaritia
1681 1740 1763 1783 est
1787 1734 2025 1783 vinorum
2038 1731 2282 1799 quicquid
2307 1732 2498 1796 ubique

1441 1810 1563 1860 est!
1594 1811 1746 1861 Idem.

1505 1887 1695 1937 Ms‘rn.
1748 1892 1796 1937 8.
1865 1887 2095 1943 Quamvis
2130 1885 2345 1950 fluente]
2400 1883 2504 1935 Ov.

1441 1976 1531 2013 ιιι.
1565 1962 1685 2012 Am.
1723 1964 1803 2014 El.
1829 1968 1879 2013 7.
1928 1966 1944 1991 4
1971 1962 2110 2015 Quid
2166 1962 2287 2011 mihi
2339 1960 2502 2020 sortus

1442 2054 1521 2088 nae
1570 2039 1804 2089 tantum?
1861 2040 1981 2103 quid
2024 2054 2185 2104 regna
2232 2039 2340 2088 sine
2381 2038 2502 2089 usu?

1442 2116 1579 2169 Quid
1605 2116 1702 2166 nisi
1729 2116 1934 2180 possedi
1958 2116 2104 2165 dives
2130 2131 2312 2165 avarus
2347 2116 2504 2179 opes?

1439 2194 1528 2243 Sic
1579 2200 1695 2242 aret
1747 2194 1930 2243 mediis
1976 2193 2122 2242 taciti
2168 2193 2407 2255 vulgator
2447 2190 2502 2239 in

1442 2270 1612 2333 undis,
1643 2270 1927 2336 Pomaque,
1952 2271 2069 2334 quae
2092 2270 2236 2319 nullo
2261 2279 2500 2332 tempore

1441 2352 1640 2410 tangat,
1661 2345 1858 2396 habet!
1892 2346 2045 2395 Idem.

1510 2422 1779 2486 Oneretque
1825 2421 1977 2472 buccis
2032 2420 2174 2484 colla]
2228 2422 2347 2472 Non
2404 2434 2503 2485 per

1439 2498 1456 2527 4
1500 2498 1721 2548 baccas’
1771 2499 1854 2548 hic
1921 2497 2178 2562 significat
2244 2496 2504 2562 quaslibet

1443 2590 1670 2640 gemmas
1695 2582 1749 2624 et
1772 2575 1974 2639 lapillos
2000 2575 2268 2638 pretiosos,
2295 2579 2355 2621 ut
2377 2573 2501 2621 scri-

1441 2652 1574 2702 bunt
1610 2660 1665 2701 et
1706 2653 1889 2701 volunt
1913 2653 2374 2712 commentatores,
2409 2647 2501 2697 sed

1444 2729 1689 2777 uniones:
1728 2742 1757 2776 a
1800 2727 1965 2790 figura
2009 2741 2226 2790 nempe:
2263 2725 2501 2774 similitu-

1443 2800 1565 2853 dine
1606 2803 1736 2854 enim
1792 2802 2027 2853 referunt
2092 2803 2292 2865 palmae,
2353 2803 2503 2863 lauri,

1443 2881 1590 2943 oleae,
1657 2879 1818 2944 corni,
1877 2879 2194 2942 aliarumque
2258 2879 2501 2928 arborum

1439 2956 1677 3017 fructus3
1728 2958 1816 3022 qui
1861 2955 2033 3005 baccae
2074 2955 2332 3006 dicuntur.
2414 2956 2502 3006 Sic

1443 3033 1688 3097 Virgilius
1712 3034 1912 3096 Culice,
1941 3032 1958 3061 4
1984 3034 2097 3083 Nec
2120 3033 2239 3082 Indi
2261 3032 2503 3082 Conchea

1439 3108 1601 3159 bacca
1638 3110 1795 3158 maris
1831 3109 2004 3173 pretio
2041 3107 2162 3158 est!
2225 3110 2297 3157 Et
2333 3108 2500 3156 Hora-

1441 3186 1545 3236 tius
1570 3186 1736 3250 Epod.
1763 3186 1881 3235 Ode
1905 3199 2029 3234 vm.
2063 3186 2078 3213 ‘
2105 3184 2226 3235 Nou
2257 3184 2325 3247 sit
2349 3183 2499 3231 mari-

1440 3269 1497 3312 ta
1534 3278 1649 3327 quae
1689 3261 2076 3312 rotundioribus
2102 3261 2306 3310 Onusta
2328 3259 2501 3309 baccis

1441 3337 1706 3388 ambulet!
1748 3339 1819 3387 Et
1835 3339 2015 3401 Satyra
2031 3341 2079 3386 3.
2102 3337 2188 3385 lib.
2205 3350 2268 3385 ιι.
2292 3337 2307 3364 4
2328 3335 2499 3384 Aceto

1442 3411 1614 3465 Diluit
1633 3413 1884 3477 insignem
1905 3412 2148 3463 baccam!
2196 3413 2350 3462 Dixit
2364 3412 2501 3461 colla

1440 3489 1669 3549 onerari3
1712 3504 1813 3554 quo
1848 3495 2117 3539 constaret
2146 3503 2260 3538 esse
2285 3487 2498 3539 uniones

1441 3581 1533 3617 seu
1587 3567 1915 3630 margaritast
1972 3569 1986 3595 4
2027 3566 2268 3616 auribus’
2339 3567 2498 3628 enim,

1440 3646 1457 3673 ‘
1482 3645 1642 3694 collo’
1676 3651 1731 3695 et
1768 3646 1783 3673 ‘
1808 3644 2018 3709 capite,’
2051 3647 2125 3694 ait
2158 3645 2358 3694 Plinius
2397 3644 2499 3693 cir·

1440 3720 1879 3789 cumferebantnnr,
1932 3723 1948 3749 ‘
1993 3736 2208 3784 gemmae
2267 3721 2441 3785 digitis
2461 3719 2496 3769 :'

1440 3799 1564 3863 quin
1597 3806 1652 3848 et
1687 3807 2037 3848 matronarum
2076 3814 2280 3864 quoque
2321 3797 2498 3862 digitis

1439 3875 1706 3938 suspendi,
1738 3876 1842 3924 imo
1873 3890 2046 3925 earum
2070 3876 2295 3939 crepidis
2317 3890 2498 3925 soccu-

1439 3951 1607 4017 lisque
1630 3951 1751 4001 addi
1781 3953 1900 4001 olim
1940 3952 2076 4002 idem
2115 3953 2374 4017 observat,
2410 3969 2505 4019 pu·

1439 4027 1612 4077 dendo
1635 4029 1777 4077 luxu.
1822 4029 1998 4079 Vallia.

1508 4106 1750 4168 Ornetque
1769 4105 1944 4168 baccis]
1968 4107 2083 4155 Nec
2106 4107 2319 4156 damnes
2335 4107 2500 4170 scrip-

1439 4189 1578 4232 tum:
1613 4187 1872 4246 oneretque.
1937 4182 2156 4233 Tertull.
2233 4184 2314 4233 De
2360 4183 2496 4233 Hab.

1440 4258 1646 4308 Mulier.
1668 4259 1684 4286 ‘
1702 4258 1872 4307 Saltus
1895 4264 1951 4307 et
1967 4258 2158 4309 insulas
2183 4265 2360 4308 tenera
2383 4252 2497 4308 cer·

1438 4335 1526 4387 vix
1548 4333 1668 4387 fert.
1681 4333 1919 4385 Graciles
1937 4335 2136 4384 aurium
2157 4341 2303 4386 cutes
2325 4336 2495 4386 calen-
