3049 4928
570 381 880 433 BOETHII
926 381 1024 430 DE
1070 378 1380 430 consol„

288 538 391 573 een
427 521 523 574 lib.
552 536 671 574 xiv.
714 526 850 578 Met.
896 524 1057 579 ovid.
1131 523 1246 573 ‘At
1291 529 1351 573 tu

292 602 406 651 sive
430 601 642 666 aliquod
675 617 887 667 regnum
912 610 993 653 est
1026 603 1076 652 in
1100 600 1352 663 carmine,

288 691 504 727 carmen
527 678 638 728 Ore
659 694 806 729 move
827 694 1008 731 sacro:
1030 681 1139 729 sive
1157 693 1353 742 expug-

292 754 498 804 nantior
512 756 674 805 herba
696 763 797 818 est,
817 756 982 806 Utere
1000 755 1215 805 tentatis
1232 769 1354 819 ope-

295 844 432 879 rosae
452 832 646 882 viribus
663 832 877 883 herbas?
907 834 1059 882 Idem.

309 929 313 933 ·
363 908 514 957 Hunc
535 910 643 972 apri
661 908 843 971 facies]
876 908 1010 973 Apri
1047 907 1356 973 descriptio·

296 998 417 1035 nem
438 984 693 1035 illustrem
715 986 872 1036 habes
903 984 1044 1050 apud
1078 984 1356 1049 Apuleium

295 1062 393 1113 lib.
414 1076 534 1114 vm.
565 1062 632 1112 de
650 1061 780 1113 Aur.
805 1062 896 1113 As.
913 1063 1069 1113 Ovid.
1089 1076 1213 1114 vm.
1242 1063 1358 1112 Me·

299 1144 427 1187 tam.
458 1140 610 1189 Idem.
703 1167 708 1172 ·

289 1247 294 1250 -
366 1215 689 1265 Marmaricus
725 1215 819 1279 leo]
851 1216 1043 1267 Sen.in
1072 1215 1259 1281 Agam.
1284 1231 1360 1267 vs.

297 1295 423 1341 ⁷38.
478 1292 493 1319 ‘
519 1292 706 1342 Victor
725 1291 954 1342 ferarum
990 1293 1123 1342 colla
1146 1299 1362 1343 vexatus

289 1369 467 1431 jacet,
484 1368 708 1431 Ignobili
723 1370 817 1419 sub
838 1370 997 1419 dente
1015 1367 1362 1419 Marmaricus

304 1444 428 1493 leo!
457 1446 611 1495 Idem.
863 1477 870 1484 -
1055 1450 1060 1496 ἶ

373 1522 536 1585 Tigris
572 1530 625 1574 ut
657 1524 848 1588 Indica]
880 1525 1063 1588 Seuer.
1099 1524 1152 1573 in
1196 1524 1364 1589 Hipp.

300 1616 378 1651 vs.
415 1602 529 1651 344.
568 1602 747 1650 ‘Tunc
782 1602 1010 1665 virgatas
1027 1600 1183 1650 India
1204 1601 1366 1665 tigres

300 1678 520 1727 decolor
541 1676 755 1727 horret.’
790 1678 944 1726 Idem-

296 1775 306 1788 ι
372 1754 563 1802 Numen
615 1752 821 1803 Arcadis
869 1750 1025 1814 alitis]
1076 1752 1362 1802 Mercuriiz

306 1830 548 1880 nimirum
590 1837 650 1880 ut
683 1844 750 1878 ex
795 1829 1017 1879 Homeri
1063 1828 1261 1877 Ὀδυσσ.
1302 1835 1365 1879 Κ.

304 1906 475 1958 refert
528 1907 754 1957 Ovidius
794 1906 1139 1971 Metamorph.
1176 1908 1210 1958 l.
1252 1920 1366 1956 xiv.

303 1987 322 2013 ⁴
342 1983 555 2035 Pacifer
587 1985 705 2034 huic
738 1984 960 2033 dederat
979 1981 1158 2033 florem
1196 1983 1368 2047 Cylle-

306 2063 424 2111 nius
442 2062 637 2124 album,
662 2062 806 2127 Moly
829 2067 1018 2110 vocant
1039 2060 1258 2123 Superi:
1291 2059 1367 2108 ni·
1389 2091 1398 2096 -

308 2154 407 2203 gra
429 2137 607 2188 radice
628 2143 854 2188 tenetur.
917 2138 1081 2185 Tutus
1103 2151 1181 2199 eo,
1203 2137 1366 2185 moni-

306 2217 482 2280 tisque
519 2214 671 2263 simul
710 2214 1034 2277 coelestibns,
1070 2213 1243 2270 intrat*
1271 2215 1368 2265 Ille

306 2291 519 2341 domum
542 2289 758 2341 Circes.'
786 2290 962 2340 Vallia.
1273 2311 1277 2315 Α

301 2397 308 2404 ·
381 2367 533 2430 Vigor
553 2369 678 2417 Art-e
697 2367 911 2416 conditus
931 2368 1118 2431 abdita]
1156 2370 1287 2420 stat.
1307 2382 1371 2419 11.

302 2444 515 2510 Sylvar.
577 2444 689 2495 ‘Tu
737 2446 878 2496 celsa
912 2447 1103 2498 mentis
1151 2447 1217 2497 ab
1248 2462 1370 2497 arce

308 2522 560 2586 Despicis
575 2528 827 2587 errantes,
847 2524 1171 2589 humanaque
1186 2523 1373 2588 gaudia

308 2598 487 2649 rides!
521 2599 769 2649 Manilius
810 2600 875 2650 de
928 2601 1151 2649 hominis
1205 2599 1373 2662 figura

307 2683 494 2726 erecta
515 2693 530 2727 ε
555 2677 571 2704 ‘
595 2676 757 2726 Stetit
779 2690 911 2726 unus
936 2677 989 2725 in
1016 2690 1187 2725 arcem
1214 2675 1375 2724 Erec·

316 2758 403 2802 tus
424 2750 651 2816 capitis!
714 2752 802 2802 Sic
825 2753 892 2804 Q.
915 2753 1141 2802 Serenus
1177 2752 1243 2801 de
1269 2764 1375 2800 me·

308 2829 490 2878 dicina
512 2846 526 2879 z
562 2833 577 2858 ‘
598 2829 869 2893 Principio
892 2829 1032 2878 celsa
1056 2827 1122 2877 de
1144 2826 1374 2890 corporis

312 2921 437 2956 arce
475 2905 783 2971 loquamur.²
824 2904 1052 2954 Alcimus
1089 2904 1275 2955 Avitus
1310 2903 1375 2952 de

312 2983 472 3047 Orig.
489 2983 705 3033 Mundi:
745 2984 760 3010 ‘
778 2982 982 3031 Dehinc
998 2995 1171 3030 arcem
1191 2979 1376 3044 capitis

311 3061 522 3112 sublimi
546 3063 598 3111 in
625 3061 822 3110 vertice
857 3059 1065 3123 signat!
1132 3061 1376 3108 Lactant-

311 3139 383 3188 de
429 3135 581 3202 Opif.
629 3137 750 3198 Dei,
796 3150 915 3198 cap.
967 3139 1014 3185 8.
1102 3135 1377 3185 ‘Hominis

318 3230 485 3279 prope
508 3213 689 3263 divina
707 3227 871 3274 mens,
908 3212 1026 3277 quia
1046 3225 1150 3260 non
1177 3218 1377 3259 tantum

297 3290 665 3351 animantum,
692 3304 807 3354 qnae
847 3293 970 3338 sunt
1006 3287 1060 3336 in
1101 3293 1262 3349 terra,
1284 3286 1379 3336 sed

312 3367 475 3416 etiam
501 3367 582 3415 sui
618 3365 849 3430 corporis
885 3370 965 3414 est
1000 3362 1187 3413 sortita
1220 3361 1380 3410 domi-

318 3446 594 3504 natum,in
640 3457 838 3492 summo
890 3440 1064 3504 capite
1105 3441 1379 3502 collocata,

318 3530 563 3586 tauquam
588 3522 640 3570 in
665 3535 785 3570 arce
813 3518 1041 3568 sublimis
1078 3516 1380 3581 speculatur

318 3599 496 3648 omnia
511 3607 567 3648 et
590 3596 905 3647 contuetur!
970 3594 1088 3646 vid.
1110 3593 1262 3643 eund.
1290 3593 1379 3642 lib.

319 3674 441 3724 eod.
468 3677 549 3724 16.
616 3674 686 3722 Et
710 3674 774 3722 Β.
812 3670 1091 3735 Augustin.
1129 3669 1221 3719 lib.
1258 3683 1378 3719 xiv.

324 3753 416 3801 De
437 3749 553 3799 civ.
572 3751 679 3800 Dei
699 3764 748 3799 c.
772 3752 853 3798 19.
890 3748 1062 3797 Silam.

307 3845 314 3855 ·
389 3827 583 3875 Pnosa
618 3830 668 3875 ιι.
724 3824 786 3875 Si
821 3824 1044 3873 miserum
1077 3828 1148 3872 est
1184 3821 1383 3871 voluisse

316 3918 492 3967 prava,
533 3902 742 3964 potuisse
784 3900 1000 3949 miserius
1045 3899 1139 3962 est]
1171 3899 1303 3959 Imo,
1336 3897 1385 3946 si

322 3979 531 4029 AEliano
565 3977 657 4027 lib.
692 3991 809 4026 xlv.
833 3991 951 4040 cap.
974 3981 1057 4026 28.
1081 3977 1208 4025 Var.
1242 3974 1383 4024 Hist-

321 4055 607 4117 credimus,
628 4053 683 4101 οὐ
714 4051 856 4114 μόνον
897 4054 924 4102 ὁ
958 4050 1182 4111 ἀδικήσας
1225 4049 1388 4115 κακὸς,

320 4129 455 4182 ἀλλὰ
475 4129 555 4180 καὶ
574 4131 601 4178 ὁ
618 4129 837 4189 ἐννοήσας
852 4129 1085 4188 ἀδικῆσαι.
1122 4129 1271 4178 Idem.

309 4230 316 4237 ·
391 4210 455 4258 In
487 4214 588 4258 tam
634 4208 843 4256 brevibus
894 4207 1009 4256 vitae
1043 4205 1205 4268 metis]
1240 4205 1387 4255 Prae-

321 4288 470 4338 clare
494 4284 718 4337 Quintil.
733 4285 971 4335 Declam.
992 4286 1044 4333 4.
1077 4283 1093 4310 ‘
1116 4283 1173 4333 Si
1196 4289 1387 4336 cuncta

1405 1303 1408 1304 ’
1436 1291 1495 1351 it,
1516 1305 1668 1356 quem
1692 1292 1934 1341 usitatius
1971 1292 1987 1320 ‘
2005 1291 2340 1342 successum.'

2358 362 2555 428 531*

1424 520 1614 587 gaudia
1633 528 1834 587 nostra,
1855 523 1898 572 si
1932 525 2251 589 voluptates,
2264 528 2320 574 et
2344 538 2488 588 quae·

1426 614 1632 664 cunque
1678 614 1744 649 ex
1786 601 1881 650 bac
1925 601 2267 650 universitate
2300 600 2489 649 Mundi

1427 676 1509 725 vel
1532 677 1811 727 sollicitant
1834 683 2070 741 aspectu,
2102 678 2187 727 vel
2217 676 2488 726 blandiun-

1427 759 1513 803 tur
1531 768 1646 817 usu,
1676 745 1955 817 diligenter
1973 755 2227 817 excutias,
2245 759 2360 804 tota
2381 753 2493 803 vita

1426 830 1649 880 hominis
1669 845 1796 880 unus
1817 837 1900 881 est
1921 829 2069 880 dies.'
2102 832 2254 881 Idem.
2438 829 2441 832 ’

1431 923 1446 934 “
1497 908 1628 957 Nam
1646 906 1690 956 si
1710 907 1922 972 nequitia
1937 908 2136 957 miseros
2152 906 2308 971 facit]
2342 907 2487 957 Salv-

1431 984 1467 1033 l.
1488 998 1529 1033 1.
1549 984 1637 1033 De
1661 984 1801 1035 Gub.
1836 986 1968 1035 Dei:
2007 986 2022 1013 ‘
2043 985 2355 1050 Quicunque
2384 998 2489 1034 ma-

1432 1060 1469 1110 li
1488 1068 1629 1123 sunt,
1652 1061 1985 1112 successione
2012 1075 2184 1112 rerum
2205 1061 2495 1112 deteriores

1432 1136 1581 1199 fiunt,
1604 1138 1890 1201 gaudentes
1926 1138 2024 1189 sibi
2057 1140 2304 1204 nequitias
2329 1139 2496 1189 studi·

1435 1228 1519 1263 um
1539 1214 1670 1263 bene
1686 1214 1914 1266 cedere.’
1932 1217 1948 1244 ‘
1962 1214 2498 1266 Successionem’dix-

2409 1292 2497 1341 Ita

1426 377 1872 430 PHILOSOPH.
1923 380 2064 429 LIB.
2108 380 2211 430 iv.

1438 1371 1730 1421 Cassiodor.
1749 1371 1838 1421 lib.
1864 1386 1904 1421 1.
1923 1372 2047 1421 Var.
2072 1376 2122 1421 4.
2152 1371 2269 1422 ‘Ad
2291 1372 2496 1435 apicem

1436 1445 1658 1496 fascium
1721 1448 2010 1511 repentinis
2081 1447 2497 1497 successionibus

1439 1524 1698 1575 evolavit!
1731 1531 1788 1573 ut
1812 1524 2020 1589 quidem
2042 1525 2264 1574 habetur
2288 1524 2340 1573 iu
2375 1525 2502 1573 meis

1441 1601 1770 1663 membranis,
1789 1609 1842 1650 et
1864 1602 2195 1651 observatum
2218 1610 2298 1651 est
2324 1602 2446 1652 olim
2471 1618 2503 1651 a

1442 1677 1691 1727 Foruerio
1714 1677 1765 1726 in
1799 1677 1956 1727 Notis
1979 1676 2044 1727 ad
2068 1678 2103 1726 l.
2126 1677 2180 1726 d.
2216 1679 2367 1728 Idem.

1439 1779 1444 1782 ·
1511 1754 1763 1804 Feliciores
1790 1769 1889 1804 esse
1921 1754 2155 1817 'improbos
2183 1755 2412 1817 supplicia
2431 1758 2504 1805 lu·

1440 1836 1589 1894 entes,
1624 1847 1765 1896 quam
1797 1834 1842 1882 si
1875 1847 1954 1882 eos
1989 1834 2119 1881 nunu
2133 1832 2347 1893 justitiae
2366 1847 2505 1895 poma

1440 1909 1673 1972 co’e'rceat]
1705 1912 1720 1938 ‘
1748 1909 1997 1974 Quippe‚’
2037 1911 2111 1960 ait
2144 1912 2431 1973 eleganter·
2451 1909 2506 1957 in

1443 1986 1643 2049 Gorgia
1666 1987 1843 2048 Plato,
1873 1988 1891 2015 ‘
1910 2001 2027 2036 cum
2053 1987 2251 2051 punitio
2273 1986 2509 2036 modere-

1441 2068 1546 2125 tur,
1585 2062 1938 2128 justioresque
1982 2061 2196 2124 efficiat,
2243 2072 2506 2126 tamquam

1441 2138 1696 2188 medicina
1710 2138 1952 2204 quaedam
1976 2138 2360 2204 improbitatis!
2384 2140 2506 2188 Ber-

1440 2218 1576 2264 nart.
2361 2231 2364 2235 ’
2421 2231 2425 2238 ·

1506 2294 1697 2343 Poenali
1716 2295 1992 2359 acerbitate,
2007 2295 2289 2359 purgatorio
2309 2297 2509 2345 clemen-

1442 2369 1538 2432 tia]
1573 2371 1742 2421 Malos
1776 2373 1859 2421 hic
1882 2374 2118 2435 agnoscit
2142 2386 2243 2421 non
2262 2370 2511 2421 Christia-

1444 2461 1540 2496 nus
1564 2447 1715 2498 modo
1738 2447 1833 2498 sed
1863 2455 1919 2498 et
1958 2448 2256 2499 catholicus
2277 2446 2514 2508 Boetius,

1444 2525 1570 2574 alios
1594 2526 1804 2589 quidem
1831 2525 2041 2574 aeternis
2060 2525 2223 2589 poenis
2244 2524 2475 2573 damnari
2497 2540 2511 2574 ε

1446 2602 1462 2630 ‘
1487 2601 1761 2650 Cremabit
1799 2602 2039 2651 addictos
2081 2600 2270 2650 ardens
2309 2615 2514 2664 semper

1449 2676 1721 2741 gehenna,’
1745 2679 1818 2727 ait
1853 2678 2145 2743 Cyprianus
2184 2684 2372 2728 contra
2409 2678 2514 2726 De-

1447 2760 1603 2804 metr.
1643 2756 1736 2804 ‘et
1775 2754 2039 2804 vivacibus
2090 2753 2308 2805 flammis
2348 2765 2511 2803 vorax

1447 2845 1636 2894 poena:
1672 2844 1769 2880 nec
1795 2831 1897 2879 erit
1916 2830 2052 2880 unde
2073 2830 2266 2880 habere
2289 2836 2513 2880 tormen-

1451 2913 1505 2955 ta
1527 2906 1611 2954 vel
1634 2905 1864 2970 requiem
1889 2906 2090 2970 possint
2124 2905 2397 2971 aliquando
2433 2906 2516 2954 vel

1448 2980 1606 3030 finem
1628 2997 1642 3031 ε
1711 2988 1986 3030 servantur
2039 2996 2156 3031 cum
2210 2981 2516 3045 corporibus

1451 3057 1556 3106 suis
1602 3055 1787 3106 animae
1832 3055 2047 3105 infinitis
2089 3056 2402 3106 cruciatibus
2448 3056 2516 3104 ad

1451 3132 1729 3182 dolorem!
1819 3131 1966 3183 Alios
2034 3147 2175 3192 vero,
2232 3138 2291 3182 ut
2350 3132 2518 3196 inquit

1452 3209 1589 3259 idem
1611 3209 1779 3273 Epist.
1803 3223 1899 3259 mr.
1952 3211 1967 3238 ‘
1996 3225 2090 3274 pro
2114 3209 2345 3274 peccatis
2364 3210 2518 3272 longo

1454 3287 1632 3336 dolore
1652 3288 1974 3336 cruciatuum
2014 3286 2360 3337 emundariet
2399 3302 2517 3351 pur·-

1456 3366 1566 3430 gari
1591 3366 1681 3415 diu
1703 3365 1859 3430 igne.'
1923 3366 2175 3428 Peccata,
2198 3371 2377 3415 censet
2395 3367 2520 3414 Ter-

1455 3443 1702 3493 tullianus
1719 3443 1809 3492 lib.
1829 3442 1895 3492 de
1918 3440 2185 3492 Pudicit.·‘
2211 3441 2403 3491 nemini
2425 3442 2519 3490 ‹lu-

1458 3519 1596 3568 bium
1637 3526 1736 3581 est,
1769 3519 1870 3568 alia
1898 3519 2293 3583 castigationem
2315 3520 2519 3581 mereri,

1457 3595 1560 3645 alia
1592 3596 1994 3646 damnationem.
2061 3595 2230 3645 Omne
2271 3595 2520 3645 delictum

1458 3679 1547 3722 aut
1567 3673 1718 3721 venia
1732 3672 2008 3736 expungit,
2024 3677 2114 3721 aut
2130 3686 2312 3736 poena:
2348 3671 2521 3733 venia,

1456 3762 1524 3796 ex
1566 3749 1944 3811 castigatione3
1994 3763 2168 3812 poena,
2208 3762 2275 3797 ex
2311 3747 2520 3796 damna-

1458 3823 1639 3874 tione!
1707 3824 1821 3874 Nec
1847 3823 2019 3874 audiri
2044 3825 2218 3888 placet
2236 3824 2410 3884 istum,
2431 3822 2520 3887 qui

1457 3900 1560 3949 suis
1589 3899 1654 3949 ad
1689 3900 1825 3950 bunc
1854 3902 2023 3950 locum
2061 3900 2236 3961 Notis,
2262 3900 2520 3964 Pythago-

1460 3977 1595 4024 ricas
1617 3977 1701 4025 hic
1716 3976 2081 4026 Platonicasve
2100 3977 2383 4025 animarum
2399 3989 2521 4041 pnr-

1460 4053 1698 4116 gatioues
1722 4053 1960 4102 somniat.
2002 4052 2175 4103 Vallia.

1455 4162 1458 4163 ν
1524 4129 1642 4178 Alia
1656 4130 1937 4193 purgatoria
1968 4129 2238 4192 clementia]
2281 4127 2519 4178 Macrob.

1458 4205 1510 4254 in
1535 4205 1623 4255 fin.
1646 4205 1736 4255 lib.
1761 4219 1827 4255 ιι.
1859 4206 1999 4255 Som.
2021 4206 2166 4269 Scip.
2221 4206 2235 4231 ‘
2258 4206 2426 4257 Quem
2445 4204 2519 4252 lo-

1459 4300 1574 4335 cum
1601 4285 1672 4336 Er
1693 4285 1780 4335 ille
1796 4283 2099 4338 Platonicus
2118 4283 2380 4347 copiosius
2399 4295 2520 4331 exe·
