3049 4928
528 373 618 438 46
1164 382 1636 435 τΕεΤιΜοΝιΑ
1684 362 2087 439 vxmo'nuu

1160 656 1524 723 NONUM
1573 659 2057 726 sAECULUM
2084 650 2126 742 3*

989 828 1335 895 Nimirum.
1359 830 1448 895 ab
1480 850 1655 895 anno
1682 829 1833 896 800.
1865 831 1952 896 ad
1985 848 2087 895 an.
2117 830 2271 896 900.

1655 991 1713 1057 Ι.

612 1127 797 1209 Ado,
825 1126 1235 1193 Viennensis
1279 1123 1881 1212 ArchiepiscopuS,
1913 1128 2032 1213 qui
2076 1126 2477 1193 breviarium
2522 1127 2733 1195 Chro-

522 1233 826 1297 nicorum
846 1232 932 1296 ab
961 1232 1208 1315 origine
1233 1230 1478 1296 Mundi
1500 1231 1585 1296 ad
1605 1251 1730 1297 sua
1750 1251 1967 1317 usque
1991 1239 2295 1314 tempora
2321 1230 2728 1316 productum

521 1335 929 1420 composuit,
957 1335 1242 1420 loquens
1272 1335 1356 1400 de
1387 1334 1434 1401 J
1437 1356 1651 1404 oanne
1671 1322 1960 1401 'Summo
1987 1334 2325 1419 Pontifice
2349 1337 2476 1403 ait:
2510 1340 2531 1370 ‘
2553 1335 2736 1401 Cum¹

519 1438 786 1504 rediens
817 1438 1215 1504 Ravennam
1244 1439 1570 1516 venisset,
1620 1437 2081 1503 Theodoricus
2128 1459 2280 1504 eum
2322 1460 2474 1504 curn
2519 1438 2727 1504 comi-

519 1543 701 1609 tibus
753 1543 1001 1608 ceteris
1049 1540 1344 1606 carceris
1398 1539 1763 1606 afflictione
1807 1541 2109 1624 peremit,
2154 1541 2414 1606 invidia
2459 1540 2727 1619 ductus,

521 1646 684 1728 quia
714 1645 1085 1711 Catholicae
1115 1642 1387 1729 pietatis
1435 1642 1751 1707 defensor
1793 1641 1840 1707 J
1846 1642 2114 1708 ustinus
2164 1663 2318 1708 eum
2359 1642 2725 1707 honorifice

520 1750 955 1832 suscepisset.
1045 1746 1204 1827 Quo
1245 1753 1548 1829 tempore
1600 1745 2077 1831 Symmachum
2127 1753 2329 1830 atque
2361 1745 2725 1812 Boethium

520 1851 906 1915 consulares
937 1852 1115 1915 viros
1150 1869 1276 1932 pro
1328 1847 1685 1914 catholica
1730 1849 1983 1932 pietate
2027 1849 2208 1913 idem
2254 1849 2722 1915 Theodoricus

520 1951 814 2017 occidit.'

1567 2067 1672 2135 II.

605 2202 1035 2283 Anastasius,
1054 2202 1474 2288 Apostolicae
1492 2205 1918 2272 bibliothecae
1944 2210 2169 2270 custos
2193 2211 2264 2270 et
2293 2205 2720 2280 instaurator,

517 2305 636 2388 qui
673 2313 1036 2389 propterea
1081 2308 1325 2372 dicitur
1379 2307 1965 2385 Bibliothecarius,
2016 2308 2083 2371 in
2129 2326 2257 2372 sua
2307 2303 2717 2371 Pontificum

516 2405 825 2474 Historia
855 2409 939 2474 ad
969 2409 1016 2476 J
1022 2429 1304 2476 oannem
1340 2427 1390 2476 1.
1434 2411 1580 2476 haec
1610 2409 1693 2475 de
1723 2408 2020 2476 Boethio
2050 2408 2324 2475 scribit:
2373 2412 2394 2441 ‘
2419 2404 2719 2484 Eodem,’

513 2512 755 2595 inquit,
785 2515 1145 2595 ‘tempore,
1164 2533 1317 2578 cum
1344 2512 1415 2576 hi
1446 2515 1910 2598 suprascripti,
1939 2513 2010 2577 id
2041 2518 2167 2590 est,
2189 2513 2391 2595 Papa
2412 2510 2458 2575 J
2464 2527 2716 2575 oannes

515 2633 666 2677 cum
693 2613 1155 2693 SenatoribuS,
1208 2614 1558 2679 Theodoro
1586 2616 1987 2693 exconsule,
2027 2615 2420 2698 Importuno
2465 2630 2717 2676 excon-

515 2714 682 2792 sule,
713 2711 1009 2799 Agapito
1039 2715 1425 2794 exconsule,
1455 2713 1781 2800 (Agapito
1813 2716 2122 2783 Patricio·
2151 2715 2473 2780 defuncto
2505 2713 2715 2778 Thes-

513 2814 897 2901 salonicae,)
922 2818 1133 2902 positi
1162 2824 1392 2882 essent
1416 2817 2041 2901 Constantinopoli,
2057 2816 2517 2881 Theudoricus
2545 2812 2710 2878 Rex

510 2920 868 2985 haereticus
911 2920 1123 2984 tenuit
1153 2920 1325 2985 duos
1372 2920 1735 2984 Senatores
1774 2919 2141 3002 praeclaros
2192 2924 2262 2981 et
2292 2916 2716 2992 exconsules,

512 3022 982 3106 Symmachum
1011 3028 1078 3088 et
1106 3022 1498 3101 Boethium,
1528 3026 1597 3086 et
1626 3021 1876 3085 occidit
1902 3019 2311 3085 interficiens
2342 3015 2610 3103 gladio.’

1090 3248 1559 3327 DECIMUM
1605 3249 1809 3316 SAEC
1823 3248 2093 3315 ULUM
2112 3269 2131 3332 ;

942 3421 1276 3488 Nimirum
1303 3424 1388 3487 ab
1420 3441 1598 3494 anno
1626 3422 1783 3488 900.
1818 3421 1906 3488 ad
1939 3442 2048 3489 an.
2082 3422 2276 3488 1000.

594 3591 770 3658 Cum
820 3612 982 3657 ossa
1028 3589 1308 3657 Bo'ethii
1352 3590 1578 3656 multis
1606 3589 1849 3655 abhinc
1897 3589 2167 3655 saeculis
2196 3588 2503 3672 jacerent
2548 3608 2711 3672 neg-

504 3694 693 3760 lectu
722 3700 1101 3777 temporum
1142 3691 1360 3755 minus
1408 3692 1762 3771 honorata,
1818 3690 2000 3757 Otho
2047 3692 2282 3757 tertius
2335 3691 2711 3773 Imperator

505 3796 740 3863 eadem
798 3814 1121 3862 marmore
1187 3792 1455 3860 includi*
1480 3794 1734 3878 jussit:
1825 3795 2154 3878 inscripto
2225 3792 2468 3876 elogio,
2525 3792 2708 3877 quod

507 3898 890 3982 composuit
965 3894 1339 3962 Gerbertus
1435 3895 1807 3962 Ravennas
1873 3895 2482 3980 ArchiepiscopuS,
2556 3895 2711 3959 Ma·

505 3999 710 4082 gister
736 4000 902 4064 olim
931 3995 1246 4082 Augusti,
1270 4000 1332 4063 is
1367 3998 1483 4083 qui
1510 3999 1829 4065 Summus
1858 3998 2182 4065 Pontifex
2222 4004 2509 4075 creatuS,
2557 3996 2710 4081 Syl·

504 4109 725 4166 vester
753 4101 1094 4168 secundus
1124 4101 1347 4167 dictus
1382 4106 1509 4182 est,
1540 4103 1790 4187 quique
1819 4107 1973 4167 'non
2014 4119 2212 4166 secus
2256 4121 2340 4166 ac
2377 4098 2710 4165 Boethius
