3049 4928
410 380 413 386 ’
479 372 653 442 *564
1210 382 1526 433 Norr'ru
1577 382 1999 433 munaum

533 535 791 596 Gallicas
838 533 1318 612 praestantissima
1355 544 1444 594 est
1472 531 1701 594 Nicolai
1734 530 2045 612 Regnierii,
2076 532 2359 593 Canonici
2390 532 2711 612 Regularis,

529 651 664 709 quae
688 634 757 691 A.
788 627 961 699 1675.
983 630 1232 708 primurn
1260 630 1452 689 lucem
1483 630 1645 699 vidit,
1668 638 1728 689 et
1754 630 1969 708 saepius
1987 630 2201 690 deinde
2230 632 2414 708 praelo
2440 629 2716 709 subjecta

528 742 636 798 est,
681 736 746 787 ut
795 727 1077 786 Bruxellis
1111 736 1286 795 1711.
1319 736 1411 789 12.
1497 729 1589 786 De
1616 727 1793 786 veteri
1817 729 1911 788 Jo.
1939 728 2248 807 Clopinelli
2275 728 2352 787 de
2383 729 2569 788 Meun
2599 727 2716 787 sive

530 827 777 895 Melina,
806 824 879 896 ad
931 823 1267 901 Philippum
1311 823 1415 881 IV.
1446 823 1659 882 Galliae
1706 825 1945 901 Regem,
1977 843 2111 884 cum
2157 823 2441 883 Guilelmi
2484 825 2539 882 le
2589 825 2717 901 Roy

529 922 794 983 versione
818 919 1050 979 Gallica
1077 918 1347 979 AEneidos
1385 918 1733 997 Virgilianae‚
1763 918 1921 980 edita
1944 921 2212 998 Lugduni
2248 928 2419 981 1483.
2448 919 2554 978 fol.
2583 917 2719 979 vide

531 1018 820 1081 Sorellum
870 1016 1026 1076 Bibl.
1058 1014 1307 1076 Gallicae
1343 1036 1484 1096 pag.
1534 1026 1670 1088 195.
1697 1027 1758 1077 et
1798 1018 1984 1078 Mich.
2016 1017 2313 1078 Maittaire
2339 1016 2602 1077 Annales
2630 1024 2721 1093 ty-

530 1115 877 1195 pograpbiae
907 1132 1045 1192 pag.
1094 1120 1226 1179 171.
1313 1114 1502 1172 Etiam
1548 1113 1789 1173 alteram
1816 1114 2062 1173 Joannis
2088 1115 2161 1174 de
2193 1115 2294 1174 Cis
2322 1114 2440 1173 sive
2470 1111 2548 1171 de
2579 1111 2718 1189 Cys,

530 1221 635 1272 aut
682 1222 745 1270 ut
770 1209 968 1270 aliide
996 1207 1166 1280 This,
1217 1209 1415 1269 Poe'tae
1460 1210 1687 1287 antiqui
1727 1209 1943 1269 Gallici
1999 1210 2385 1287 metaphrasin
2433 1214 2721 1268 memorat

535 1309 876 1368 Franciscus
906 1326 942 1365 a
968 1306 1160 1367 Cruce
1190 1325 1322 1382 pag.
1351 1304 1490 1367 216.
1519 1305 1672 1366 Bibl.
1718 1307 1989 1367 Gallicae.
2071 1307 2357 1370 Johannis
2404 1306 2483 1367 de
2536 1307 2719 1365 Meun

533 1405 652 1463 sive
681 1404 925 1474 Mehun‚
950 1401 1030 1461 id.
1060 1420 1125 1480 p.
1159 1410 1295 1470 247.

617 1500 846 1560 Boethii
894 1498 1217 1559 imitatione
1280 1496 1601 1569 Eckardus‚
1645 1518 1819 1576 quem
1868 1504 1939 1558 A.
1985 1507 2159 1560 1130.
2216 1506 2449 1557 constat
2493 1497 2723 1567 obiisse,

536 1595 772 1673 scripsit
799 1596 1110 1655 Laternam
1139 1594 1258 1653 sive
1284 1595 1759 1656 consolationem
1789 1596 2206 1656 monachorum
2233 1594 2392 1654 libris
2421 1610 2489 1653 v.
2518 1593 2722 1654 lauda-

535 1703 654 1754 tam
681 1692 1012 1753 Trithemio
1037 1710 1171 1767 cap.
1198 1699 1341 1760 378.
1370 1690 1445 1750 de
1476 1694 1539 1752 S.
1566 1692 1636 1751 E.
1682 1702 1745 1752 et
1790 1708 1868 1752 11.
1925 1700 2057 1761 107.
2104 1692 2314 1751 illustr.
2361 1688 2722 1750 Benedictin.

534 1794 789 1852 Joannes
814 1790 1047 1849 Gerson
1069 1786 1461 1848 Cancellarius
1491 1787 1824 1848 parisiensis
1851 1787 2061 1849 Libros
2092 1804 2185 1849 IV.
2213 1787 2290 1850 de
2316 1784 2722 1847 Consolatione

535 1886 902 1963 Theologiae,
941 1883 1044 1963 qui
1083 1884 1355 1961 leguntur
1388 1884 1561 1943 Tom.
1607 1900 1656 1942 1.
1685 1885 1852 1963 Opp.
1880 1883 2023 1945 edit.
2052 1903 2221 1945 novae
2245 1902 2280 1942 a
2308 1882 2462 1941 Lud.
2493 1881 2620 1940 Elia
2649 1882 2724 1939 du

539 1983 650 2041 Pin
680 1988 897 2041 curatae
926 2001 989 2058 p.
1024 1986 1158 2041 125.
1215 1980 1324 2039 His
1339 1979 1687 2057 jungendus
1713 1979 1863 2039 liber
1892 1980 1987 2041 ‘le
2017 1983 2242 2042 Roman
2264 1979 2338 2038 de
2356 1977 2640 2049 fortune,¹
2669 1986 2727 2037 et

540 2078 615 2137 de
642 2077 858 2138 felicit&
884 2097 980 2136 sur
1007 2078 1203 2137 Boane
1231 2077 1306 2136 de
1332 2078 1389 2136 la
1419 2077 1798 2137 consolation
1828 2079 2108 2157 compos&
2137 2082 2212 2136 A.
2245 2075 2416 2137 1336.
2447 2095 2556 2153 par
2587 2073 2729 2135 frere

541 2173 832 2253 Regnault
859 2174 935 2234 de
979 2175 1209 2233 Lovens
1252 2176 1352 2234 des
1380 2174 1564 2234 freres
1594 2172 1923 2251 prechans!
2002 2174 2308 2235 Galfridus
2335 2174 2512 2233 etiarn
2540 2173 2733 2234 Chau-

542 2290 712 2333 cerus
736 2270 812 2330 ad
855 2271 1087 2330 Boethii
1128 2272 1458 2350 exemplum
1505 2271 1581 2330 de
1624 2272 2022 2333 consolatione
2072 2270 2468 2350 Philosophiae
2519 2270 2732 2332 librum

543 2369 879 2447 composuit
927 2367 1201 2447 Anglice,
1255 2368 1448 2428 solnta
1501 2367 1784 2439 oratione,
1829 2354 1896 2428 nt
1940 2367 2116 2428 refert
2155 2371 2250 2430 Jo.
2288 2365 2604 2427 'Lelandus
2660 2366 2733 2425 de

544 2467 925 2544 scriptoribus
984 2466 1329 2527 Britannicis
1387 2485 1520 2545 pag.
1589 2476 1730 2529 424.
1786 2476 1851 2526 ut
1903 2466 2196 2528 Cerisierii
2250 2463 2734 2530 consolationem

543 2563 884 2640 Theologiae
915 2563 1191 2640 scriptam
1216 2563 1447 2623 Gallice
1475 2574 1840 2642 praeteream.

627 2665 1050 2736 Argumentum
1106 2659 1312 2719 horum
1371 2660 1602 2719 Boethii
1653 2660 1930 2720 librorum
1985 2660 2279 2736 eleganter
2321 2668 2381 2719 et
2428 2659 2736 2718 succincte

546 2755 884 2831 complexus
902 2764 987 2813 est
1005 2756 1101 2815 Jo.
1121 2754 1387 2815 Clericus
1398 2758 1473 2815 V.
1497 2756 1568 2815 C.
1582 2755 1660 2815 T.
1682 2771 1829 2815 xvl.
1855 2756 2006 2814 Bibl.
2027 2755 2266 2815 Selectae
2289 2773 2423 2831 pag.
2443 2762 2584 2823 239.
2607 2774 2732 2832 seq.

627 2851 976 2910 Prodierunt
1002 2852 1319 2930 saepissime
1348 2872 1484 2913 cum
1516 2854 1940 2914 commentario
1965 2852 2216 2911 Thomae
2246 2850 2561 2928 Aquinatis
2590 2851 2739 2927 (sive

547 2945 797 3005 Thomae
826 2945 1058 3024 Anglici
1103 2948 1338 3021 rectius,
1372 2947 1574 3008 confer
1615 2949 1776 3009 Petri
1807 2948 1995 3027 Callyi
2038 2947 2203 3037 praef.
2249 2947 2326 3004 ad
2375 2946 2743 3019 Boethium.)

548 3043 819 3103 Norimb.
855 3048 1029 3109 1473.
1067 3041 1241 3110 1476.
1280 3052 1452 3115 1495.
1480 3043 1586 3102 fol.
1631 3064 1738 3122 per
1781 3047 1999 3104 Anton.
2051 3044 2380 3121 Cobnrger.
2422 3050 2483 3101 et
2533 3041 2739 3102 Colon.

553 3147 732 3200 1481.
759 3137 862 3196 fol.
887 3137 1107 3196 Lovan.
1143 3146 1316 3199 1484.
1348 3148 1527 3209 1487.
1555 3146 1729 3207 1495.
1767 3149 1943 3210 1499.
1974 3140 2072 3200 fol.
2103 3139 2297 3219 Lugd.
2325 3158 2431 3217 per
2450 3140 2740 3198 Joannem

549 3234 625 3292 de
655 3236 830 3293 Prato
862 3242 1039 3303 1487.
1070 3233 1169 3294 fol.
1201 3245 1259 3294 et
1293 3243 1466 3305 1490.
1496 3245 1555 3296 4.
1586 3247 1647 3295 et
1673 3237 1890 3296 additis
1918 3236 2134 3298 ,1οάοοί
2151 3235 2319 3294 Badii
2348 3235 2613 3293 Ascensii
2638 3254 2740 3292 no-

552 3331 625 3389 tis
664 3340 832 3393 1514.
864 3343 921 3392 4.
2092 3384 2095 3389 .

579 3460 580 3463 =
634 3429 808 3487 Extat
834 3428 1007 3487 etiam
1033 3430 1286 3488 Thomae
1315 3429 1777 3490 Commentarius
1828 3431 1886 3489 in
1929 3428 2288 3490 editionibus
2315 3445 2561 3504 operum
2591 3428 2740 3485 Boe'·

553 3522 659 3581 thii
686 3522 897 3584 Venet.
932 3532 1109 3597 1491.
1142 3531 1318 3595 1499.
1348 3533 1411 3583 et
1440 3526 1616 3584 Basil.
1662 3525 1834 3586 1546.
1874 3533 2049 3594 1570.
2094 3524 2197 3585 fol.
2282 3526 2569 3583 Feruntur
2591 3542 2738 3601 prae-

554 3628 713 3678 terea
741 3621 1154 3679 commentaria
1178 3621 1417 3680 literalia
1444 3629 1504 3681 et
1531 3621 1780 3701 mystica.
1824 3620 2091 3700 Dionysii
2127 3619 2519 3691 carthusiani,
2548 3621 2737 3678 Tomo

552 3715 728 3775 tertio
756 3715 883 3794 ejus
911 3734 1177 3792 operum,
1209 3716 1422 3776 Colon.
1455 3725 1630 3779 1540.
1660 3717 1760 3778 fol.
1867 3719 2112 3778 Necnon
2143 3717 2472 3795 Raymundi
2501 3714 2740 3776 Palasini

555 3811 875 3884 Albiensis,
899 3811 1044 3871 dicti
1072 3812 1387 3886 Valderici,
1406 3818 1522 3874 ὅτε.

555 3966 562 3969 .
636 3909 1101 3970 Commentarios
1130 3908 1371 3969 Roberti
1402 3910 1715 3970 Groshead
1748 3908 1867 3970 sive
1895 3907 2192 3986 Capitanis
2230 3916 2291 3966 et
2322 3906 2456 3967 Nic.
2515 3903 2739 3965 Triveti

557 4015 839 4066 memorat
873 4005 1024 4066 idem
1050 4004 1341 4065 Lelandus
1370 4006 1446 4065 (le
1476 4006 1691 4084 Script.
1721 4004 2095 4073 Britannicis,
2124 4014 2185 4065 et
2211 4003 2431 4063 Asserii
2460 3997 2739 4062 Monaclu

960 4206 978 4235 ¹
1014 4204 1210 4257 Journal
1230 4206 1314 4254 des
1332 4205 1505 4256 Savans
1530 4205 1592 4256 A.
1618 4209 1760 4257 1718.
1783 4203 1914 4253 Aout
1934 4219 1986 4268 p.
2011 4206 2123 4253 140.
2144 4216 2244 4265 seq.
