3049 4928
602 392 904 443 BOE'I'HII
958 394 1053 443 DE
1101 392 1410 446 ,CONSOB-

315 539 668 603 cognovisset,
703 540 837 590 sicut
856 541 1030 589 Deum
1061 536 1388 601 glorificaveq

275 639 278 642 >
315 615 426 677 rit,'
450 616 603 667 testis
627 624 709 665 est
729 616 978 680 Apuleius
1007 617 1084 665 his
1112 616 1163 664 in
1187 614 1357 679 Apulo

319 692 419 756 give
459 692 654 754 verbis,
710 701 938 744 mentem
987 693 1228 743 Platonis
1253 692 1380 756 -ipse

319 783 536 833 quoque.
550 770 752 833 aperire
781 770 1006 833 gestiens
1031 784 1127 819 nec
1141 761 1346 817 ¹audens
1365 784 1380 817 :

315 844 494 895 ‘Quin
530 845 822 895 altitudinis
866 845 1039 895 studio
1081 853 1226 896 secta
1264 843 1381 895 ista’

317 922 711 972 Platonicorum
745 924 760 951 ‘
784 924 929 973 Coelo
952 924 1067 987 ipso
1088 924 1385 974 sublimiora

318 1000 577 1063 quaepiam
625 999 923 1063 vestigavit,
985 1006 1039 1049 et
1092 1000 1146 1049 in
1189 1000 1385 1050 extimo

318 1074 510 1123 Mundi
534 1081 681 1138 tergo
714 1076 876 1141 degit.
953 1076 1100 1125 Idem
1124 1077 1385 1126 Maximus

317 1152 519 1214 optime
542 1153 806 1216 intelligit,
825 1159 885 1202 ut
907 1154 971 1202 de
996 1153 1203 1203 nomine
1227 1154 1386 1202 etiam

321 1229 468 1278 vobis
507 1230 869 1294 respondeam,
908 1230 1146 1295 quisnam
1186 1231 1255 1281 sit
1298 1231 1387 1280 ille

315 1318 423 1353 non
439 1317 469 1352 a
490 1319 572 1353 me
591 1306 778 1370 primo,
796 1307 891 1356 sed
911 1323 942 1356 a
956 1307 1178 1357 Platone
1195 1321 1387 1357 nuncu·

322 1388 477 1445 patus
498 1382 742 1445 βασιλεὺς,
786 1385 947 1434 totius
986 1400 1157 1435 rerum
1181 1379 1387 1434 naturae

321 1473 499 1521 causa,
553 1465 610 1510 et
645 1461 801 1522 ratio,
859 1468 917 1511 et
961 1460 1106 1523 origo
1154 1460 1389 1523 initialis,

320 1550 548 1584 summus
571 1537 994 1597 animi-Genitor,
1027 1543 1257 1587 aeternus
1281 1536 1390 1585 ani·

320 1622 554 1662 mantum
578 1614 894 1677 Sospitator‚
934 1613 1165 1663 assiduus
1201 1612 1390 1663 Mundi

321 1690 402 1739 sui
427 1688 653 1753 Opifex:
679 1691 772 1740 sed
798 1690 933 1740 euim
951 1689 1061 1739 siue
1079 1703 1241 1754 opera
1261 1689 1389 1753 Opi-

320 1764 432 1828 fex,
451 1767 562 1817 sine
584 1780 706 1817 cura
727 1766 1041 1832 sospitator,
1063 1767 1185 1815 sine
1206 1780 1392 1830 propa-

321 1843 535 1907 gatione
556 1843 813 1894 Genitor:
849 1858 1016 1909 neque
1053 1844 1188 1904 loco,
1219 1856 1391 1908 neque

319 1927 579 1983 tempore,
616 1935 713 1970 nec
737 1920 842 1969 ulla
884 1934 1015 1970 voce
1050 1920 1391 1982 comprehen-

319 2010 429 2057 sus,
459 2010 626 2062 eoque
648 1997 826 2061 paucis
849 1996 1158 2060 cogitabilis,
1196 1996 1390 2046 nemini

322 2073 567 2125 effabilis.
624 2076 703 2124 En
721 2076 858 2125 ultro
881 2089 1048 2140 augeo
1064 2075 1260 2139 Magia:
1283 2090 1391 2125 sus-

326 2151 584 2215 picionem
609 2168 623 2200 :
659 2166 761 2201 non
788 2153 1078 2216 respondeo
1104 2152 1218 2216 tibi,
1240 2153 1392 2203 AEmi-

321 2229 479 2293 lianc,
520 2243 672 2293 quem
712 2231 876 2279 colam
919 2229 1161 2288 βασιλέας
1198 2232 1323 2297 quin
1348 2232 1392 2283 si

322 2303 438 2368 ipse
482 2307 764 2369 proconsul
803 2306 1111 2372 interroget,
1153 2307 1279 2373 quid
1322 2309 1394 2359 sit

324 2381 477 2429 Deus
508 2395 690 2431 meus:
739 2382 927 2433 tacebo
963 2384 1030 2433 de
1070 2384 1297 2445 nomine,
1332 2389 1393 2434 ut

325 2456 792 2520 impraesentiarum
860 2460 989 2510 satis
1064 2458 1206 2511 dixi!
1275 2460 1393 2510 Hoc

324 2549 535 2598 quoque
590 2534 814 2584 Veteres
883 2543 1212 2601 usurparant,
1283 2538 1394 2587 Ho-

324 2625 516 2671 merus,
546 2610 693 2674 Ἀναξ
730 2613 904 2677 ἀνδρῶν
942 2632 1002 2663 τε
1045 2602 1161 2664 Θεῶν
1201 2633 1275 2665 τε.
1330 2629 1393 2665 ac

327 2695 448 2750 post
470 2687 739 2752 Virgilius,
787 2691 908 2740 ‘Sic
942 2690 1057 2741 fata
1095 2693 1268 2741 Deum
1301 2705 1394 2740 rex

323 2764 599 2815 Sortitur.'
657 2766 747 2828 Et,
810 2769 826 2796 ‘
847 2768 963 2817 Rex
1024 2768 1396 2832 omnipotentis

328 2840 579 2905 olympi:
619 2842 795 2893 Vallia.

329 2940 336 2953 ·
395 2917 509 2966 Rex
530 2924 577 2968 et
601 2919 856 2982 Dominus,
882 2920 1001 2982 fons
1037 2926 1085 2971 et
1104 2920 1263 2984 origo]
1299 2923 1396 2972 Ee·

330 2992 446 3059 quis
478 2995 680 3057 negarit
704 2997 949 3049 Boetium
971 3007 1206 3049 nostrum
1225 3000 1396 3065 expri-

323 3084 470 3137 mere
492 3071 714 3121 voluisse
737 3074 879 3123 illum
919 3088 1122 3125 versum
1162 3076 1396 3140 Orphei:

326 3145 440 3197 Ζεὺς
457 3147 704 3211 βασιλεὺς,
741 3149 854 3201 Ζεὺς
875 3150 1022 3215 ἀρχὸς
1042 3149 1276 3207 ἁπάντων,
1316 3152 1398 3218 ἄρ·

326 3221 629 3287 χιιιέραυνος.
680 3227 695 3253 ‘
726 3226 838 3276 Rex
876 3228 1024 3279 Jovis
1068 3228 1396 3291 omnigenum

328 3302 456 3362 est,³
492 3301 759 3364 princeps,
806 3309 862 3353 et
905 3303 1116 3367 originis
1183 3304 1399 3354 auetor.’

329 3378 626 3428 Martianus
679 3380 896 3444 Capella
940 3381 1029 3432 lib.
1076 3395 1163 3431 ιιι.
1228 3383 1397 3446 Nupt.

328 3453 525 3502 Philol.
570 3453 634 3503 de
660 3455 816 3505 Sole:
850 3457 867 3485 ‘
888 3457 1070 3505 Fomes
1110 3456 1399 3522 sensificus,

329 3528 521 3578 mentis
541 3527 676 3593 fons,
700 3531 831 3580 lucis
853 3530 1035 3596 origo.'
1070 3531 1243 3582 Sitzm.

395 3604 601 3654 stabilio
652 3605 787 3669 ordo]
847 3608 964 3657 Val.
1016 3608 1163 3658 Flac.
1209 3609 1300 3660 lib.
1357 3623 1397 3660 1.

328 3679 490 3730 ‘Tum
515 3683 752 3744 genitor:
787 3684 989 3734 Vetera
1025 3684 1138 3732 haec
1163 3685 1309 3733 nobis
1342 3693 1398 3735 et

330 3758 547 3811 condita
582 3765 811 3823 pergunt
845 3760 1049 3809 Ordine
1072 3768 1260 3810 cuncta
1282 3775 1396 3824 suo,

329 3848 607 3900 rerumque
643 3852 673 3885 a
698 3837 937 3901 principe
960 3851 1113 3889 cursu
1137 3837 1267 3887 Fixa
1288 3852 1394 3888 ma·

329 3917 493 3961 nent.'
527 3911 680 3962 Idem.
959 3948 964 3953 ·
1335 3944 1338 3945 ν

335 4019 342 4026 -
396 3989 625 4053 Refluant
683 3988 860 4051 cansoe]
914 3988 1108 4040 Amore
1152 3990 1394 4040 nimirum

331 4065 397 4114 ad
444 4064 497 4113 id
541 4065 965 4128 impellente,‡ut
1003 4065 1205 4130 inquit:
1240 4081 1396 4130 quem

329 4142 615 4206 Dionysius
638 4156 702 4191 ex
725 4141 999 4192 Hierothei
1041 4143 1228 4206 hymno
1268 4142 1398 4204 dicit

330 4234 446 4268 esse
499 4217 724 4276 ἑνωτικήν
780 4236 889 4268 τινα
943 4216 1046 4267 καὶι
1080 4219 1399 4284 συγκρωτικὴν

323 4293 538 4357 δύναμιν.
570 4295 633 4348 τὰ
671 4293 757 4357 μὲν
799 4294 1023 4362 ὑπέρτερα
1061 4299 1281 4349 κινοῦσαν
1320 4297 1397 4350 &ri
1468 4306 1483 4344 :'

2394 377 2529 445 543

1450 533 1673 602 πρόνοιαν
1687 540 1783 587 τῦν
1802 535 2198 603 καταδεεστέρων.
2230 539 2295 588 τὰ
2313 536 2525 600 &londe-

1452 632 1600 676 wtxa
1642 613 1786 665 πάλιν
1848 614 1916 666 εἰς
1950 616 2238 675 ,κοινωνικὴν
2279 617 2526 676 ἀλληλου-

1453 690 1585 756 χίαν.
1617 692 1695 741 καὶ
1718 693 1788 741 ἐπ’
1811 690 2032 755 ἐσχάτων
2051 690 2274 755 ὑφειμένα
2292 692 2413 758 πρὸς
2426 694 2520 752 τὴν

1453 769 1551 817 τῶν
1583 768 1858 833 κρειττόνων
1898 769 1975 819 καὶ
2012 770 2345 835 ὑπερκειμένων
2388 772 2528 820 ἑπισ-

1462 842 1685 910 τροφήν.»
1730 847 1745 873 ‘
1776 846 1881 895 vim
1947 847 2203 910 quandam
2280 846 2524 897 unificam

1462 929 1621 986 atque
1641 922 2092 971 commiscentem:
2127 922 2393 986 superiora
2413 924 2527 987 qui·

1463 996 1585 1047 dem
1605 1005 1900 1047 moventem
1932 997 2000 1048 ad
2032 997 2335 1049 inferiorum
2358 999 2532 1063 provi-

1463 1074 1692 1123 dentiam
1719 1090 1734 1135 ;
1769 1090 1887 1139 quae
1920 1080 2092 1125 autem
2136 1075 2387 1141 ejusdem'
2409 1083 2533 1126 sunt

1465 1150 1689 1201 ordinis:
1727 1151 1791 1200 ad
1833 1153 2245 1202 communionem
2293 1160 2527 1203 mutuam

1462 1228 1855 1278 adhortantem:
1913 1243 1974 1278 ac
2014 1228 2279 1279 inferiora!
2317 1229 2530 1279 taudem

1462 1308 1480 1335 ⁸
1501 1313 1853 1367 revocantem,
1888 1310 1947 1354 ut
1970 1305 2035 1354 ad
2056 1306 2273 1355 meliora
2297 1313 2354 1356 et
2375 1320 2530 1369 supe-

1462 1381 1605 1432 riora
1658 1380 2067 1431 convertantur!
2112 1380 2309 1431 ›Amor'
2369 1382 2532 1446 igitur

1465 1457 1821 1508 conversionis
1853 1464 1908 1508 et
1944 1471 2191 1508 ascensus
2214 1457 2530 1508 Animaevad

1464 1537 1641 1586 Deum
1684 1551 1841 1585 eausa
1878 1542 1980 1596 est,
2019 1542 2075 1585 et
2111 1535 2317 1601 quidem
2341 1536 2530 1599 impul-

1465 1613 1605 1662 trix:
1665 1612 1803 1677 qnod
1847 1620 1904 1662 et
1945 1609 2169 1662 affirmat
2207 1612 2528 1664 Jamblichus

1462 1688 1646 1740 lib.de
1668 1688 1836 1751 Myst.
1867 1689 2084 1753 AEgypt.
2136 1693 2152 1717 ⁸
2176 1687 2227 1738 A
2252 1690 2416 1752 primo
2439 1688 2534 1737 de-

1465 1779 1649 1814 scensu
1693 1766 1841 1814 Deus
1885 1766 2082 1815 animas
2122 1779 2186 1815 ea
2227 1764 2532 1816 conditione

1459 391 1903 446 Pnlnosopn.
1953 391 2098 443 [ΑΒ.
2147 389 2246 444 IV.

1467 1841 1698 1905 demisit,
1730 1849 1791 1892 ut
1821 1842 1887 1891 ad
1912 1856 2030 1894 eum
2052 1843 2242 1893 iterum
2264 1849 2532 1894 revertan-

1433 1941 1436 1943 ·
1468 1919 1592 1970 tur!
1629 1922 1698 1970 Et
1721 1921 1887 1970 anima
1910 1922 2050 1986 apud
2074 1922 2344 1987 Synesium
2371 1923 2533 1987 Hym.

1466 2010 1556 2047 111.
1610 1998 1756 2054 Λιβὰς
1791 1996 1981 2063 οὐρανία
2001 1996 2219 2062 Κέχνμαι
2255 1999 2378 2050 κατὰ
2418 2001 2531 2062 γᾶς.

1465 2075 1610 2135 nava
1657 2094 1719 2137 με
1758 2074 1886 2124 δίδου
1915 2074 2064 2126 Ὅθεν
2105 2078 2341 2139 ἐξεχύθηνΔ
2372 2076 2532 2139 *vvis

1466 2150 1651 2210 ἇλῆτιέ,
1685 2154 1701 2180 ‘
1718 2153 1888 2203 Gutta
1905 2154 2132 2203 coelestis
2151 2152 2329 2204 Effusa
2349 2170 2460 2204 sum
2480 2155 2536 2204 in

1468 2234 1684 2277 terram.
1717 2228 1873 2280 Fouti
1895 2237 1976 2279 me
2000 2230 2223 2280 restitue
2240 2230 2399 2281 Unde
2420 2246 2536 2281 sum

1468 2303 1702 2370 Profuga
1754 2306 1982 2370 vagans?
2047 2308 2120 2356 Et
2162 2309 2423 2358 oraculum
2468 2308 2536 2358 dc

1466 2379 1667 2430 Juliani
1709 2380 1847 2444 Imp.
1890 2385 2058 2432 niorte
2111 2383 2251 2446 apud
2282 2411 2289 2426 2
2305 2384 2537 2447 suidam,

1456 2455 1617 2519 Ἥξεις
1637 2456 1678 2505 δ’
1701 2456 1902 2521 αἰθερίου
1935 2455 2082 2521 φάεος
2098 2457 2331 2524 πατρώϊον
2365 2458 2536 2523 αὐλὴν,

1455 2535 1626 2584 Ἔνθεν
1645 2534 2007 2598 ἀποπλαγχθεὶς
2035 2535 2288 2603 pepon-{prov
2322 2529 2536 2600 ἑέδέμας

1467 2610 1628 2671 ἦλθες.
1680 2613 1696 2640 ‘
1718 2613 1910 2662 Venies
1934 2621 2107 2663 autem
2131 2614 2197 2663 ad
2234 2614 2436 2664 aetlierii
2459 2615 2538 2663 lu-

1468 2690 1622 2739 minis
1664 2695 1937 2754 paternam
1982 2691 2318 2752 mansionem,
2378 2690 2535 2740 Unde

1469 2766 1763 2828 demigrans
1809 2768 2088 2816 humanum
2132 2768 2185 2816 in
2222 2781 2411 2830 corpus
2451 2781 2536 2816 ve-

1469 2841 1634 2891 nisti!
1684 2841 2030 2906 Empedocles
2051 2842 2191 2905 apud
2212 2842 2538 2906 Simplicium

1470 2918 1573 2967 illis
1610 2917 1863 2980 versibus,
1898 2917 1964 2967 de
1998 2917 2193 2982 quihus
2215 2932 2539 2983 supra,quos

1470 2994 1617 3045 haud
1643 2995 1802 3045 dubie
1844 3002 2026 3045 noster
2062 3009 2181 3044 cum
2202 2995 2316 3044 haec
2340 2997 2541 3046 seribe-

1472 3081 1557 3123 ret
1584 3073 1636 3123 in
1660 3078 1833 3122 mente
1859 3070 2144 3135 habuit,‘1{
2187 3072 2235 3122 δ’
2271 3073 2335 3122 τὰ
2377 3072 2416 3121 δ’
2451 3070 2539 3122 ἆλ-
2622 3114 2627 3120 .

1471 3147 1720 3199 moon«
1741 3147 1960 3214 διαμπρὲς
1980 3149 2160 3211 οὐδαμᾶ
2181 3148 2340 3211 λήγει,
2377 3149 2538 3209 Ταύτῃ

1474 3223 1575 3274 αἰὲν
1597 3223 1764 3275 {wem
1785 3224 1983 3286 ἀκίνητα
1998 3227 2121 3276 κατὰ
2134 3225 2328 3276 κύκλον.
2367 3227 2542 3277 Vallia.

1471 3332 1474 3337 -
1541 3304 1770 3368 Refluant
1790 3318 1985 3366 caussoe,
1999 3319 2106 3367 quae
2122 3303 2254 3354 dedit
2271 3303 2393 3367 esse]
2422 3305 2538 3355 (2ae-

1475 3381 1624 3441 cilius
1650 3382 1790 3443 apud
1827 3383 2021 3435 Minut.
2040 3383 2302 3434 Felicem:
2335 3384 2354 3413 ‘
2376 3384 2460 3432 lta
2482 3383 2538 3432 iu

1473 3457 1672 3508 fontem
1693 3456 2007 3518 refluunt‚et
2021 3460 2074 3509 in
2091 3466 2259 3510 semet
2275 3461 2445 3510 omnia
2464 3473 2540 3510 re-

1472 3537 1779 3599 volvuntur,
1803 3536 1949 3585 nullo
1972 3535 2192 3601 artifice,
2218 3551 2317 3587 nec
2342 3537 2542 3600 judice,

1474 3626 1573 3662 nec
1597 3611 1847 3663 auctore!
1897 3613 2107 3664 Lucret.
2130 3614 2165 3662 l.
2190 3626 2266 3663 ιν.
2302 3613 2319 3641 ‘
2345 3612 2540 3662 Omnia

1473 3687 1895 3754 quandoquidem
1931 3691 2076 3754 cogit
2109 3692 2318 3741 Natura
2352 3690 2541 3740 referri

1475 3763 1555 3813 Ac
1597 3764 1799 3827 resilire
1833 3765 1898 3814 ab
1921 3764 2077 3815 rebus
2116 3765 2184 3815 ad
2212 3779 2396 3830 ⁴aequos
2422 3765 2538 3814 red-

1470 3841 1585 3890 dita
1605 3839 1808 3892 flexus?
1844 3843 1996 3893 Idem.
2354 3860 2359 3865 ·

1473 3956 1476 3957 ⁷
1539 3919 1730 3967 Pno'sa
1771 3922 1822 3968 ’1.
1889 3919 2099 3969 Virtutis
2136 3920 2231 3969 iter
2271 3918 2537 3982 arripiunt]

1473 3995 1739 4044 Ennodius
1756 3995 1925 4045 Ticiu.
1949 3995 2001 4044 in
2018 3995 2285 4059 Panegyr.
2309 3996 2324 4022 ‘
2345 3996 2537 4045 Nullus
2582 4026 2585 4027 ν

1474 4076 1670 4134 praeter
1686 4078 1953 4133 parentem
1970 4071 2075 4120 iter
2090 4071 2350 4136 arripuit.’
2375 4072 2537 4121 Rutil.

1472 4147 1598 4196 ltin.
1613 4145 1704 4196 lib.
1722 4159 1760 4196 1.
1797 4147 1814 4174 ‘
1839 4146 1939 4195 His
1957 4147 2112 4197 dietis
2126 4148 2229 4198 iter
2247 4147 2539 4211 arripimus,

1473 4223 1790 4274 comitantur
1811 4223 1998 4274 amici!
2030 4224 2184 4273 Idem.=

1566 4300 1740 4350 Virum
1770 4298 1972 4365 sortem,
2003 4315 2094 4351 noa
2134 4303 2264 4352 decet
2309 4298 2538 4360 indignor
