3049 4928
539 436 852 510 κΒοΕἰῊιι
904 438 1001 485 nn
1050 437 1359 490 consor„

289 577 371 628 ubi
395 583 550 642 terra,
582 587 639 630 et
659 581 879 644 Pontus,
905 588 962 632 et
999 581 1107 646 aer,
1140 583 1210 633 Et
1232 597 1334 634 coe-

286 656 403 716 lum,
425 661 478 707 et
499 655 715 708 Virtus.'
780 657 930 708 Adeo
969 660 1238 709 consulere
1271 658 1334 709 τὰ

246 736 249 739 ’
285 730 514 795 βελτίονα,
558 734 653 783 hoc
695 739 795 797 est,
833 735 1097 797 virtutem,
1136 741 1333 786 rectam

287 807 528 857 rationem
563 823 653 859 seu
672 810 915 873 seipsum,
936 812 1206 861 consulere
1229 812 1334 861 De-

285 896 364 930 um
388 890 497 932 est:
551 899 580 932 a
599 899 699 948 qno
719 893 948 935 mentem
972 892 1027 935 et
1051 901 1198 936 veras
1223 888 1333 951 opi-

282 957 450 1007 niones
472 960 790 1023 accepimus.
858 960 942 1010 Ad
967 964 1331 1026 praestantiora
1365 994 1368 999 ·

281 1033 428 1096 igitur
450 1037 829 1099 consequenda,
850 1039 1054 1089 assidua
1087 1055 1216 1105 opus
1250 1049 1330 1093 est

278 1110 381 1174 πρὸς
429 1110 515 1161 τὸν
556 1115 680 1162 θεῖον
716 1112 858 1175 νόμον
896 1115 1176 1182 ἐπιστροφὴ,
1218 1120 1234 1148 ‘
1261 1120 1327 1169 ad

279 1187 376 1236 Dei
397 1188 561 1253 legem
583 1193 918 1243 conversione
938 1193 975 1241 ε’·
1003 1193 1123 1245 huic
1150 1196 1327 1246 immo-

278 1276 472 1326 remur3
509 1264 752 1317 affectum
789 1269 939 1320 dabit
969 1271 1136 1334 Deus,
1166 1272 1327 1323 totius

276 1339 472 1392 virtutis
496 1343 615 1393 hinc
660 1345 831 1409 origo:
882 1346 1076 1411 quippe
1109 1346 1324 1399 effatum

276 1414 492 1467 divinum
540 1427 642 1483 est,
708 1422 952 1486 Satyrico
991 1422 1325 1487 proferente,

275 1492 291 1518 ‘
308 1493 493 1545 Semita
513 1505 657 1548 certe
678 1500 989 1565 Tranquillas
1028 1516 1123 1565 per
1144 1504 1321 1553 Virtu-

275 1575 373 1620 tem
396 1581 542 1637 patet
565 1577 717 1626 unica
740 1577 903 1627 vitae.'
945 1579 1125 1629 Vallia.

333 1649 608 1702 Melioribus
628 1655 836 1703 animum
866 1656 911 1704 si
930 1655 1320 1720 conformaveris]

273 1723 370 1775 Ms.
393 1726 643 1778 Rittersh.
669 1739 723 1779 et
746 1731 869 1780 edit.
890 1732 1030 1782 Flor.
1099 1734 1320 1783 Meliori-

272 1800 349 1853 bus
366 1806 570 1856 animum
589 1808 635 1857 si
656 1809 1021 1874 confirmaveris.
1057 1811 1143 1861 Sic
1160 1813 1183 1841 ‘⁴
1207 1813 1319 1862 Fir-

270 1891 402 1929 mare
420 1883 644 1933 animum
658 1887 1016 1935 constantibus
1032 1889 1288 1953 exemplis
1301 1891 1316 1914 '

271 1961 347 2005 est
367 1959 500 2021 apud
541 1960 712 2011 Tacit.
747 1975 864 2011 xvr.
921 1961 1106 2015 Annal.
1140 1966 1322 2017 Caesar

269 2032 353 2083 lib.
373 2048 412 2083 ι.
443 2036 510 2085 de
548 2037 688 2086 bello
711 2038 935 2089 Gallicot
980 2043 995 2068 ‘
1021 2041 1120 2090 His
1159 2042 1317 2091 rebus

270 2112 493 2175 cognitis,
515 2113 789 2164 Gallorum
828 2115 1024 2166 animos
1048 2116 1318 2168 confirma-

267 2184 370 2234 vit!
403 2187 571 2237 Sitzm·
1233 2207 1236 2210 '

325 2264 480 2314 Extra
516 2281 575 2316 ne
618 2267 858 2330 quesieris
892 2268 1115 2333 ultorem]
1167 2270 1314 2321 Bene

265 2338 378 2392 Juv.
412 2343 521 2394 Sat.
562 2357 691 2393 1111.
739 2346 1029 2409 ‘Exemplo
1049 2347 1313 2410 quodcun-

266 2432 356 2482 que
376 2422 508 2471 malo
531 2421 894 2482 committitur,
915 2424 1015 2488 ipsi
1050 2425 1315 2490 Displicet

265 2499 452 2547 auctori
471 2517 484 2549 2
520 2499 690 2564 prima
711 2505 796 2549 est
805 2501 918 2550 haec
939 2502 1091 2564 ultio,
1104 2504 1240 2568 quod
1256 2519 1313 2554 se

262 2570 439 2624 Judice
470 2582 625 2625 nemo
659 2591 853 2626 nocens
896 2578 1196 2643 absolvitur,
1220 2579 1313 2629 im-

258 2649 412 2708 proba
431 2654 667 2716 quamvis
689 2654 877 2704 Gratia
912 2652 1089 2705 fallaci
1120 2667 1311 2720 praeto-

262 2723 326 2772 ris
343 2726 525 2778 vicerit
547 2729 717 2780 urna?
751 2731 903 2780 Idem.

319 2801 478 2865 Ipsum
495 2807 645 2856 etiam
664 2820 715 2855 se
737 2807 952 2857 habuisse
964 2807 1312 2860 obliuisceretur

257 2875 491 2946 intuitum]
542 2884 756 2932 Lucret.
789 2884 879 2934 lib.
904 2897 985 2933 vr.
1008 2885 1061 2934 in
1086 2885 1311 2952 descrip-

260 2952 391 3004 tione
413 2958 727 3022 pestilentiae
750 2957 1056 3014 Atheniens.
1105 2963 1120 2990 ‘
1144 2964 1312 3015 Quos·

259 3027 367 3080 dam
404 3048 613 3100 coepere
648 3037 837 3086 oblivia
874 3051 1044 3087 rerum
1084 3039 1309 3090 Cuncta-

258 3121 382 3171 rum,
400 3126 568 3179 neque
590 3129 646 3163 se
670 3121 885 3179 possent
907 3130 1225 3180 cognoscere
1249 3125 1308 3168 ut

256 3181 387 3246 ipsi.’
421 3189 575 3241 Idem.

314 3263 538 3316 Miserior
570 3268 730 3330 igitur
763 3268 854 3318 tibi
890 3268 1080 3330 injuria
1120 3271 1305 3337 illator]

256 3333 475 3390 Phocion
526 3342 921 3394 Atheniensium
978 3346 1305 3410 ingratitudi-

253 3425 365 3464 nem
381 3432 473 3482 rep
480 3421 786 3482 reliendens‚
798 3422 1175 3485 sapientissime
1191 3425 1305 3474 dix-

252 3486 324 3539 it:
354 3491 584 3556 βούλομαι
612 3494 804 3556 pembr
821 3514 869 3545 τι
890 3497 967 3560 ὑφ’
999 3498 1125 3560 ὑμῶν
1143 3503 1307 3556 παθεῖν

250 3565 389 3617 κακὸν
409 3570 569 3636 αὐτὸς,
588 3571 620 3631 ἢ
643 3571 784 3624 αὐτός
811 3592 862 3623 τι
885 3575 1000 3637 ὑμᾶς
1015 3580 1167 3628 κακῶς
1196 3580 1303 3643 δρᾶ-

251 3649 339 3694 σαι.
403 3649 499 3699 Est
522 3658 695 3699 autem
733 3650 923 3717 dogma
955 3654 1305 3719 Platonicum,

252 3722 383 3784 'qnod
405 3731 461 3775 et
491 3742 608 3776 cum
630 3729 786 3778 sacris
815 3730 1004 3780 litteris
1042 3731 1303 3797 convenit,

253 3803 305 3846 et
325 3813 355 3848 a
375 3800 467 3852 SS.
491 3804 740 3855 Patribus
764 3809 959 3870 passim
996 3809 1301 3871 inculcatur,

250 3874 265 3899 ‘
288 3875 607 3931 Miseriorem
632 3890 742 3932 esse
782 3898 900 3933 enm
940 3885 1026 3949 qui
1064 3884 1299 3949 injuriam

252 3947 448 4019 inferat,
479 3971 630 4021 quarn
667 3960 750 4008 cui
782 3957 1070 4011 inferatur!
1132 3959 1299 4011 Immo

251 4027 362 4088 plus
384 4030 510 4081 dicit
531 4034 945 4100 chrysostomus,
979 4041 996 4066 ‘
1022 4038 1297 4089 Neminem

250 4101 383 4168 laedi,
398 4108 549 4160 nisi‘a
569 4126 626 4161 se
647 4113 804 4177 ipso!
836 4116 989 4165 Idem.

309 4182 878 4249 Miserationemjudicm
896 4192 1109 4242 excitare
1124 4208 1295 4244 conun-

248 4256 345 4320 lur]
377 4260 708 4315 Cassiodorus
722 4280 784 4317 ιι.
806 4268 928 4318 Var.
946 4272 1029 4320 40.
1066 4270 1083 4298 ‘
1101 4269 1293 4320 Inven-

252 4335 305 4379 ta
340 4342 419 4385 est
454 4350 655 4406 quoque
683 4342 748 4391 ad
787 4343 1165 4408 permovendos
1188 4347 1294 4412 ani-

2339 431 2471 497 533

1409 600 1519 637 mos
1537 594 1797 638 oratorum
1822 588 1972 640 fortis
1992 604 2054 641 ac
2083 590 2250 642 suavis
2271 592 2440 643 oratio
2453 611 2470 645 z

1408 670 1571 728 utque
1604 663 1896 716 criminosis
1931 666 2226 717 irascantur
2245 668 2476 731 judices,

1407 741 1755 792 misereantur
1788 742 2077 793 errantibus
2099 760 2115 793 ι
2149 749 2205 794 et
2224 743 2470 809 quicquid

1407 825 1584 883 potest
1623 823 1870 887 eloquens
1929 820 2160 885 efficere,
2200 822 2268 872 ad
2313 822 2471 886 hujus

1407 897 1696 962 disciplinae
1719 913 1824 948 non
1847 906 1929 950 est
1952 900 2161 950 dubium
2203 900 2465 964 pertinere

1404 974 1656 1037 gloriam!
1688 976 1838 1025 Idem.

1468 1050 1585 1100 Non
1603 1050 1898 1115 insequendi,
1919 1054 2000 1103 sed
2017 1053 2294 1117 miserandi]
2328 1054 2465 1103 Con-

1401 1131 1484 1176 tra
1505 1126 1879 1191 Aristophanes
1900 1130 1953 1178 in
1976 1130 2250 1194 Equitibus
2274 1130 2396 1181 Act.
2412 1134 2463 1181 4.

1401 1203 1556 1253 Scen.
1574 1208 1620 1254 1.
1650 1206 1924 1269 Λοιδορῆσαι
1937 1204 2049 1255 τοὺς
2062 1205 2309 1269 πονηροὺς,
2328 1204 2464 1257 οὐδέν

1400 1279 1500 1328 ἐστ’
1537 1278 1796 1343 δπίφθονον.
1853 1283 2060 1334 Quanto
2106 1298 2229 1334 vero
2268 1284 2462 1334 rectius

1398 1356 1468 1407 1).
1509 1356 1790 1422 Augustin.
1825 1357 1913 1423 qui
1954 1359 2044 1409 lib.
2079 1373 2194 1409 xiv·
2231 1359 2297 1408 de
2321 1360 2464 1410 civit.

1399 1434 1523 1498 Dei,
1541 1449 1657 1497 cap.
1679 1439 1730 1484 6.
1750 1435 1948 1499 inquit:
2002 1442 2016 1464 ⁴
2042 1435 2234 1498 Homo,
2274 1436 2361 1501 qni
2381 1450 2462 1485 se-

1397 1511 1621 1560 cundum
1647 1513 1842 1568 Deum,
1863 1523 1963 1560 non
1992 1511 2278 1561 secundum
2305 1512 2463 1561 homi-

1394 1600 1512 1636 nem
1532 1587 1676 1650 vivit,
1687 1595 1917 1652 oportet,
1932 1595 1990 1639 ut
2004 1589 2072 1638 sit
2086 1596 2285 1639 amator
2298 1590 2422 1639 boni
2443 1605 2459 1639 ε

1396 1664 1535 1713 nnde
1557 1664 1618 1713 fit
1634 1677 1970 1731 consequens,
1985 1673 2045 1717 ut
2059 1668 2246 1716 malum
2264 1667 2413 1716 'oderi
2421 1674 2459 1716 t.

1394 1742 1466 1791 Et
1497 1743 1736 1807 quoniam
1764 1759 1913 1795 nemo
1951 1752 2159 1808 natura,
2197 1746 2288 1795 sed
2327 1746 2462 1810 qnis-

1394 1818 1509 1881 qnis
1535 1820 1697 1870 malus
1719 1828 1817 1883 est,
1854 1822 1982 1871 vitio
2003 1823 2166 1871 malus
2187 1829 2297 1872 est:
2339 1836 2454 1885 per-

1393 1893 1590 1946 fectum
1626 1897 1800 1947 odium
1825 1897 2039 1949 debebit
2073 1894 2240 1961 malis,
2265 1898 2351 1964 qui
2376 1913 2456 1947 se-

1394 1973 1617 2023 cundum
1651 1976 1827 2025 Deum
1848 1976 1997 2039 vivit,
2025 1981 2084 2025 ut
2117 1989 2215 2025 nec
2239 1982 2458 2040 propter

1392 2050 1574 2099 vitium
1597 2051 1771 2101 oderit
1792 2053 2066 2116 hominem,
2098 2062 2360 2103 nec‘amet
2383 2054 2457 2102 vi·

1392 2126 1518 2176 tium
1542 2136 1762 2192 propter
1778 2130 2053 2194 hominem,
2071 2131 2163 2181 sed
2190 2131 2359 2182 oderit
2382 2131 2456 2181 vi·

1390 2203 1539 2268 tium,
1570 2211 1711 2254 amet
1753 2206 2045 2256 hominem.'
2107 2208 2304 2257 Similia
2351 2222 2452 2258 uon

1391 2293 1491 2330 uno
1559 2281 1675 2331 loco
1731 2280 1891 2333 habet
1955 2284 2193 2334 sanctiss,
2260 2284 2458 2335 Orator

1388 2357 1787 2421 chrysostomus
1809 2358 1860 2408 iu
1886 2361 1990 2410 suis
2015 2360 2274 2411 Homiliis.
2343 2362 2457 2411 Pli-

1386 2433 1501 2483 nius
1522 2434 1684 2485 etiam
1714 2435 1984 2485 Secundus
2018 2444 2211 2500 praeter
2255 2438 2357 2487 alia
2378 2438 2455 2489 ita

1386 2512 1711 2562 commendat
1726 2515 2041 2577 Euphratem
2055 2515 2420 2580 Philosophum
2438 2535 2453 2568 ε

1387 2588 1403 2616 ‘
1423 2588 1722 2638 Insectatnr
1747 2590 1893 2652 vitia,
1917 2606 2020 2640 non
2044 2592 2299 2642 homines.
2333 2593 2449 2643 Nec

1387 2666 1607 2729 castigat
1621 2673 1872 2729 errantes,
1885 2668 1975 2717 sed
1991 2670 2272 2721 emendat.’
2299 2670 2449 2720 Idem

1386 2747 1558 2792 tamen
1582 2743 1704 2792 alibi
1727 2744 1907 2795 laudat
1939 2745 2242 2810 Thraseam,
2262 2746 2450 2796 crebro

1386 2818 1563 2869 dicere
1623 2820 1833 2869 solitum
1855 2837 1869 2871 ε
1942 2822 1958 2850 ‘
1978 2823 2082 2874 Qui
2129 2822 2257 2872 vitia
2321 2822 2454 2884 odit,

1385 2895 1614 2945 homines
1638 2896 1749 2946 odit
1764 2895 1797 2945 :’
1849 2905 2093 2963 tauquam
2129 2898 2450 2962 impossibile

1383 2972 1453 3020 sit
1490 2972 1782 3022 hominibus
1823 2987 2004 3022 carere
2045 2974 2276 3024 crimine,
2322 2975 2447 3027 Vid.

1384 3049 1556 3112 Epist.
1588 3053 1672 3099 22.
1726 3050 1817 3099 lib.
1856 3064 1983 3100 vur.
2034 3052 2134 3101 His
2183 3051 2446 3102 addideris

1381 3138 1562 3174 versus
1575 3126 1835 3175 Martialis
1852 3127 1943 3177 lib.
1962 3141 2017 3177 x.
2033 3130 2134 3192 Ep.
2149 3132 2231 3179 33.
2255 3130 2270 3157 ‘
2289 3130 2446 3180 Hunc

1381 3204 1590 3250 servare
1613 3201 1817 3251 modum
1839 3203 2004 3252 nostri
2038 3218 2233 3255 novere
2262 3205 2445 3271 libelli,

1380 3277 1614 3328 Parcere
1658 3279 1906 3344 personis,
1945 3280 2122 3330 dicere
2161 3281 2229 3334 de
2267 3282 2452 3335 vitiis.'

1445 3431 1632 3481 Mrem.
1652 3435 1701 3482 4.
1733 3429 1864 3488 Quid
1885 3437 2042 3482 tantos
2067 3433 2213 3495 Juvat
2234 3434 2446 3485 excitare

1377 3508 1556 3572 motus]
1574 3508 1774 3558 Senec.
1809 3508 1862 3567 in
1889 3509 2052 3559 Herc.
2080 3512 2204 3560 Fur.
2229 3527 2301 3561 νε.
2325 3516 2445 3562 867.

1378 3588 1394 3617 ‘
1412 3587 1552 3641 Quid
1560 3588 1717 3653 juvat
1732 3588 1916 3639 durum
1940 3605 2228 3655 properare
2247 3590 2442 3642 fatum?

1377 3662 1566 3713 'Omnis
1586 3665 1698 3714 haec
1724 3665 1919 3729 magnis
1955 3681 2083 3731 vaga
2113 3667 2267 3716 turba
2289 3669 2441 3718 terris

1375 3742 1485 3792 Ibit
1508 3742 1574 3791 ad
1596 3743 1812 3795 manes!
1875 3746 1946 3794 Et
1966 3759 2040 3794 vs.
2065 3749 2178 3794 183.
2201 3745 2316 3795 eod.
2338 3748 2353 3773 ‘
2369 3744 2442 3796 At

1375 3832 1504 3880 gens
1534 3819 1794 3869 hominum
1831 3817 2002 3869 fertur
2040 3820 2235 3885 rapidis
2263 3821 2440 3872 Obvia

1369 3892 1492 3942 fatis
1513 3893 1722 3944 incerta
1741 3895 1853 3946 sni)
1884 3896 2035 3949 Idem.

1438 3970 1616 4021 Fatum
1631 3971 1911 4036 sollicitare]
1931 3976 1945 4000 ‘
1955 3973 2250 4023 Sollicitare
2262 3974 2440 4038 Deos,’

1368 4044 1558 4094 senec.
1577 4047 1628 4093 iu
1651 4045 1863 4107 Medea,
1886 4062 1962 4103 vs.
1984 4051 2098 4098 271.
2121 4051 2136 4077 ‘
2151 4049 2438 4100 Sollicitare

1367 4119 1582 4183 manes,’
1616 4120 1751 4171 idem
1771 4122 1826 4170 in
1850 4122 1976 4173 Oct.
2001 4138 2078 4173 vs.
2097 4127 2211 4174 267.
2246 4125 2401 4176 Idem·

1430 4196 1493 4247 Si
1527 4202 1727 4247 mortem
1756 4198 1951 4261 petitis]
1997 4200 2186 4250 Tibull.
2222 4201 2356 4250 libro
2391 4216 2434 4252 ι.

1366 4274 1518 4338 Eleg.
1539 4278 1619 4324 10.
1631 4287 1710 4324 νε.
1727 4277 1808 4325 34.
1835 4275 1851 4302 ‘
1865 4274 1994 4326 Quis
2010 4272 2156 4325 furor
2168 4282 2250 4325 est
2263 4283 2432 4326 atram

1365 4349 1518 4403 bellis
1558 4363 1824 4402 arcessere
1863 4351 2120 4401 mortem?
2169 4350 2439 4414 Imminet,

1407 440 1850 491 PHILOSOPH·
1902 444 2047 495 LIB.
2095 446 2118 493 1
2133 446 2195 493 V.
