3049 4928
921 428 1044 479 PH!
1058 427 1440 480 Losorntzss
1488 427 1635 477 10113.
1683 424 1793 485 111.

2333 410 2466 478 305

777 573 1080 640 Immites
1109 572 1413 658 Superos
1442 592 1754 659 querenS,

771 676 1079 744 Infernas
1110 677 1280 743 adiit
1309 666 1595 742 domos.³

770 780 929 845 Illic
957 779 1207 846 blanda
1235 780 1633 845 sonantibus
1661 775 1687 816 '¹

770 881 1060 948 Chordis
1089 882 1388 949 carmina
1415 885 1816 967 temperanS,

774 986 1118 1071 Quicquid
1148 985 1513 1072 praecipuis
1548 986 1721 1053 Deae

773 1088 1022 1156 Matris
1051 1087 1378 1158 fontibus¹
1420 1091 1762 1172 hauserat,

262 1259 328 1307 oie
348 1259 466 1309 aedes
484 1257 715 1319 infernas.
778 1259 890 1309 Illic
906 1275 1181 1325 componens
1196 1266 1367 1313 camus
1398 1278 1510 1314 suos
1539 1278 1646 1313 oum

1658 1261 1847 1329 fidibus
1876 1262 2076 1313 cithara
2104 1260 2272 1312 uanae
2291 1277 2462 1313 sonan·

267 1324 402 1389 tibus,
420 1325 598 1390 promit
613 1339 808 1388 gemens
836 1327 1057 1392 quicquid
1085 1328 1305 1379 temnat
1327 1343 1390 1379 ex
1409 1329 1639 1391 sontibus
1658 1328 2001 1394 prestantibus
2028 1328 2208 1379 divina
2229 1329 2463 1394 Calliopes

1250 1458 1301 1509 N
1309 1457 1466 1510 01*AE

265 1566 376 1602 num
396 1560 694 1605 anctoremz
729 1554 840 1606 sive
869 1555 991 1622 quia
1012 1555 1175 1622 major
1199 1562 1318 1615 erat

264 1629 387 1680 illius
395 1632 558 1696 dolor,
570 1635 684 1684 sive
699 1634 855 1685 etiam
866 1635 1005 1701 quia,
1019 1642 1080 1685 ut
1096 1637 1316 1702 loquun-

268 1716 346 1759 tur
379 1710 699 1778 Philosophi,
733 1714 749 1742 ‘
776 1713 842 1764 ab
880 1714 1098 1766 assuetis
1129 1729 1233 1764 non
1252 1712 1318 1776 fit

265 1786 459 1849 passio)
521 1788 745 1840 Scilicet
766 1790 964 1841 nullum
986 1806 1179 1856 corpus
1201 1806 1318 1842 sen·

267 1863 428 1928 timus,
474 1865 575 1917 nisi
614 1874 871 1933 quatenus
909 1869 1027 1932 hoc,
1065 1884 1317 1935 organum

266 1941 575 2007 sensifer-um,
594 1945 682 1995 vel
705 1946 881 2009 potius
898 1946 1146 2012 quasdam
1163 1946 1316 2012 hujus

265 2020 431 2082 organi
480 2021 768 2086 particulas
803 2030 994 2075 movet.
1082 2024 1320 2091 Corpora

267 2102 443 2161 autem,
460 2113 576 2163 quae
600 2100 772 2149 rarius
790 2101 960 2151 sensui
978 2100 1317 2166 objiciuntur,

266 2170 382 2222 hanc
422 2175 684 2238 proedicto
737 2190 933 2242 organo
976 2180 1317 2231 mutationem

266 2245 447 2301 inferre
490 2246 742 2317 possunt':
798 2269 916 2319 quae
961 2269 1088 2305 vero
1143 2258 1318 2308 sensui

268 2334 376 2377 sunt
394 2328 564 2395 obvia,
586 2331 702 2382 haec
724 2333 903 2397 organi
937 2333 1171 2398 ejusdem
1196 2352 1317 2401 par-

269 2403 436 2456 ticulas
466 2423 497 2458 a
541 2409 715 2474 primo
756 2424 1035 2477 concursu,
1074 2426 1136 2463 eo
1177 2414 1317 2466 omni

268 2497 358 2547 quo
400 2493 687 2552 potuerunt
724 2488 879 2539 modo
920 2489 993 2540 ita
1029 2496 1320 2557 mutavere,

270 2567 321 2611 ut
351 2565 478 2614 solas
512 2567 839 2631 resistentes,
860 2581 1077 2632 quarum
1109 2583 1208 2633 ope
1228 2584 1318 2619 ne·

266 2653 503 2706 quaquam
545 2642 820 2707 sentimus,
867 2644 1151 2707 particulas
1194 2646 1316 2695 reli-

266 2718 485 2780 querint:
518 2719 643 2771 hinc
676 2719 908 2770 nativum
946 2720 1118 2771 cordis
1152 2723 1316 2773 nostri

268 2794 492 2860 calorem,
512 2797 781 2861 nostrique
800 2797 1053 2860 corporis,
1082 2798 1238 2848 inuno
1261 2805 1318 2849 et

269 2872 412 2921 vestis
459 2882 726 2926 consuetae
773 2874 974 2940 pondus
1019 2888 1172 2925 sensu
1214 2890 1316 2926 non

268 2947 585 3011 percipimus.

322 3021 335 3055 ¹
362 3025 575 3076 Immites
609 3026 820 3090 Superos
849 3042 1066 3092 querens,
1099 3028 1318 3089 Infernas

267 3100 375 3151 adiit
414 3104 590 3169 domos]
637 3104 820 3154 Poetae
866 3113 1066 3170 ponunt
1121 3105 1315 3170 duplex

269 3192 412 3241 genus
433 3182 685 3249 Deorum,
704 3199 921 3249 superos
940 3185 1144 3235 scilicet
1164 3194 1219 3235 et
1243 3187 1315 3236 in·

269 3253 412 3321 feros,
432 3276 650 3326 quorum
684 3261 728 3310 si
761 3262 960 3324 priores
992 3261 1201 3312 videant
1236 3263 1314 3312 in-

268 3336 558 3402 exorabiles,
570 3338 636 3388 ad
659 3339 974 3401 posteriores
992 3337 1326 3402 confugiunt-s

267 3406 398 3475 Virg.
418 3426 521 3466 vn.
544 3413 752 3464 AEneid.
777 3429 851 3465 vs.
872 3418 989 3465 312.
1035 3416 1050 3443 ‘
1074 3417 1315 3466 Flectere

270 3483 307 3531 si
326 3501 520 3553 nequeo
555 3505 797 3555 superos,
822 3491 1119 3543 Acheronta
1141 3507 1314 3542 move-

270 3556 361 3610 bo.'
422 3563 506 3616 Ita
549 3566 703 3616 finxit
743 3567 828 3617 hic
874 3577 1052 3620 vates:
1110 3569 1202 3619 sed
1248 3569 1314 3619 ad

270 3637 496 3701 majorem
529 3645 859 3708 sequentium
894 3645 1314 3710 intelligentiam,

271 3724 460 3767 necesse
492 3726 574 3770 est
611 3711 1126 3786 novisse,'quomodo
1160 3721 1315 3772 inferi

273 3789 623 3848 describantur
667 3813 698 3848 a
755 3798 964 3849 Poetis:
1024 3799 1099 3848 sic
1141 3807 1313 3849 autem

271 3865 614 3923 describuntur
637 3889 668 3924 a
687 3874 908 3939 Virgilio
932 3888 1014 3925 vt.
1049 3876 1158 3926 AEn.
1181 3892 1211 3925 a
1236 3891 1310 3926 vs.

272 3946 376 3997 273.
414 3953 460 3999 1.
476 3949 621 4002 Ante
639 3953 812 4017 ipsum
834 3952 1129 4004 Inferorum
1154 3955 1311 4004 vesti-

275 4016 450 4090 bulum,
469 4034 524 4077 et
545 4029 599 4079 in
640 4031 806 4094 primo
843 4031 1009 4095 aditu,
1047 4033 1219 4081 luctus
1256 4037 1313 4081 et

274 4110 396 4149 curae
436 4103 666 4171 vindices
718 4108 919 4172 jacent,
966 4107 1311 4172 habitantque

275 4176 436 4241 morbi,
462 4189 724 4246 senectus,
746 4192 934 4248 metus,
955 4182 1139 4247 fames,
1173 4198 1314 4247 eges·

276 4255 362 4314 tas,
380 4267 527 4319 mors,
547 4259 713 4323 labor,
741 4275 946 4311 somnus
983 4260 1147 4311 frater
1178 4276 1313 4311 mor·

279 4323 356 4388 tis,
384 4332 509 4382 mala
539 4337 726 4386 mentis
763 4338 973 4405 gaudia,
1001 4339 1210 4405 bellum,
1230 4337 1310 4389 fu·

394 4411 555 4477 Deeph.
579 4421 627 4465 et
652 4416 764 4468 Ver.
784 4419 914 4470 Clas.

1399 1557 1513 1621 rite,
1531 1563 1587 1610 et
1608 1556 1887 1610 discordia.
1925 1561 1974 1608 Β.
1996 1557 2060 1608 In
2080 1555 2255 1608 medio
2275 1568 2464 1606 eorun-

1398 1634 1516 1686 dem
1554 1636 1812 1686 vestibulo
1851 1636 2019 1686 ulmus
2061 1647 2248 1699 magna
2268 1640 2325 1683 et
2353 1648 2464 1683 um·

1399 1712 1552 1764 brosa
1571 1715 1806 1779 explicat
1834 1727 2004 1764 ramos
2033 1720 2089 1764 et
2111 1709 2343 1773 frondes,
2365 1708 2462 1760 sub

1398 1789 1584 1856 quibus
1606 1791 1782 1843 inania
1797 1796 1918 1841 sunt
1933 1789 2149 1840 somnia.
2172 1793 2224 1840 8.
2238 1786 2325 1839 Ad
2344 1801 2464 1853 por·

1399 1874 1479 1918 tas
1534 1867 1818 1919 eorundem
1872 1866 2136 1917 stabulant
2189 1865 2465 1929 Centauri,

1397 1945 1587 2011 Scyllae
1637 1943 1904 2008 biformes,
1952 1944 2198 1994 Briareus
2250 1950 2462 1993 centum

1398 2022 1636 2072 manibus
1675 2022 1983 2083 instructus,
2033 2020 2221 2086 Hydra
2271 2019 2460 2071 Lernae

1399 2098 1594 2161 bellua,
1636 2099 1894 2150 Chimaera
1934 2098 2214 2165 ignivoma,
2257 2095 2465 2163 Gorgo-

1397 2190 1511 2241 nes,
1542 2174 1817 2242 Harpyiae,
1841 2182 1899 2227 et
1934 2176 2121 2227 umbra
2158 2174 2463 2240 tricorporis

1399 2251 1681 2320 Geryonis.
1729 2257 1780 2305 4.
1819 2252 1954 2304 Inde
2000 2253 2190 2318 incipit
2242 2251 2344 2303 iter
2392 2250 2463 2302 ad

1395 2330 1750 2382 Acherontem
1768 2329 2001 2397 fiuvium,
2020 2330 2109 2398 qui
2129 2331 2184 2381 in
2206 2330 2465 2397 Cocytum

1397 2425 1582 2461 arenas
1606 2417 1856 2461 exonerat
1875 2427 1889 2462 z
1914 2410 2005 2461 has
2018 2408 2285 2461 fluminum
2302 2422 2464 2476 aquas

1397 2495 1576 2539 servat
1596 2496 1779 2539 vector
1810 2489 2035 2554 Charon,
2055 2502 2222 2539 senex⁴
2250 2479 2464 2553 quidem

1396 2563 1489 2613 sed
1518 2564 1709 2613 crudus
1744 2563 1931 2628 adhuc,
1963 2564 2055 2629 qui
2086 2563 2283 2614 relictis
2312 2562 2460 2612 inhu-

1396 2636 1570 2701 matis,
1588 2639 1821 2703 sepnltos
1844 2644 2180 2704 transportat.
2226 2644 2277 2690 5.
2296 2639 2461 2689 Trans

1399 2712 1608 2765 fluvium
1631 2715 1776 2765 canis
1797 2722 1880 2767 est
1901 2715 2117 2781 triceps,
2141 2714 2315 2765 dictus
2338 2716 2463 2766 Cer·

1399 2790 1574 2854 berus,
1607 2792 1757 2856 quasi
1790 2791 2040 2858 κρεαβόρος
2073 2795 2090 2820 ⁸
2121 2791 2461 2842 carnivorae-⁹

1395 2871 1446 2918 6.
1480 2868 1728 2936 Undique
1746 2877 2030 2921 occurrunt
2046 2870 2131 2937 qui
2155 2869 2335 2935 dignas
2357 2869 2467 2920 cri-

1394 2945 1618 2997 minibus
1642 2961 1820 3011 poenas
1844 2947 2025 2998 luunt:
2060 2955 2120 2998 ut
2146 2948 2350 3013 Tityus,
2371 2947 2462 3013 qui

1394 3023 1532 3089 quod
1555 3025 1771 3074 Latonae
1792 3025 1894 3075 vim
1929 3031 2187 3088 parasset,
2206 3024 2272 3074 ab
2294 3023 2459 3088 Apol-

1393 3105 1499 3155 line
1539 3105 1745 3169 sagittis
1788 3105 2117 3169 interfectus,
2158 3111 2215 3154 et
2255 3104 2322 3155 ab
2354 3103 2464 3153 vul·

1395 3189 1533 3245 ture,
1572 3181 1765 3230 renatis
1800 3180 1962 3246 fibris,
1996 3188 2251 3231 aeternum
2288 3194 2460 3230 corro-

1395 3259 1566 3309 diturz
1604 3258 1773 3322 Ixion,
1795 3258 1884 3324 qui
1908 3259 1976 3310 ob
2010 3265 2259 3309 tentatam
2293 3258 2461 3311 Juno·

1395 3337 1475 3386 nis
1501 3336 1822 3401 pudicitiam,
1843 3344 1972 3387 rotae
1995 3337 2239 3401 alligatus
2272 3349 2462 3402 perpe·

1397 3423 1489 3465 tuo
1512 3414 1868 3465 convertitur:
1904 3415 2189 3478 Pirithous,
2211 3414 2298 3480 qui
2318 3413 2460 3479 quod

1395 3491 1758 3555 Pr0serpinam
1777 3505 1843 3540 ex
1868 3491 2059 3541 Inferis
2077 3505 2261 3557 rapere
2282 3491 2460 3540 volue-

1396 3568 1485 3631 rit,
1507 3578 1617 3618 tum
1642 3568 1826 3625 timore
1848 3568 1960 3619 saxi
1983 3569 2318 3631 imminentis,
2339 3584 2460 3620 cum

1394 3643 1531 3694 fame
1555 3644 1738 3694 mediis
1763 3647 1814 3695 in
1846 3645 2012 3709 epulis
2042 3644 2344 3696 conficitur:
2383 3645 2461 3695 Si-

1394 3721 1606 3787 syphus,
1628 3723 1717 3787 qui
1741 3723 2026 3773 latrociniis
2048 3721 2255 3773 infamis
2277 3737 2457 3773 saxum

1395 3799 1578 3861 ingens
1602 3798 1784 3861 volvit,
1806 3801 1905 3850 ὅτε.

1459 3872 1483 3907 k
1516 3876 1714 3925 Blanda
1752 3876 2045 3948 sonantibus]
2092 3877 2110 3906 ‘
2133 3876 2336 3927 Blanda
2377 3892 2461 3929 so·

1394 3952 1550 4003 nans'
1574 3953 1784 4016 dicitnr,
1817 3955 1952 4005 sicut
1983 3969 2013 4005 a
2030 3954 2218 4020 virgil.
2242 3969 2325 4005 rx.
2341 3956 2457 4006 AEn.

1393 4045 1466 4080 vs.
1490 4034 1604 4079 125.
1627 4029 1821 4081 dicitur
1843 4033 1859 4060 ‘
1878 4045 2035 4082 rauca
2056 4031 2282 4095 sonans,’
2303 4031 2456 4081 intel-

1391 4105 1602 4170 ligendo
1620 4108 1635 4135 ‘
1649 4106 1902 4170 negotia,’
1917 4108 2066 4157 modo
2078 4105 2322 4173 loquendi
2333 4121 2455 4157 auc·

1396 4182 1615 4248 toribus,
1649 4184 1739 4234 sed
1766 4185 2056 4248 praesertim
2082 4184 2273 4249 poetis,
2298 4183 2454 4233 usita-

1395 4264 1480 4310 to:
1517 4267 1734 4310 vocatur
1754 4260 1972 4324 ellipsis.

1457 4335 1470 4369 ¹
1503 4338 1769 4406 Pracipuis
1819 4337 1942 4389 Deae
1991 4336 2175 4390 Matris
2213 4336 2461 4403 soricibus]

1281 4417 1458 4470 Rome.
2271 4419 2321 4469 U
