3049 4928
527 422 661 489 212
1230 424 1534 477 noman
1585 421 1681 472 mr
1729 417 2034 467 CONSOL.

530 592 729 652 cetur.
818 579 1048 664 Hujus
1076 577 1277 662 igitur
1303 581 1440 640 tam
1482 572 1748 653 exignae
1778 568 1850 631 in
1881 561 2128 630 mundo
2155 556 2461 642 regionis
2480 560 2717 639 quarta

527 689 670 754 fere
700 679 950 770 portio¹
993 687 1120 757 est,
1168 679 1342 745 sicut
1373 674 1748 741 Ptolemaeo
1779 669 2110 753 probante
2142 658 2465 735 didicisti,
2498 676 2655 741 quae
2685 673 2727 717 a

529 788 799 856 nobis¹⁸
854 783 1139 868 cognitis
1168 778 1619 846 animantibus
1646 773 2023 838 incolatum
2110 767 2294 832 Huic
2326 766 2632 847 quartae,'
2674 756 2738 850 si

532 900 853 979 quantum
911 886 1120 952 maria
1140 892 1181 919 ¹¹¹
1236 879 1656 965 paludesque
1706 876 2032 959 premunt,
2095 874 2546 955 quantumque
2617 860 2738 924 siti*

530 1002 726 1061 vasta
769 992 953 1074 regio
1005 985 1448 1058 distenditur,⁸
1488 977 1901 1062 cogitatione
1962 971 2400 1046 subtraxeris,
2439 966 2564 1050 via
2613 983 2727 1027 an-

532 1095 920 1179 gustissima
945 1086 1359 1155 inhabitandi
1386 1081 1767 1147 hominibus
1799 1096 1955 1141 area
1981 1075 2402 1163 relinquetur.
2492 1066 2575 1130 In
2601 1065 2732 1129 hoc

528 1199 733 1281 igitur
774 1196 1049 1261 minimo
1097 1189 1330 1274 puncti
1377 1182 1669 1269 quodam
1727 1183 1982 1264 puncto
2026 1172 2456 1256 circumsepti
2514 1172 2720 1250 atque

535 1298 865 1376 conclusi,
894 1297 977 1362 de
1003 1288 1453 1378 pervulganda
1477 1286 1682 1361 fama,
1714 1281 1799 1345 de
1828 1277 2223 1364 proferendo
2249 1274 2516 1339 nomine
2549 1270 2740 1350 cogi-⁸

533 1402 731 1468 tatis?
821 1397 918 1464 At
957 1396 1121 1481 quid
1148 1388 1687 1473 habet·amplum
1720 1379 2281 1474 magnificumque
2312 1375 2550 1461 gloria,
2599 1383 2734 1435 tam

537 1505 835 1589 angustis
887 1500 1288 1583 exiguisque
1335 1493 1664 1559 limitibus
1706 1487 2019 1554 arctata?
2126 1481 2328 1547 Adde
2375 1474 2560 1563 quod
2605 1473 2737 1537 hoc

535 1609 757 1691 ipsum
785 1605 1011 1671 brevis
1039 1598 1409 1665 habitaculi
1458 1600 1717 1679 septum
1762 1590 1998 1674 plures
2040 1586 2340 1651 incolunt
2381 1580 2741 1651 nationes,¹²

534 1710 788 1791 lingua,
816 1707 1136 1782 moribuS,
1167 1703 1366 1767 totius
1390 1698 1547 1762 vitae
1573 1683 1837 1758 ratione
1865 1691 2235 1756 distantes:
2282 1683 2370 1749 ad
2401 1692 2573 1766 quas
2600 1685 2739 1744 tum

540 1810 934 1874 difficultate
985 1807 1316 1879 itinerum,
1365 1808 1507 1864 tum
1557 1792 1881 1878 loquendi
1931 1790 2350 1865 diversitate,
2384 1790 2526 1850 tum
2555 1800 2738 1846 com-

538 1912 765 1975 mercii
793 1909 1170 1983 insolentia,
1191 1923 1328 1971 non
1358 1900 1559 1966 modo
1589 1899 1775 1963 fama
1795 1894 2141 1962 hominum
2168 1890 2605 1973 singulorum,
2624 1882 2740 1948 ‘sed

539 2033 622 2078 ne
651 2013 912 2077 urbium
943 2010 1209 2095 quidem
1255 2004 1600 2093 pervenire
1627 2006 1850 2085 queat.
1929 2001 2166 2066 AEtate
2195 1993 2488 2075 denique
2520 1984 2741 2051 Marci

605 2209 628 2241 ‘1
665 2200 785 2255 Quoe
805 2197 1045 2247 habitetur
1063 2196 1204 2247 abiis
1223 2194 1520 2256 animalibus,
1552 2206 1657 2256 quoe
1678 2206 1707 2239 a
1726 2189 1860 2239 nobis
1879 2189 2238 2251 cognoscantur-.-
2445 2185 2468 2210 f
2500 2169 2742 2225 Por-timii.

542 2272 564 2300 ⁸
591 2265 717 2320 Loca
737 2266 920 2314 deserta
939 2267 1124 2326 patent.

1468 2348 1819 2373 OOOOOOOOOOOO

541 2437 705 2494 nobi-9.
722 2441 865 2493 vict.
888 2439 1170 2492 secundus:
1208 2455 1311 2504 quoe
1341 2438 1479 2517 nobis⁴
1499 2436 1709 2501 cognitis
1737 2434 1797 2485 ab
1826 2430 2258 2483 animumne—19
2290 2426 2527 2490 Uterque
2547 2418 2745 2470 Thuan.

1530 2569 1747 2622 NOTAE

543 2687 727 2751 puncti
742 2702 798 2737 se
822 2686 1052 2750 habebit,
1083 2684 1228 2751 cujus
1248 2685 1490 2735 diametri
1511 2684 1607 2734 im·
1752 2681 1765 2714 ¹
1798 2681 1965 2744 Hujus
1994 2713 2153 2731 .....
2186 2675 2398 2740 regionis
2439 2673 2613 2735 quarta
2633 2667 2749 2729 Ῑθῐθ

543 2772 703 2814 motae·
722 2771 944 2827 utraque
967 2763 1271 2811 extremitas
1295 2768 1353 2810 et¹
1381 2760 1606 2808 medinm
1682 2758 1865 2824 portio]
1905 2755 2116 2807 Deinde
2156 2752 2390 2819 quamvis
2433 2750 2534 2797 iste
2589 2752 2747 2795 terrae

544 2840 610 2889 ab
633 2853 736 2889 uno
755 2839 990 2889 extranei
1011 2838 1227 2889 alterius
1251 2838 1391 2901 globi
1411 2843 1607 2900 puncto
1688 2843 1746 2886 et
1790 2849 1940 2899 aqnae
1983 2831 2165 2897 globus
2203 2830 2282 2878 ita
2319 2827 2537 2889 exiguus
2571 2822 2659 2885 sit,
2693 2827 2753 2870 nt

540 2914 817 2980 equaliter
834 2915 1127 2964 distabunt:
1153 2916 1252 2963 iste
1276 2915 1471 2977 quippe
1498 2912 1606 2975 glo-

543 2993 639 3042 bus
658 2992 876 3056 simplex
893 2991 1156 3045 videbitur
1171 2997 1225 3040 et
1242 2991 1610 3052 cujuscumque

543 3069 708 3131 partis
728 3082 934 3131 expers.
970 3066 1134 3131 Atqui
1153 3065 1439 3128 praedictus
1455 3071 1609 3112 terrae

541 3156 602 3198 et
632 3163 780 3212 aqnae
805 3147 990 3211 globus
1013 3160 1126 3194 cum
1154 3144 1408 3208 praedieto
1433 3144 1610 3193 stella·

543 3236 657 3273 rum
681 3224 899 3273 fixarum
933 3222 1062 3272 orbe
1101 3227 1434 3285 comparatus
1457 3221 1532 3271 ita
1552 3236 1609 3270 se

543 3300 789 3350 habebit:
826 3300 1002 3364 cogita
1022 3298 1162 3349 enim
1186 3299 1494 3348 diametrum
1517 3297 1609 3346 hu·

535 3377 623 3440 jus
641 3379 905 3426 terrestris
931 3375 1089 3440 globi,
1122 3390 1234 3441 quae
1257 3391 1286 3424 a
1310 3375 1498 3424 nostris
1522 3388 1611 3437 pe-

545 3453 696 3502 dibus
735 3453 802 3502 ad
843 3451 1118 3516 antipodas
1152 3465 1244 3513 per
1263 3457 1498 3499 centrum
1522 3448 1611 3499 du-

547 3536 713 3591 catur,
759 3543 863 3592 quo
920 3527 1092 3590 spatio
1146 3525 1535 3575 observabimus
1581 3539 1613 3573 a

546 3607 754 3667 nostris,
771 3605 956 3654 eodem
969 3600 1321 3651 observabunt
1335 3600 1612 3664 antipodes

547 3697 578 3730 a
600 3683 706 3732 suis
729 3681 951 3746 pedibus
973 3679 1167 3729 distare
1190 3679 1369 3728 stellas
1395 3677 1545 3738 fixas,
1560 3683 1615 3727 et

547 3757 755 3819 utrique
778 3754 1064 3804 videbimus
1103 3753 1251 3816 hujus
1275 3753 1390 3803 coeli
1423 3752 1623 3811 medie<

549 3840 736 3891 tatem,
756 3845 858 3879 non
881 3845 1029 3879 secus
1047 3845 1109 3879 ac
1127 3830 1170 3878 si
1193 3832 1243 3879 in
1267 3839 1447 3880 centro
1472 3829 1614 3879 orbis

551 3917 802 3957 terrarum
828 3920 1170 3955 versaremur.
1221 3907 1515 3969 Propterea
1536 3905 1618 3954 Ci-

555 3997 676 4032 cero
698 3983 732 4032 l.
756 3997 797 4032 1.
816 3983 975 4032 Tuae.
1008 3981 1025 4009 ‘
1050 3980 1405 4045 persuadent‚'
1431 3981 1620 4044 inquit,

552 4063 568 4089 ‘
593 4060 953 4109 Mathematici
973 4067 1165 4108 terram
1180 4059 1231 4108 in
1250 4059 1422 4108 medio
1435 4059 1615 4108 mundi

553 4138 707 4187 sitam
744 4136 809 4186 ad
850 4139 1072 4187 universi
1117 4138 1232 4188 coeli
1264 4137 1615 4200 complexum,

554 4214 702 4279 quasi
749 4216 929 4278 puncti
966 4215 1129 4264 instar
1172 4214 1429 4274 obtinere,
1477 4209 1615 4275 quod

555 4289 745 4355 κέντρον
765 4292 837 4341 illi
862 4291 1083 4342 vocant.’

1692 2911 1873 2977 puncti
1921 2909 2179 2959 rationem
2232 2903 2448 2966 habeat,
2488 2901 2753 2963 integrum

1691 2996 1863 3036 tamen
1885 2983 2025 3034 fama
2047 2998 2151 3033 non
2171 2986 2348 3047 potest
2365 2988 2652 3040 occupare:
2689 2974 2756 3022 si-

1693 3063 1902 3127 quidem
1937 3075 2039 3110 non
2066 3059 2236 3124 major
2255 3071 2409 3123 quam
2431 3058 2618 3117 quarta
2642 3050 2755 3114 ejus

1692 3141 1889 3206 portio,
1921 3139 2213 3200 Ptolemaejo
2251 3132 2530 3198 probante,
2563 3130 2632 3179 ab
2671 3129 2757 3190 iis,

1691 3232 1807 3282 quae
1845 3231 1878 3266 a
1918 3215 2065 3265 nobis
2097 3217 2500 3277 cognoscantur,
2522 3205 2758 3255 animali-

1690 3293 1788 3344 bus
1812 3290 2165 3352 terrestribus,
2198 3284 2486 3337 hominibus
2510 3280 2765 3330 videlicet

1693 3374 1750 3419 et
1787 3367 1969 3418 bestiis
2006 3364 2269 3416 incolitur.
2357 3359 2467 3408 Aut
2515 3358 2559 3405 si
2592 3355 2764 3418 major

1692 3460 1850 3511 quam
1873 3450 2060 3509 quarta
2083 3455 2204 3504 pars
2228 3437 2377 3502 hujus
2400 3433 2541 3486 orbis
2565 3431 2765 3482 incola-

1696 3530 1803 3583 tur,
1825 3526 1885 3570 nt
1905 3518 2080 3569 nautis
2115 3515 2318 3580 longius
2354 3512 2522 3562 indies
2546 3521 2767 3573 progre-

1696 3602 1957 3653 dientibus
1980 3612 2129 3649 novae
2169 3603 2323 3644 terrae
2343 3586 2656 3641 habitabiles
2682 3585 2771 3633 de-

1698 3677 2117 3745 prehenduntur3
2139 3674 2252 3723 haec
2272 3679 2447 3721 tamen
2464 3667 2642 3732 portio
2659 3677 2768 3713 non

1698 3755 1888 3805 desinit
1909 3753 2118 3803 minima
2134 3748 2317 3800 haberi
2335 3763 2350 3796 ι
2383 3759 2501 3795 nam
2681 3782 2686 3785 ,

1762 3838 1798 3863 ¹¹¹
1832 3829 1988 3891 Huic,
2011 3861 2025 3878 .
2049 3858 2063 3875 .
2090 3859 2104 3876 .
2127 3827 2172 3875 si
2204 3827 2430 3888 quantum
2455 3819 2640 3877 ‘mar-ia,
2656 3814 2770 3879 ξω]

1700 3908 1973 3957 Praeterea
1994 3918 2117 3968 pars
2141 3903 2232 3952 illa
2275 3913 2375 3948 non
2420 3900 2598 3960 potest
2632 3893 2771 3943 inte-

1702 3998 1793 4047 gra
1823 3982 1889 4031 ab
1927 3978 2217 4028 horninibus
2248 3973 2435 4025 incoli:
2474 3975 2598 4020 sunt
2630 3971 2770 4018 enim

1696 4059 1770 4108 ibi
1787 4057 1950 4107 maria
1968 4056 2151 4119 plura3
2185 4056 2307 4101 sunt
2328 4050 2506 4114 plures
2524 4043 2779 4110 paludem

1698 4141 1819 4186 snm
1839 4135 1989 4197 plura
2011 4132 2129 4181 loca
2149 4130 2375 4179 deserta.

1762 4219 1786 4244 ¹¹
1822 4210 1933 4260 Hoc
1970 4244 1985 4259 .
2007 4241 2021 4256 .
2043 4245 2056 4258 .
2088 4244 2101 4259 .
2138 4211 2323 4269 septum
2360 4206 2521 4268 plures
2557 4201 2769 4252 incolunt

1701 4287 1930 4349 nationes,
1947 4284 2055 4349 εμπ]
2071 4282 2230 4334 Adde
2251 4280 2389 4347 quod
2408 4278 2766 4330 brevissimum
