3049 4928
476 391 608 459 268

479 556 838 639 suffecerit3
870 575 1072 642 quam
1090 554 1151 621 si
1173 553 1656 643 perspicaciter
1670 563 1699 610 ⁹
1718 563 1747 616 9
1773 555 2173 635 intuearis,¹0
2199 554 2370 622 ordo
2387 561 2498 622 est
2516 555 2701 622 dein-

481 681 669 747 cepS,
702 681 859 745 quae
891 660 982 726 sit
1011 680 1174 726 vera
1200 665 1598 726 monstrare.
1686 658 1903 745 Atqui
1943 660 2171 741 video,
2217 660 2549 745 inquam,·
2579 681 2701 727 nec

477 766 726 849 opibus
755 764 1249 846 sufficientiam,
1277 786 1402 832 nec
1425 766 1651 848 regnis
1673 764 2075 849 potentiam,
2105 784 2237 832 nec
2260 766 2702 832 reverentiam

475 868 937 953 dignitatibuS,
970 888 1096 934 nec
1129 871 1580 938 celebritatem
1609 868 1897 953 gloria‚¹¹
1943 890 2069 936 nec
2120 870 2433 940 laetitiam
2466 871 2703 953 volup-

475 975 733 1041 tatibus
763 993 965 1058 posse
995 974 1400 1057 contingere.
1491 971 1606 1038 An
1635 972 1840 1038 etiam
1868 992 2112 1038 causas
2166 993 2287 1038 cur
2340 972 2410 1036 id
2443 973 2540 1038 ita
2593 973 2704 1051 sit,

472 1077 1015 1164 deprehendisti?
1038 1089 1061 1115 ⁰
1088 1084 1139 1116 ¹²
1183 1077 1406 1143 Tenui
1430 1077 1709 1163 quidem
1729 1076 1948 1144 veluti
1969 1076 2259 1144 rimula?
2286 1075 2453 1142 mihi
2474 1076 2708 1142 videor

473 1184 764 1250 intueri:
809 1182 932 1248 sed
963 1203 1053 1248 ex
1101 1190 1167 1249 te
1190 1193 1219 1233 ⁹
1276 1202 1691 1268 cognoscere
1744 1183 2046 1268 apertius
2092 1181 2398 1246 malim.¹³
2491 1179 2706 1266 Atqui

477 1287 941 1372 promtissima
970 1289 1145 1355 ratio
1191 1294 1341 1355 est!
1430 1286 1640 1368 Quod
1694 1288 1873 1353 enim
1921 1286 2211 1371 simplex
2267 1293 2421 1364 est‚¹²
2463 1285 2707 1350 indivi-

477 1412 767 1478 sumque
824 1401 1085 1473 natura,
1118 1393 1191 1458 id
1221 1412 1404 1459 error
1431 1393 1771 1458 humanus
1800 1396 2092 1476 separat,
2126 1397 2199 1455 et
2229 1410 2272 1455 a
2301 1409 2460 1456 vero
2500 1396 2707 1475 atque

471 1497 809 1584 perfecto,
840 1497 928 1563 ad
957 1497 1209 1562 falsum
1258 1496 1857 1583 imperfectumque
1883 1492 2198 1560 traducit.
2289 1492 2401 1559 An
2429 1501 2507 1559 tu
2531 1495 2707 1564 arbi-

476 1602 695 1682 trariS,
728 1601 912 1688 quod
951 1602 1158 1668 nihilo
1206 1600 1533 1686 indigeat,
1587 1621 1785 1684 egere
1837 1600 2203 1684 potentia?
2255 1597 2558 1677 Minime,
2606 1599 2705 1665 in-

471 1717 723 1790 quam.’
807 1704 1028 1771 Recte
1059 1709 1135 1769 tu
1167 1704 1483 1788 quidem:
1508 1712 1529 1744 ¹
1571 1724 1735 1770 nam
1768 1705 1829 1770 si
1860 1703 2024 1788 quid
2070 1710 2185 1768 est
2229 1704 2411 1787 quod
2463 1705 2534 1770 in
2565 1705 2706 1769 ulla

472 1827 546 1874 re
575 1808 1041 1875 imbecillioris
1076 1807 1445 1873 valentiae*
1491 1808 1606 1887 sit,
1651 1807 1722 1871 in
1766 1808 1891 1873 hac
1921 1806 2244 1891 praesidio
2269 1827 2549 1873 necesse
2600 1813 2708 1874 est

473 1920 668 1996 egeat
719 1913 969 1979 alieno·
1078 1911 1194 1982 Ita
1250 1920 1381 1991 est,
1433 1912 1767 1997 inquam?
1853 1912 2067 1996 Igitur
2125 1909 2552 1978 sufficientiae
2585 1933 2706 1998 po-

466 2007 837 2102 tentiaeque
863 2037 1001 2082 una
1044 2022 1153 2084 est
1196 2018 1575 2102 eademque
1606 2026 1871 2084 natura.
1962 2017 2079 2082 Sic
2120 2003 2401 2082 videtur.
2494 2015 2705 2096 Quod

483 2141 641 2188 vero
670 2119 1069 2207 hujusmodi
1101 2121 1214 2202 sit,
1266 2124 1797 2209 spernendumne
1824 2141 1978 2188 esse
2022 2140 2286 2200 censes»,
2330 2141 2419 2187 an
2468 2129 2710 2188 contra

470 2245 691 2292 rerum
720 2224 1023 2290 omnium
1055 2227 1491 2293 veneratione
1526 2227 1994 2312 dignissimum
2026 2226 2056 2290 ‘l
2102 2222 2199 2292 At
2216 2226 2370 2305 hoc,
2401 2226 2705 2313 inquam,

1184 403 1493 455 norrun
1547 403 1643 458 nn
1688 403 2001 472 consor„

539 2441 568 2468 ⁸
603 2435 710 2499 Ego
739 2436 985 2491 Boethius.

601 2501 703 2552 his.

588 2566 770 2621 inuti-5.

1114 2439 1269 2505 ‘Inq
1271 2440 1343 2491 uit
1364 2439 1690 2505 Philosophia.

953 2455 1408 2570 quitPsiwsophia.
1563 2508 1733 2570 'Ego
1754 2506 2011 2558 Boethius.

953 2510 1119 2635 g”uligo
1142 2572 1396 2624 Boethius.

1409 2687 1438 2708 θ

1819 2448 1849 2482 Ρ
1888 2439 2051 2505 Inquit
2080 2438 2325 2490 Boethius.
2457 2446 2481 2481 ‘1
2520 2438 2567 2486 0
2595 2435 2711 2487 Phi*-

2144 2508 2160 2539 ‘
2196 2504 2361 2571 lnquit
2380 2504 2708 2569 Philosophia,

536 2783 570 2830 9
591 2780 805 2835 ‘Meus.
828 2784 875 2836 si
890 2785 1159 2838 veraciter!
1191 2788 1436 2839 Bernart.
1443 2791 1570 2837 —10
1596 2785 1816 2836 Intueris
1833 2784 1971 2850 Deip
1974 2786 2027 2836 h.
2052 2792 2108 2836 et
2128 2785 2278 2836 Hack
2285 2789 2429 2836 .--11
2456 2783 2705 2835 ιΜιιῐὶιιιε

471 2846 738 2899 celebritati
772 2852 1023 2913 gloriam!
1060 2855 1304 2904 Bernart.
1308 2857 1437 2905 —12
1470 2853 1576 2903 Ms.
1613 2852 1871 2903 Ritus-‚ah
1905 2856 1985 2901 An
2020 2851 2169 2901 etium
2200 2867 2385 2914 causas,
2418 2866 2506 2900 cur
2526 2851 2603 2900 ita
2622 2850 2707 2911 sit,

470 2913 707 2977 depe—13
743 2917 920 2968 Malim
960 2921 1177 2984 apertius
1218 2920 1406 2985 Delph·
1445 2918 1620 2970 Hack.
1622 2923 1752 2969 -14
1792 2918 1924 2975 Quid
1956 2916 2152 2981 igitur?
2196 2917 2314 2968 edd.
2354 2917 2574 2969 eoedem.
2577 2885 2707 2966 -15'

1477 3068 1692 3120 NOTAE

537 3185 562 3212 ⁰
586 3179 963 3246 Perspicacieer]
1019 3181 1104 3234 An
1154 3199 1257 3235 vox
1302 3185 1406 3235 ista
1449 3185 1552 3236 La·
1635 3185 1819 3252 figura,
1840 3185 2005 3250 quies,
2025 3191 2082 3235 et
2099 3187 2270 3235 motus
2292 3188 2413 3235 sunt
2428 3182 2572 3234 modi
2594 3198 2708 3235 cor-

472 3257 589 3308 tina
605 3259 721 3308 est?
748 3258 998 3324 dicerem,
1012 3261 1275 3326 perspicue,
1290 3261 1550 3313 evidenter.
1635 3263 1797 3329 poris,
1814 3263 1953 3330 quod
1969 3277 2069 3328 neq
2078 3277 2140 3311 ue
2155 3258 2341 3329 figura,
2358 3274 2529 3326 neque
2545 3262 2712 3327 quies,

538 3345 565 3379 Ρ
592 3338 732 3395 Quod
742 3340 1076 3405 minsimplex
1086 3347 1177 3407 est,
1201 3342 1310 3407 mu]
1345 3357 1405 3394 ιι.
1426 3344 1550 3394 Phi·
1633 3355 1802 3406 neque
1827 3345 1996 3390 motus
2030 3338 2192 3404 possit
2212 3340 2351 3388 clare
2374 3345 2431 3389 et
2457 3338 2711 3389 distincte

471 3414 711 3481 Iosophia
726 3417 992 3483 proponit,
1006 3420 1549 3485 copiam,potentiam‚
1629 3419 1873 3485 cogitari,
1905 3433 2008 3469 non
2042 3417 2278 3482 cogitato
2312 3431 2555 3480 corpore.
2624 3417 2711 3467 Sic

471 3505 528 3548 et
548 3504 728 3549 cetera
745 3500 999 3565 ejusmodi
1022 3515 1137 3551 esse
1157 3502 1342 3553 modos
1364 3502 1550 3554 summi

470 3576 612 3641 boni,
634 3592 736 3627 non
761 3584 960 3642 partes,
984 3584 1042 3628 ut
1072 3579 1229 3644 vulgo
1264 3586 1547 3646 putantur:

473 3668 637 3718 quare
682 3662 741 3705 ut
785 3654 901 3704 haec
940 3661 998 3705 et
1040 3658 1314 3721 sequentia
1357 3657 1548 3707 intelli-

472 3738 682 3796 gantur,
714 3726 1239 3783 animadvertendum
1267 3734 1549 3785 discrimen

474 3808 614 3874 quod
655 3809 890 3859 occurrit
919 3807 1061 3859 inter
1094 3817 1319 3875 partem,
1351 3818 1406 3862 et
1440 3826 1549 3862 mo-

473 3885 615 3935 dum.
680 3885 746 3935 In
770 3884 868 3936 boc
900 3892 1079 3937 autem
1112 3884 1378 3952 differunt,
1404 3890 1547 3954 qnod

474 3976 599 4027 pars
641 3962 823 4027 possit,
857 3963 1041 4015 modus
1073 3979 1176 4016 non
1218 3968 1410 4032 possit,
1454 3982 1550 4019 sua

475 4055 708 4090 seorsum
727 4040 847 4092 idea
868 4042 1011 4092 clare
1045 4048 1101 4092 et
1133 4042 1381 4094 distincte
1404 4044 1548 4109 cogi-

473 4118 596 4169 tari.
662 4117 752 4169 Sic
768 4133 915 4169 mens
934 4124 992 4169 et
1008 4134 1197 4185 corpus
1218 4127 1343 4171 sunt
1368 4127 1549 4185 partes

470 4195 719 4261 hominis,
737 4198 878 4262 quod
911 4212 1057 4249 mens
1090 4197 1203 4257 sine
1224 4211 1471 4263 corpore,
1490 4205 1550 4250 et

474 4288 667 4340 corpus
686 4274 799 4325 sine
818 4279 1015 4340 mente,
1028 4289 1121 4325 sua
1138 4275 1411 4340 quodlibet
1427 4275 1549 4327 idea

473 4354 614 4426 clare
636 4361 692 4406 et
715 4354 968 4408 distincte
991 4353 1212 4419 cogitari
1235 4353 1420 4422 possit.
1453 4353 1543 4406 Sic

1632 3498 1789 3549 etiam
1809 3496 1960 3547 notio
1980 3502 2036 3545 et
2058 3495 2317 3555 voluntas,
2331 3509 2560 3559 quarum
2583 3510 2706 3546 neu·

1633 3581 1716 3627 tra
1740 3579 1935 3640 potest,
1957 3586 2060 3622 non
2095 3572 2327 3636 cogitata
2349 3579 2541 3633 mente,
2564 3573 2707 3623 clare

1632 3660 1690 3703 et
1712 3652 1961 3703 distincte
1982 3649 2223 3715 cogitari,
2258 3656 2379 3699 sunt
2402 3648 2542 3699 modi
2565 3664 2705 3700 men-

1631 3731 1716 3781 tis.
1785 3727 1949 3794 Atqui
1979 3727 2240 3792 proedicta
2269 3725 2427 3789 bona,
2468 3740 2590 3792 quse
2623 3728 2709 3777 bo-

1629 3807 1793 3857 mines
1807 3806 1941 3856 falsa
1957 3806 2272 3856 assumtione
2294 3804 2534 3855 tribuunt
2551 3806 2706 3856 rebus

1630 3883 1843 3948 creatis,
1888 3897 1993 3933 non
2037 3887 2257 3948 possunt
2298 3883 2443 3932 clare
2499 3888 2557 3932 et
2602 3883 2703 3933 dis-

1629 3963 1800 4014 tincte
1823 3961 2048 4026 cogitari
2072 3975 2175 4012 non
2198 3961 2430 4025 cogitata
2451 3962 2628 4028 aliqua
2648 3978 2706 4014 re

1629 4041 1909 4108 superiori,
1929 4040 2181 4093 videlicet
2212 4043 2353 4104 Deo,
2374 4048 2435 4093 ut
2468 4056 2704 4093 seorsum

1625 4120 1965 4186 Philosophia
1983 4119 2193 4185 prebat,
2209 4126 2265 4170 et
2280 4118 2491 4185 quidem
2508 4121 2587 4171 ita
2599 4121 2703 4171 evi-

1629 4197 1845 4262 denter,
1865 4204 1926 4249 ut
1958 4198 2103 4248 nulls
2134 4197 2238 4249 alia
2267 4197 2706 4263 interpretatione

1627 4274 1871 4331 videatur
1893 4274 2152 4341 indigere.
2680 4299 2688 4305 ·
