3049 4928
937 440 1456 491 mansorum
1511 444 1655 498 mn.
1703 443 1814 492 111.
2353 433 2485 502 253

296 602 481 669 quam
507 584 986 669 pertimescunt
1018 587 1378 653 habentes:
1423 609 1626 672 quam
1667 609 1791 654 nec
1835 609 1987 654 cum
2018 590 2264 656 habere
2290 594 2482 670 velie,

295 692 464 752 tutus
494 688 616 766 sie,
651 696 721 753 et
748 710 901 754 cum
938 690 1280 773 deponere
1298 694 1580 777 cupiere,
1605 693 1821 757 vitare
1849 714 1983 758 non
2013 695 2282 777 possis?
2369 694 2483 759 An

292 789 602 871 praesidio
634 797 789 854 sunt
817 793 1073 871 amici‚’⁸
1093 793 1110 827 ⁸
1151 813 1325 876 quos
1354 814 1492 859 non
1521 796 1759 872 virtuS,
1783 805 1786 806 ’
1810 795 1929 859 sed
1967 797 2232 861 fortuna
2258 798 2482 862 conci-

289 890 446 955 liat?
536 892 672 956 Sed
703 912 901 976 quem
929 895 1219 960 felicitas
1251 898 1544 961 amicum
1574 897 1786 975 fecit‚⁰
1816 898 2250 966 infortunium
2279 900 2484 965 faciet

285 994 641 1060 inimicum.
717 994 890 1075 Quae
911 1018 1069 1062 vero
1094 1000 1308 1081 pestis
1338 1000 1676 1066 efficacior
1706 1000 1792 1066 ad
1820 1002 2252 1081 nocendum‚¹¹
2274 1024 2480 1087 quam

210 1141 213 1144 -
288 1095 629 1161 familiaris
658 1097 968 1163 inimicus
989 1101 1019 1163 ’ἒ

345 1284 371 1310 ¹⁸
402 1280 609 1330 Nomine
640 1286 792 1332 tenue.
921 1291 942 1316 ⁰
980 1283 1101 1333 Tibi.

1271 1366 1323 1414 N
1329 1365 1492 1416 OTAE

290 1466 485 1509 ruentes
501 1475 598 1511 sua
614 1461 761 1510 ruina
782 1461 1034 1512 Senecam
1054 1467 1111 1511 et
1125 1460 1337 1527 Papini-

289 1550 428 1585 anum
454 1546 870 1599 prostraverunt.

346 1612 362 1643 ⁸
387 1612 469 1662 Δπ
484 1615 713 1677 praes-idio
730 1619 842 1666 aunt
873 1614 1036 1678 amici,
1065 1612 1174 1678 ᾅτέ]
1198 1611 1340 1663 Ami-

289 1701 453 1738 corum
471 1689 670 1755 duplex
693 1704 852 1753 genus
875 1691 956 1739 hic
991 1698 1218 1751 notatur,
1243 1703 1339 1752 pro

290 1766 471 1829 duplici
509 1768 752 1816 nimirum
781 1767 954 1829 modo,
979 1781 1082 1830 quo
1117 1766 1248 1815 alius
1282 1771 1339 1815 et

291 1842 447 1891 aliena
485 1843 740 1893 aestimari
794 1844 1060 1908 amarique
1104 1849 1339 1907 possunt,

290 1920 471 1968 amicus
485 1919 695 1970 scilicet
712 1921 940 1982 virtutis,
956 1927 1009 1969 et
1021 1920 1216 1972 amicus
1238 1918 1340 1971 for·

290 2000 433 2044 tuna».
503 1996 660 2045 Prior
684 2005 862 2046 cetera
885 1996 1020 2046 bona
1041 1994 1190 2045 flocci
1213 1995 1340 2046 faci·

289 2085 370 2121 ens
386 2073 541 2122 solam
556 2075 805 2123 virtutem
819 2072 1031 2124 alterius
1049 2073 1273 2124 aestimat
1286 2080 1342 2124 et

290 2157 446 2199 amat:
481 2149 622 2198 unde
644 2150 729 2198 hic
749 2163 898 2215 aequo
931 2164 1138 2213 semper
1171 2150 1341 2201 animo

289 2233 363 2274 est
393 2240 515 2290 erga
542 2227 768 2276 amicum
812 2228 1009 2276 virtute
1042 2227 1341 2291 praeditum.

290 2301 547 2354 Posterior
563 2304 808 2353 virtutem
820 2302 968 2367 parvi
985 2302 1179 2354 ducens
1195 2314 1338 2354 cete-

291 2392 342 2427 ra
359 2394 467 2445 quae
491 2382 650 2445 vulgo
672 2380 931 2431 habentur
951 2381 1092 2431 bona
1114 2382 1340 2433 aestimat

1417 1467 1473 1510 et
1487 1466 1656 1510 amat:
1683 1460 2015 1525 quamobrem
2033 1460 2119 1511 hic
2136 1462 2481 1513 inconstantis

1419 1538 1584 1587 instar
1605 1537 1830 1587 fortunae
1856 1546 1937 1588 est
1958 1537 2199 1587 volubilis
2219 1554 2233 1588 ε
2269 1539 2400 1588 adeo
2422 1546 2483 1603 ut

1420 1615 1436 1642 ‘
1461 1628 1615 1679 quem
1634 1612 1860 1664 felicitas
1884 1614 2105 1664 amicum
2119 1612 2287 1677 fecit,’
2310 1614 2484 1665 eidem

1418 1692 1434 1719 ‘
1454 1689 1796 1740 infortunium
1811 1685 1970 1741 faciat
1984 1691 2242 1741 inimicum
2257 1690 2292 1741 :'
2316 1706 2483 1757 eoque

1419 1768 1583 1832 magis
1603 1776 1821 1818 noceat:

1483 1852 1508 1878 '¹
1545 1844 1667 1902 Qnae
1693 1860 1803 1894 vero
1817 1844 1968 1909 pestis
1988 1844 2217 1911 efficacior
2236 1846 2298 1894 ad
2318 1860 2484 1896 nocen-

1420 1919 1556 1983 dum]
1591 1922 1744 1973 Quod
1770 1921 1907 1971 enim
1942 1920 2213 1972 familiaris
2252 1923 2339 1984 sit,
2361 1921 2481 1973 hinc

1421 2000 1569 2048 novit
1587 1999 1809 2061 modum,
1830 2014 1931 2063 quo
1952 1999 2046 2049 tibi
2071 2014 2259 2049 nocere
2284 2001 2447 2063 possit
2465 2016 2484 2061 ;

1421 2075 1546 2125 inde
1579 2090 1703 2133 vero
1739 2084 1798 2126 tu
1834 2090 1936 2124 nou
1968 2074 2190 2139 eogitaS,
2229 2075 2487 2142 quomodo

1421 2151 1656 2217 ejusdem
1672 2152 1882 2202 insidias
1899 2153 2064 2202 vitare
2085 2154 2270 2216 possis.
2304 2154 2484 2217 Usque

1422 2229 1552 2292 udeo
1576 2227 1705 2278 falsa
1742 2236 1824 2279 est
1859 2230 2127 2291 assumtio,
2171 2244 2272 2294 qua
2308 2237 2480 2293 putas,

1419 2322 1632 2371 regnum
1648 2308 1951 2372 Regumque
1974 2304 2379 2356 familiaritatem
2395 2307 2482 2356 ha·

1419 2385 1544 2435 bere
1569 2385 1826 2434 rationem
1846 2383 2029 2433 summi
2054 2383 2201 2433 boni:
2239 2396 2465 2447 quare-

1070 2813 1523 2880 METRUM
1574 2810 1662 2877 V.

799 2968 951 3049 QUI
984 2988 1059 3033 se
1089 2967 1269 3032 volet
1299 2986 1451 3032 esse
1479 2970 1876 3050 potenten1‚*

795 3085 1083 3153 Animos
1114 3088 1344 3153 domet
1371 3088 1490 3152 ille
1516 3089 1843 3164 feroceS,w

324 3318 329 3322 ,
353 3255 638 3320 Quicumque
673 3255 802 3319 cupit
824 3255 988 3305 haberi
1005 3260 1184 3328 potens,
1217 3255 1294 3304 hic
1329 3254 1519 3318 subigat
1540 3269 1646 3304 suos
1666 3253 1865 3318 spiritns
1884 3257 2191 3316 contumaces,
2210 3266 2353 3317 neque
2373 3251 2479 3302 sub*

1276 3368 1493 3420 No'rAE

314 3471 368 3501 ..v
401 3466 496 3521 Qua·
514 3482 567 3517 se
585 3467 711 3517 volet
734 3482 829 3517 erse
848 3467 1109 3533 potentem]
1142 3468 1338 3519 Praeci-

292 3553 386 3601 pua
398 3545 473 3592 sui
502 3551 676 3608 parte,
694 3545 934 3595 nimirum
950 3552 1142 3607 mente,
1156 3543 1338 3593 haberi

1420 3482 1572 3533 quam
1597 3467 1839 3518 subtilior
1866 3463 2127 3529 sanguinis
2163 3477 2324 3527 vapor
2343 3473 2373 3512 e
2395 3476 2482 3512 ce-

1421 3545 1578 3595 rebro
1617 3559 1714 3608 per
1750 3557 1958 3605 nervos,
1993 3557 2096 3607 qua
2140 3540 2265 3589 data
2307 3546 2483 3604 porta,

292 3626 569 3679 potentem.
1032 3656 1033 3659 ,
1218 3654 1224 3660 -

302 3727 309 3731 ·
350 3701 379 3726 '⁷
407 3695 607 3747 Animos
628 3699 783 3747 domet
804 3696 1099 3760 illeseroces]
1120 3695 1336 3747 Animus

292 3768 449 3830 prima
467 3771 848 3835 significatione
887 3781 1072 3822 ventus
1108 3779 1213 3834 eat,
1236 3786 1338 3821 non

292 3858 428 3895 secus
450 3863 513 3897 ac
536 3849 727 3899 Graeca
762 3864 860 3899 vox
895 3847 1078 3911 ἄνεμος,
1107 3848 1242 3898 unde
1265 3849 1340 3898 vi-

294 3920 437 3975 detur
479 3926 622 3976 oriri.
688 3927 866 3978 Quare
910 3926 1341 3991 quemadmodum

297 4005 488 4063 ventus,
527 4009 784 4066 quatenus
822 4003 909 4052 hic
944 4019 983 4052 -a
1022 4009 1341 4066 tempestate

296 4067 621 4137 differt,nihil
659 4079 800 4128 aliud
843 4087 946 4142 est,
984 4093 1136 4144 quam
1170 4078 1340 4127 tenuis

295 4160 431 4211 aqnae
448 4166 614 4217 vapor
632 4153 734 4204 huc
770 4155 1015 4220 illucque,
1049 4168 1154 4218 qua
1178 4153 1342 4203 minus

296 4223 559 4289 resistitur,
611 4227 943 4290 discurrens;
1009 4229 1086 4279 ita
1142 4229 1344 4278 animus

299 4299 454 4360 prima
491 4302 868 4369 significatione
908 4306 1034 4357 nihil
1065 4313 1148 4356 est
1181 4304 1343 4369 aliud,

1420 3634 1741 3682 egressurus.
1805 3618 1891 3667 Sic
1913 3618 2061 3680 Virg.
2097 3630 2136 3665 1.
2172 3615 2369 3678 Geor-g.
2406 3629 2485 3664 vs.

1419 3699 1535 3746 420.
1602 3697 1618 3724 ‘
1633 3698 1926 3747 vertuntur
1948 3693 2151 3756 species
2172 3693 2479 3753 animorum,

1421 3779 1478 3821 et
1510 3780 1724 3836 pectora
1745 3777 1918 3821 motus
1959 3771 2115 3820 Nunc
2154 3769 2302 3828 alios,
2336 3767 2485 3830 alios,

1420 3847 1543 3897 dum
1565 3849 1745 3898 nubila
1779 3852 1968 3896 ventus
2003 3845 2211 3909 agebat,
2244 3843 2486 3908 Concipi-

1420 3924 1558 3975 unt.'
1629 3925 1701 3974 Et
1718 3924 1915 3987 Georg.
1941 3935 2021 3972 1v.
2045 3936 2119 3970 vs.
2142 3925 2224 3971 86.
2247 3921 2262 3948 ‘
2288 3920 2358 3968 Hi
2375 3933 2482 3969 mo·

1423 4005 1507 4050 tus
1536 3999 1823 4048 animorum
1850 4005 2009 4061 atque
2046 3996 2159 4046 haec
2194 3995 2483 4045 certamina

1421 4080 1571 4125 tanta
1594 4074 1838 4123 Pulveris
1860 4072 2035 4137 exigui
2050 4073 2204 4136 jactu
2223 4083 2484 4133 compres-

1423 4166 1481 4201 sa
1512 4148 1823 4217 quiescent!
1889 4150 1973 4199 Sic
2011 4150 2168 4199 etiam
2213 4159 2350 4195 nunc
2391 4158 2483 4208 po·

1423 4229 1592 4277 tentia
1623 4227 1815 4277 dicitur
1849 4225 2043 4275 versari
2083 4225 2137 4273 in
2172 4220 2350 4272 animis
2390 4220 2481 4268 do·

1422 4304 1624 4356 mandis
1646 4320 1661 4354 z
1697 4304 1835 4370 quod
1861 4302 2099 4352 nimirum
2122 4299 2275 4349 Meus
2305 4303 2484 4347 nostra
