3049 4928
980 388 1504 440 rfflLOSOPmAE
1557 391 1703 443 Lm.
1751 392 1864 444 111.

745 531 1018 602 Liberat
1046 542 1251 600 arvass
1293 534 1479 619 prius
1506 535 1890 613 fruticibu8‚

747 632 959 700 Falce
986 638 1216 713 ruboS‚
1245 636 1628 721 filicemque
1657 645 1969 716 resecat‚⁹

747 735 843 801 Ut
871 758 1056 803 nova
1082 739 1270 822 fruge
1298 742 1519 823 gravis
1550 740 1758 833 Ceres
1789 739 1954 808 eat.¹¹

747 839 1031 906 Dulcior
1058 848 1164 908 est
1184 844 1415 926 apium
1439 851 1491 882 ¹0
1533 863 1728 927 mage
1755 841 1987 919 labor,i
2467 844 2514 907 5

744 941 824 1005 Si
850 944 1070 1010 malus
1099 965 1221 1011 ora
1250 946 1444 1029 prius
1473 966 1683 1030 sapor
1713 946 1755 989 ³⁸*
1786 946 1996 1014 edat}

742 1042 1022 1111 Gratius
1053 1051 1238 1113 astra
1267 1045 1512 1126 nitent,¹
1557 1050 1676 1113 ubi
1708 1048 1932 1113 Notus

741 1146 1017 1214 Desinit
1043 1149 1415 1216 imbriferos
1444 1151 1605 1218 dare
1637 1169 1866 1217 sonos.

315 1336 393 1398 tis,
413 1335 728 1402 rescinditque
758 1340 890 1400 falce
925 1343 1088 1407 spinas
1126 1348 1175 1394 et
1193 1343 1394 1410 filicem,
1431 1350 1486 1393 ut
1526 1346 1672 1395 Ceres
1692 1360 1853 1395 recens
1879 1345 2118 1410 procedat,
2140 1348 2307 1394 onusta
2327 1343 2512 1405 fractu.

317 1400 416 1449 Met
448 1418 564 1465 opus
595 1420 736 1467 opum
769 1407 957 1456 videtur
991 1410 1137 1458 multo
1175 1409 1399 1468 suavius,-
1429 1410 1475 1457 si
1493 1411 1709 1474 palatum
1733 1415 1842 1459 unte
1862 1410 2100 1459 imbuatur·
2119 1424 2281 1472 sapore
2300 1409 2510 1470 ingrato.

313 1463 477 1516 Sidera
485 1466 688 1531 fulgent
710 1471 988 1537 jucundius,
1009 1489 1119 1523 cum
1141 1474 1301 1523 Notus
1330 1478 1500 1523 ventus
1530 1474 1818 1524 meridianus
1848 1480 1996 1524 cessat
2018 1476 2153 1524 edere
2162 1473 2385 1537 fragores
2402 1476 2509 1537 plu-

292 1628 295 1632 *
371 1648 404 1693 9
432 1646 536 1697 Ms.
562 1647 816 1702 Rittersh.
836 1648 1115 1716 felicemque
1148 1657 1474 1703 resecate-10
1505 1653 1705 1703 Thuan.
1729 1652 2006 1715 secundus,
2029 1659 2086 1702 et
2108 1653 2238 1716 Reg.
2257 1665 2416 1716 upum.

1302 1781 1517 1836 No'rAE

308 1871 483 1925 (ierim.
547 1876 639 1927 Sic
658 1878 799 1940 gula,
831 1892 984 1943 quam
1005 1880 1133 1929 uuili
1155 1894 1368 1943 sapores

309 1961 824 2017 preoccupaverunt,
843 1956 860 1985 ⁸
875 1955 1125 2018 ingenua’
1148 1963 1370 2006 vocatur

308 2024 535 2078 Martiali
565 2030 752 2094 Epigr.
775 2031 810 2082 1.
830 2044 910 2081 vl.
951 2032 1052 2096 Ep.
1093 2037 1171 2082 11.
1207 2033 1223 2062 ‘
1246 2033 1369 2082 Non

309 2104 469 2155 minus
504 2108 735 2171 ingenua
774 2114 857 2158 est
893 2114 951 2159 et
988 2109 1132 2174 mihi,
1168 2110 1369 2175 Marce,

310 2182 458 2246 guia!

366 2265 395 2300 ⁶
437 2258 642 2309 Liberat
684 2258 825 2323 aruo]
876 2260 894 2289 ⁶
917 2258 1151 2321 Arvum‚'
1199 2260 1371 2327 inquit

310 2331 504 2397 Festus,
535 2335 791 2385 ‘dicimus
828 2345 1008 2401 agrum
1043 2336 1268 2390 nondum
1288 2353 1371 2389 sa·

306 2411 468 2461 tumz'
510 2411 564 2461 in
608 2426 737 2476 agro
775 2419 951 2461 autem
987 2412 1214 2464 nondum
1252 2420 1370 2466 sato

308 2489 444 2538 nasci
463 2490 642 2539 solent
660 2487 788 2552 fiux,
807 2489 943 2553 rubi,
974 2496 1031 2540 et
1051 2489 1283 2555 frutices,
1311 2493 1371 2542 de

306 2564 586 2629 asangm,
601 2566 686 2614 des
698 2580 879 2630 rences,
898 2571 948 2616 et
968 2572 1122 2617 tontes
1141 2573 1293 2617 sortes
1313 2571 1372 2619 de

305 2639 631 2700 δνοωαίιιεες
649 2656 769 2706 quae
792 2648 1070 2707 propterea
1092 2642 1373 2694 resecanda

307 2727 445 2768 sunt.

364 2790 389 2826 ¹·
415 2794 485 2844 Ue
504 2809 632 2844 nova
641 2793 797 2857 fruge
812 2795 979 2858 gravis
1004 2796 1146 2846 Ceres
1163 2795 1266 2859 eat]
1298 2797 1373 2848 Ut

302 2875 441 2922 terra
462 2872 534 2922 sit
555 2870 820 2921 foecunda.
887 2873 1047 2922 Ceres
1070 2872 1207 2923 enim
1230 2878 1375 2922 terra

304 2940 403 3010 est,
438 2948 600 3014 quod,
641 2954 702 2997 ut
737 2961 914 2998 omnes
940 2949 1133 3011 sciunt,
1168 2946 1372 3012 frugum

303 3021 571 3074 inventrix
589 3024 812 3075 habetur
835 3031 891 3075 et
910 3026 1105 3075 nutrix.
1161 3026 1305 3088 virg.
1330 3040 1370 3077 1.

306 3097 462 3151 Geor.
503 3116 584 3151 vs.
623 3104 736 3151 147.
782 3102 994 3152 ‘Prima
1032 3101 1194 3151 Ceres
1231 3100 1370 3152 ferro

303 3177 550 3228 mortales
600 3184 807 3228 vertere
864 3185 1057 3228 terram
1111 3179 1369 3242 Instituit,

305 3265 417 3301 cum
430 3255 545 3317 jam
574 3254 788 3319 glandes
811 3260 969 3320 atque
998 3255 1186 3306 arbuta
1206 3270 1372 3305 secrae

305 3328 613 3382 Deficerent
635 3333 821 3396 syivae‚
853 3340 909 3382 et
933 3334 1124 3383 victum
1148 3332 1375 3384 Dodona

303 3407 560 3470 negaret!

368 3481 383 3515 ¹
416 3484 628 3534 Dulcior
648 3489 719 3535 est
740 3487 901 3551 apium
928 3502 1065 3550 mage
1099 3485 1256 3549 labor]
1311 3500 1375 3538 n.

304 3556 645 3626 Philosophia
691 3564 858 3612 utitur
907 3565 1149 3628 exemplo
1197 3565 1376 3629 palati,

307 3642 395 3685 ant
417 3638 711 3702 cujuslibet
733 3640 947 3690 alterius
969 3644 1149 3705 gustus
1172 3642 1376 3706 organi,

307 3706 390 3762 cui
414 3715 572 3766 dulce
597 3730 660 3766 eo
679 3717 837 3782 magis
854 3718 1215 3783 arridet,quod
1239 3734 1376 3769 ama·

304 3802 420 3840 rum
457 3795 789 3859 gustaverit:
823 3799 882 3844 ut
916 3795 1154 3844 nimirum
1190 3794 1377 3859 signifi·

308 3875 415 3930 cet,
438 3871 718 3920 veritatem
735 3870 917 3936 fugato
937 3887 1111 3923 errore
1128 3871 1244 3922 fieri
1265 3886 1378 3935 gra·

308 3943 516 3997 tiorem.
584 3948 689 3998 Hic
733 3942 907 3999 autem
945 3949 1132 3999 ‘labor
1174 3948 1377 4015 apium'

312 4031 394 4072 est
423 4026 562 4075 mel:
597 4041 720 4090 apes
759 4028 893 4076 enim
932 4026 1184 4091 liquentia
1223 4027 1378 4074 melia

315 4098 532 4163 stipant,
554 4109 768 4151 auctore
790 4103 1033 4166 Virgilio.
1081 4103 1199 4151 Non
1224 4101 1376 4150 modo

318 4171 509 4225 dicitur
540 4180 555 4205 ‘
574 4178 771 4241 apum3’
808 4178 900 4227 sed
926 4179 1084 4227 etiam
1118 4178 1325 4241 ‘apium
1343 4176 1377 4227 ι’

321 4252 735 4319 quandoquidem
759 4254 885 4304 illud
925 4263 1005 4305 est
1038 4269 1105 4304 ex
1135 4255 1232 4305 hoc
1256 4268 1378 4304 con-

1449 1886 1712 1931 tractum:
1748 1879 1822 1930 sic
1854 1879 2049 1930 dicitur
2076 1878 2425 1931 ‘Quiritium’
2458 1885 2515 1930 et

1446 1956 1465 1983 ‘
1489 1956 1757 2009 Quiritum
1781 1956 1815 2017 ς’
1864 1958 1881 1986 ‘
1906 1956 2223 2024 loquentium
2242 1953 2260 1978 ’
2295 1963 2351 2005 et
2399 1957 2416 1984 ‘
2441 1955 2515 2005 lo·

1450 2032 1735 2097 quentum.'
1798 2033 1901 2083 Sed
1921 2032 2071 2081 labor
2089 2034 2105 2060 ‘
2119 2046 2268 2096 mage
2288 2032 2489 2082 dulcior
2503 2035 2519 2058 ⁹

1449 2109 1631 2157 modus
1660 2114 1743 2159 est
1777 2108 2038 2174 loquendi,
2069 2123 2222 2173 quem
2244 2108 2515 2158 Gramma-

1450 2182 1542 2232 tici
1562 2189 1750 2234 vocent
1772 2184 2153 2247 pleonasmum:
2190 2184 2265 2234 sic
2295 2185 2515 2235 Plautus

1450 2259 1586 2309 dixit
1616 2262 1633 2291 ⁸
1651 2260 1809 2324 magis
1827 2261 2048 2324 majores
2071 2275 2231 2324 nugas
2255 2260 2450 2324 agere!

1511 2334 1540 2371 Β
1561 2336 1621 2385 Si
1640 2338 1793 2386 melu
1808 2352 1894 2386 ora
1911 2338 2051 2401 prius
2068 2352 2207 2401 sapor
2228 2339 2359 2402 edat]
2391 2338 2517 2387 For-

1449 2427 1535 2462 ma
1556 2414 1885 2480 elocutionis,
1902 2430 2017 2479 quae
2040 2415 2242 2466 Graecis
2259 2415 2517 2477 ὑπαλλαγὴ

1451 2498 1701 2540 vocatur:
1736 2506 1856 2557 qua,
1895 2499 2112 2555 propter
2141 2498 2371 2541 mutuam
2396 2506 2517 2555 par·

1450 2566 1582 2615 tium
1624 2566 2081 2630 necessitudinem,
2125 2567 2263 2632 quod
2307 2569 2373 2619 de
2412 2583 2519 2618 una

1452 2641 1560 2692 dici
1584 2645 1734 2704 solet,
1754 2643 1807 2692 id
1830 2643 2103 2707 aliquando
2120 2644 2186 2693 de
2207 2645 2374 2694 altera
2392 2658 2516 2708 qno·

1453 2732 1555 2783 que
1577 2718 1784 2769 dicitur.
1826 2719 1914 2769 Sic
1936 2719 2183 2781 Virgilius
2203 2719 2338 2769 dixit
2359 2720 2374 2748 ‘
2391 2719 2518 2769 dare

1454 2795 1703 2845 classibus
1725 2801 1928 2844 austros
1948 2793 1983 2844 ι’
2015 2795 2146 2844 alius
2168 2795 2343 2844 dicere
2366 2802 2519 2860 potu·

1453 2872 1583 2923 isset
1616 2874 1632 2901 ‘
1653 2873 1779 2923 dare
1802 2873 1998 2922 classes
2032 2869 2255 2921 austris!
2321 2873 2397 2921 Ea
2430 2886 2518 2921 au·

1454 2955 1560 2998 tem
1583 2956 1665 2999 est
1686 2949 1825 2999 inter
1842 2962 2080 3011 saporem
2104 2953 2160 2996 et
2179 2961 2272 2997 ora
2293 2948 2522 2996 necessi-

1452 3026 1603 3091 tudo,
1624 3032 1703 3090 ut,
1733 3025 1868 3075 sicut
1899 3039 2056 3089 sapor
2088 3030 2267 3089 partes
2303 3024 2403 3074 oris
2429 3036 2519 3088 pe·

1450 3111 1683 3167 netrans,
1716 3105 1807 3153 has
1831 3102 1991 3153 veluti
2026 3102 2276 3166 partitur,
2307 3100 2383 3151 ita
2416 3116 2520 3151 eae-

1452 3179 1571 3231 dem
1595 3180 1699 3230 oris
1719 3184 1898 3244 partes
1920 3193 2156 3243 saporem
2179 3177 2520 3228 admittentes

1451 3258 1590 3324 hunc
1614 3257 1885 3307 dividant:
1922 3257 2005 3305 vel
2028 3254 2113 3322 (ut
2145 3270 2260 3306 cum
2288 3255 2518 3305 Philoso-

1456 3336 1566 3401 phis
1588 3332 1791 3400 loquar)
1824 3334 1868 3382 si
1900 3336 2096 3397 o'rgana
2118 3338 2299 3396 gustus
2323 3330 2521 3382 moditi-

1455 3418 1638 3462 centur
1663 3411 1728 3460 ab
1750 3411 1902 3472 escis,
1940 3410 2016 3458 sic
2052 3423 2183 3458 escae
2218 3408 2284 3457 ab
2319 3407 2523 3470 organis

1456 3494 1635 3553 gustus
1651 3484 2030 3536 modificentur.
2076 3483 2293 3547 Optime
2312 3482 2521 3532 tandem

1458 3573 1578 3633 post
1594 3580 1769 3616 amara
1780 3566 1880 3615 mel
1896 3564 2084 3614 dicitur
2098 3562 2324 3613 dulcius:
2345 3576 2524 3627 quem-

1457 3643 1732 3693 admodum
1770 3642 1823 3691 in
1860 3638 2054 3689 musica
2091 3637 2367 3688 concordia
2408 3637 2524 3686 bre·

1456 3733 1574 3768 vem
1629 3707 1937 3767 discordiam
1991 3713 2258 3777 excipiens
2316 3713 2523 3762 videtur

1458 3797 1700 3847 suavior:
1736 3794 1873 3861 quod
1912 3793 2151 3843 nimirum
2190 3792 2395 3856 ingrato
2431 3791 2523 3841 iiio

1457 3880 1599 3922 motu
1630 3870 1887 3937 quoddam
1926 3883 2120 3932 organo
2158 3868 2409 3920 sensifero
2446 3869 2525 3918 in-

1457 3948 1667 4012 fligatur
1684 3948 1887 4010 vulnus,
1900 3944 2038 4010 quod
2058 3945 2356 4009 excipiente
2372 3952 2523 4009 grato

1456 4027 1557 4075 alio
1576 4031 1717 4074 motu
1743 4028 2037 4087 reparatur.

1527 4101 1540 4134 ¹
1574 4100 1777 4150 Gratius
1798 4103 1932 4147 astra
1952 4096 2126 4156 nitent,
2146 4097 2250 4160 ξω]
2287 4108 2377 4144 111.
2400 4093 2523 4142 Phi·

1455 4178 1695 4242 losophia
1714 4177 1876 4224 utitur
1899 4171 2137 4234 exemplo
2162 4170 2313 4232 aeris,
2345 4177 2525 4232 quate-

1458 4270 1553 4304 nus
1576 4254 1658 4304 hic
1681 4250 1968 4303 contrarias
2003 4245 2143 4296 vices
2179 4245 2398 4309 duplicis
2434 4258 2523 4308 ge-
