3049 4928
482 411 571 476 86
1192 426 1491 475 aosrnn
1545 429 1641 476 nn
1689 430 1997 478 coNsoL.

486 587 643 656 cum
673 591 792 636 rea
821 571 1013 636 salsis
1043 572 1668 644 criminationibus*
1705 576 2015 659 agiteris?
2041 584 2068 626 ⁷
2112 574 2244 655 An,
2275 577 2497 662 inquit
2524 579 2690 658 illa,’⁸

483 661 573 753 te,
632 694 675 739 o
734 674 1049 754 alumne,⁸
1120 676 1512 754 desererem,
1599 696 1725 741 uec
1792 678 2220 757 sarcinam,⁰⁹
2294 698 2496 763 quam
2553 681 2687 744 mei

483 779 774 844 nominis
804 778 1065 851 invidia
1097 780 1452 857 sustulisti,
1483 781 1982 846 communicato
2025 788 2250 846 tecum
2283 782 2506 847 labore
2534 801 2687 865 par-

482 882 685 947 tirer‘l
759 884 976 970 Atqui
1040 882 1499 967 Philosophiae
1554 883 1664 948 fas
1720 903 1855 947 non
1914 891 2112 963 erat?
2185 885 2690 950 incomitatum?

484 985 858 1070 relinquere
905 991 1031 1053 iter
1075 987 1469 1051 innocentis.
1560 986 1787 1051 Meam
1823 988 2083 1052 scilicet
2110 988 2644 1052 criminationem
2666 997 2688 1026 ⁷

484 1092 795 1157 vererer?
866 1096 934 1156 et
958 1092 1157 1175 quasi
1188 1092 1349 1155 novi
1369 1097 1423 1128 ¹0
1468 1090 1726 1175 aliquid
1772 1091 2111 1168 acciderit,
2159 1091 2260 1154 sic
2311 1091 2685 1175 perhorres-

486 1195 747 1260 cerem'l
771 1200 818 1233 ¹¹
896 1194 1101 1259 Nunc
1152 1195 1326 1258 enim
1382 1193 1674 1276 primum
1721 1200 2028 1258 censes⁸²
2106 1192 2293 1276 apud
2343 1194 2686 1281 improbos

550 1334 577 1358 ’⁸
612 1328 933 1393 Philosophia.
1062 1336 1084 1362 ⁰
1119 1330 1267 1379 Onus.
1391 1336 1423 1371 Ρ
1458 1327 1573 1377 Non
1596 1326 1780 1378 licebat.

546 1398 567 1423 ⁸
599 1393 811 1443 Putasne
835 1393 1055 1445 nondum.

1908 1336 1932 1369 ⁹
1965 1326 2146 1377 Solum.
2256 1334 2279 1359 '
2311 1327 2685 1379 Accusationem.

1393 1485 1754 1507 OOOOOOOOOON

480 1570 543 1616 ηο
578 1556 785 1617 cardine,
817 1556 952 1621 quod
993 1570 1094 1605 non
1142 1555 1416 1620 displicet!
1463 1558 1794 1606 Remum-'1
1841 1554 1857 1583 ⁴
1877 1553 2006 1604 Mss.
2049 1553 2387 1605 Rittershusii
2408 1571 2422 1605 ε
2456 1556 2703 1618 agitatis:

480 1620 639 1683 forte,
662 1621 826 1686 (quod
868 1622 1024 1671 etiam
1046 1622 1098 1670 in
1122 1620 1321 1686 Gloss.)
1336 1620 1632 1684 agitarer-is?
1664 1620 1940 1671 Situm—8
1977 1620 2059 1682 Te,
2091 1621 2276 1670 alumne
2297 1621 2489 1684 Delph.
2513 1622 2687 1671 Hack.

479 1690 579 1735 -9
612 1686 743 1737 Mss.
763 1686 1015 1751 Rittersh.
1037 1702 1096 1736 ne
1110 1686 1494 1737 sortiamus-10
1520 1687 1672 1745 Quasi
1686 1700 1852 1735 novam
1872 1685 2163 1736 Victorinus
2200 1684 2472 1749 secundus,
2492 1693 2547 1736 et
2573 1687 2691 1736 Flo-

481 1751 747 1802 reatinus:
768 1752 844 1801 sic
863 1752 1018 1802 etiam
1033 1752 1154 1802 edd.
1169 1752 1360 1816 Delph.
1385 1760 1442 1803 et
1458 1752 1631 1802 Hack.
1655 1751 1836 1816 reliqui
1861 1750 2013 1800 codd.
2034 1752 2214 1816 legunt
2233 1752 2486 1802 ποινὴ-11
2508 1751 2691 1802 Codex

481 1816 793 1930 Bezmvict.
832 1816 1109 1881 secundus,
1141 1824 1197 1867 et
1218 1818 1345 1867 Mss.
1367 1817 1617 1868 Rittersh.
1647 1818 1717 1870 sic
1748 1816 2164 1882 perhorrescerem.
2219 1816 2415 1884 Delph.
2436 1823 2492 1867 et
2514 1817 2688 1870 Hack.

474 1896 563 1948 per
662 1895 892 1933 macerem.
937 1916 944 1923 -

1475 1964 1694 2017 NOTAE

481 2060 873 2125 Philosophiam
894 2062 913 2092 ‘
931 2061 985 2113 in
1004 2062 1262 2113 homiuum
1286 2075 1446 2127 genus
1468 2062 1546 2112 di·

481 2138 601 2187 vina
622 2139 879 2191 duntaxat
900 2147 1042 2189 sorte
1076 2140 1344 2204 delapsam
1380 2137 1545 2190 fuisse

479 2220 706 2265 testatus
749 2215 869 2266 est.'
955 2216 1042 2266 Sic
1084 2216 1273 2266 Cicero
1316 2216 1507 2279 passim
1524 2231 1542 2266 ι

480 2297 495 2320 ⁴
513 2291 889 2356 Philosophia,¹
920 2292 1106 2358 inquit,
1138 2295 1154 2322 ‘
1176 2291 1367 2343 donum
1391 2300 1447 2344 et
1469 2293 1543 2342 in·

481 2376 696 2419 ventum
733 2370 999 2431 Deorum;
1033 2384 1138 2435 quo
1174 2369 1311 2419 bono
1347 2369 1545 2419 nullum

483 2445 789 2512 optabilius,
833 2448 1029 2498 nullum
1065 2447 1421 2512 praestantius,
1456 2461 1548 2497 ne·

482 2538 588 2590 que
610 2523 790 2575 datum
813 2532 893 2574 est
915 2525 1207 2575 mortalium
1231 2524 1413 2588 generi
1435 2524 1549 2573 De-

481 2615 629 2651 orum
650 2615 903 2652 concessu
924 2609 1083 2668 atque
1116 2615 1349 2666 munere,
1377 2616 1548 2667 neque

482 2677 731 2729 dabitur!

546 2763 569 2798 5
602 2758 792 2806 Mecum
827 2771 911 2806 rea
932 2755 1082 2816 salsis
1114 2757 1548 2822 crineiuationibioe]

483 2833 831 2898 Gaudentius,
854 2833 1053 2899 Opilio,
1084 2841 1138 2884 et
1159 2835 1385 2885 Basilius
1406 2835 1545 2900 apud

478 2910 859 2960 Theodericum
876 2911 1076 2975 Regem
1091 2908 1221 2960 falso
1234 2918 1547 2961 accusarunt

482 2987 785 3038 Boethium:
812 2991 860 3037 1.
893 2987 1032 3051 quod
1055 2987 1140 3037 hic
1164 2985 1543 3051 impedivisset,

482 3066 757 3131 quominus
800 3065 1024 3114 Senatus
1073 3065 1215 3113 laesoe
1260 3063 1548 3126 majestatis

482 3142 912 3192 convinceretur:
934 3145 984 3191 2.
998 3140 1136 3206 quod
1154 3140 1221 3189 de
1234 3139 1550 3189 vindicanda

482 3219 536 3268 in
582 3218 881 3269 libertatem
927 3216 1087 3267 Italia
1126 3214 1458 3280 scripsisset:
1500 3221 1551 3268 3.

483 3294 621 3361 quod
646 3294 712 3344 ad
732 3294 1048 3345 obtinendas
1063 3292 1349 3357 dignitates
1367 3291 1546 3343 suffra-

484 3372 572 3437 gia
592 3372 933 3436 corrupisset,
965 3368 1107 3435 quod
1128 3368 1326 3419 crimen
1348 3370 1549 3422 Latinis

480 3449 496 3476 ‘
516 3447 783 3510 ambitus,’
810 3446 1017 3498 Graecis
1045 3445 1306 3507 δημοκοπία
1322 3447 1549 3497 vocaba-

483 3532 587 3587 tur,
610 3527 838 3590 latisque
859 3522 1064 3587 legibus
1086 3523 1424 3586 puniebatur:
1457 3532 1551 3574 aut

483 3603 669 3652 saltem
688 3600 825 3665 qnod
847 3599 913 3648 ad
934 3600 1071 3649 hunc
1094 3597 1250 3647 finem
1271 3598 1445 3662 impiis
1468 3615 1551 3649 ar-

486 3678 624 3729 tibus
649 3692 770 3727 usus
793 3675 999 3726 fuisset.
1056 3673 1234 3740 Atque
1255 3676 1387 3738 hac,
1410 3683 1550 3728 teste

483 3758 598 3821 ipsa
609 3754 960 3819 Philosophia,
972 3760 1095 3803 sunt
1110 3754 1126 3781 ‘
1138 3753 1381 3815 sarcina,'
1394 3770 1549 3819 quam

484 3831 735 3885 Boethius
768 3829 1045 3879 ‘nominis'
1071 3830 1411 3895 philosophici
1444 3834 1552 3881 ‘in-

482 3910 623 3960 vidia
640 3907 883 3972 sustulit,’
898 3923 1155 3974 quamque
1174 3915 1451 3972 propterea
1467 3924 1551 3961 ea-

485 3987 603 4035 dem
620 3984 959 4048 Philosophia
976 3985 1409 4036 ‘communicato’
1429 4002 1548 4037 cum

485 4062 710 4113 Boethio
740 4061 952 4111 ‘labore
976 4062 1162 4126 partiri
1181 4061 1197 4084 ’
1221 4063 1389 4126 cupit,
1411 4063 1550 4126 ejus-

485 4138 627 4189 modi
643 4139 659 4168 ⁸
670 4138 1137 4189 criminationibus’
1152 4146 1378 4189 assueta.
1399 4140 1553 4204 Sunt,

487 4218 716 4281 inquam,
734 4217 816 4266 hae
836 4214 1222 4266 criminationes
1258 4218 1275 4245 ‘
1294 4216 1496 4265 sarcina
1513 4217 1549 4266 :’

488 4308 608 4345 nam
679 4292 916 4344 sarcina'
947 4307 1077 4344 onus
1099 4300 1201 4356 est,
1234 4293 1380 4360 quod
1397 4294 1552 4344 bomo

1625 2063 1692 2113 ad
1715 2066 1916 2114 vestem
1940 2062 2238 2127 victumque
2254 2074 2427 2110 secum
2445 2061 2584 2111 solet
2600 2060 2690 2112 de-

1624 2137 1762 2190 ferre
1784 2136 2145 2204 profecturus:
2166 2153 2230 2188 ex
2246 2151 2347 2202 quo
2367 2135 2563 2187 factum
2588 2145 2698 2202 est,

1624 2221 1682 2265 ut
1701 2213 1974 2279 quodlibet
1991 2229 2120 2263 onus
2144 2214 2324 2264 inutile
2339 2221 2396 2264 et
2417 2214 2690 2266 molestum

1623 2295 1640 2322 ‘
1656 2292 1887 2342 sarciua'
1909 2291 2206 2341 diceretur:
2241 2291 2380 2341 unde
2402 2290 2564 2342 Ovid.
2584 2293 2691 2357 Ep.

1626 2384 1714 2420 ιιι.
1733 2371 1748 2397 ‘
1769 2370 1888 2419 Non
1905 2383 2003 2433 ego
2020 2383 2130 2417 sum
2152 2368 2308 2418 classi
2326 2367 2532 2418 sarcina
2547 2383 2691 2433 mag-

1626 2462 1691 2499 na
1704 2446 1844 2499 tuae!
1860 2447 1932 2498 At
1941 2445 2151 2497 easdem
2164 2445 2548 2497 criminationes
2560 2445 2693 2496 Boii·

1628 2527 1767 2576 thius
1805 2525 2148 2591 philosophici
2195 2526 2211 2554 ‘
2238 2525 2457 2574 nominis
2494 2524 2689 2574 invidia

1628 2601 1886 2653 sustulit:'
1909 2601 2045 2667 quod
2071 2601 2439 2666 philosophicis
2457 2612 2692 2666 praecep·

1629 2679 1696 2729 tis
1726 2679 2130 2742 addictissimus,
2165 2678 2285 2728 talis
2323 2685 2480 2740 esset,
2520 2679 2691 2742 qualis,

1629 2755 1696 2806 ab
1733 2754 1958 2806 Horatio
1990 2753 2322 2817 describitur,
2354 2755 2523 2803 Carm.
2544 2755 2584 2804 1.
2605 2769 2691 2806 ιιι.

1632 2830 1738 2882 Od.
1760 2837 1808 2884 3.
1837 2833 2078 2885 ‘Justum
2096 2838 2154 2881 et
2176 2837 2412 2881 tenacem
2432 2830 2692 2895 propositi

1626 2913 1792 2962 virum
1807 2911 1930 2963 Nou
1945 2911 2137 2962 civium
2154 2910 2309 2969 ardor
2326 2926 2485 2975 prava
2497 2911 2690 2975 juben-

1588 3042 1601 3053 ,
1627 2990 1775 3053 tium,
1821 2989 1946 3038 Non
1994 2990 2165 3038 vultus
2207 2989 2451 3038 instantis
2485 2989 2691 3053 tyranni

1629 3068 1815 3117 Mente
1836 3068 2007 3131 quatit
2044 3067 2228 3130 solida,
2266 3082 2434 3131 neque
2456 3067 2691 3126 Auster,’

1629 3148 1727 3196 ὅτε.
1770 3145 1963 3207 Quare,
1979 3144 2294 3194 continuatis
2313 3143 2543 3208 ejusdem
2570 3143 2692 3194 Phi-

1628 3222 1878 3286 losophiae
1915 3221 2213 3285 praeceptis,
2247 3234 2311 3269 eo
2346 3220 2530 3284 majori
2572 3235 2689 3270 cum

1629 3297 1884 3362 patientia
1926 3295 2145 3346 Boethio
2184 3296 2265 3345 hae
2303 3295 2692 3346 criminationes

1629 3370 1858 3423 ferendae
1892 3381 2033 3434 suut,
2065 3386 2168 3436 quo
2201 3371 2458 3436 antiquior
2488 3378 2572 3422 est
2604 3373 2695 3422 illa

1630 3449 1978 3514 Philosophiae
2002 3457 2057 3497 et
2080 3448 2507 3512 Philosophorum
2530 3463 2659 3499 sors.

1692 3534 1713 3559 ⁸
1735 3526 1877 3576 Nunc
1891 3527 2021 3576 enim
2036 3526 2244 3589 primum
2263 3524 2445 3588 censes]
2468 3527 2694 3576 Interro-

1629 3604 1789 3667 gatio,
1842 3604 1988 3668 quasi
2035 3602 2195 3665 dicat,
2234 3602 2532 3656 Censesue?
2583 3618 2690 3653 mo-

1629 3681 1726 3730 dus
1764 3681 2009 3745 loquendi
2042 3680 2240 3730 Latinis
2273 3695 2372 3730 non
2397 3681 2693 3732 inusitatus.

1631 3756 1932 3805 Notandum
1973 3771 2074 3805 non
2113 3755 2421 3819 extinctam,
2451 3758 2545 3807 sed
2579 3759 2594 3785 ‘
2619 3759 2691 3807 la-

1630 3831 1871 3882 cessitam
1882 3831 1898 3854 ’
1917 3831 2170 3880 duntaxat
2185 3830 2292 3880 dici
2310 3831 2326 3858 ‘
2339 3833 2647 3895 sapientiam
2658 3831 2693 3881 :’

1630 3908 1875 3959 extinctis
1897 3910 2034 3959 enim
2067 3907 2385 3972 sapientibus
2411 3922 2514 3969 uon
2536 3924 2693 3974 prop·

1630 3991 1778 4035 terea
1815 3985 2138 4048 extinguitur
2175 3984 2457 4047 sapientia,
2498 3987 2693 4050 quippe

1629 4076 1743 4126 qua·
1767 4067 2003 4110 versatur
2037 4061 2090 4109 in
2128 4060 2463 4123 cogitatione,
2499 4062 2583 4111 cui
2608 4064 2691 4111 vel

1630 4144 1969 4202 tyrannorum
1988 4135 2133 4186 furor
2149 4150 2340 4187 nocere
2358 4151 2462 4186 non
2487 4145 2687 4202 potest:

1627 4217 1680 4267 in
1698 4217 1797 4267 hoc
1815 4217 1993 4266 similis
2013 4216 2212 4280 virtuti,
2224 4230 2360 4280 quse,
2376 4226 2434 4266 ut
2451 4218 2527 4266 ait
2541 4219 2692 4267 Clau-

1627 4293 1778 4344 diam
1793 4295 1967 4345 Carm.
1985 4305 2125 4342 xvu.
2142 4308 2216 4341 vs.
2232 4297 2276 4341 l.
2291 4295 2306 4320 ‘
2324 4293 2559 4344 Pretium
2572 4293 2693 4357 sibi,
