3049 4928
530 455 661 520 470

537 628 641 678 que
683 610 939 661 habeatur
978 609 1075 657 boc
1111 606 1365 671 Simplicii
1415 607 1598 658 decre·

533 697 662 751 tum,
682 686 833 738 Οὐδὲν
852 687 972 736 οὕτω
995 685 1279 749 φιλοσοφίας
1299 684 1379 735 καὶ
1403 685 1598 748 εὐζωΐας

540 765 672 816 ἐστὶν
691 765 960 829 ἀλλότριον,
978 766 1039 814 ὡς
1059 764 1091 823 ἦ
1112 764 1441 824 ἆνεσπασμένη
1459 763 1601 827 ὂφρὺς

540 843 619 894 καὶ
642 843 753 901 κενὴ
777 841 965 907 ἔπαρσις
996 840 1113 899 αὕτη
1141 840 1199 888 τὸ
1228 843 1367 901 γνῶθι
1401 840 1601 890 σεαυτὸν

535 921 620 969 τοῦ
657 920 762 968 θεοῦ
798 915 1117 981 παράγγελμα
1144 916 1209 978 μὴ
1244 915 1548 979 λογιζομένη·
1569 917 1597 965 ὃ

538 997 615 1045 καὶ
633 995 758 1060 ἁρχὴ
772 995 849 1044 καὶ
865 993 1007 1043 τέλος
1027 992 1183 1052 πάσης
1203 993 1306 1042 ἐστὶ
1321 993 1602 1055 φιλοσοφίας

538 1072 617 1122 καὶ
646 1070 854 1135 eusenius.
901 1071 1082 1119 ‘Nihil
1120 1085 1270 1133 aeque
1310 1085 1339 1118 a
1382 1071 1600 1133 philoso-

536 1150 659 1212 phia
682 1159 736 1197 et
756 1154 900 1196 recta
923 1146 1131 1196 vivendi
1152 1146 1349 1196 ratione
1375 1147 1600 1195 alienum

539 1231 637 1287 est,
668 1239 817 1290 quam
842 1224 1031 1272 elatum
1070 1223 1421 1286 supercilium,
1447 1231 1501 1271 et
1524 1223 1601 1271 in·

538 1301 649 1350 anis
669 1302 768 1349 ista
790 1300 969 1361 elatio,
986 1299 1211 1349 divinum
1233 1301 1357 1350 illud
1378 1302 1444 1349 de
1465 1302 1599 1365 seip-

539 1393 597 1427 so
635 1376 994 1441 cognoscendo
1031 1383 1351 1440 praeceptum
1381 1391 1483 1425 non
1519 1391 1600 1425 re·

540 1460 760 1517 putans:
797 1453 935 1517 quod
973 1459 1029 1501 et
1059 1453 1369 1516 principium
1392 1461 1449 1502 et
1481 1453 1599 1501 finis

543 1541 625 1580 est
649 1529 980 1594 philosophiae
1003 1529 1162 1578 totius
1197 1534 1252 1577 et
1273 1529 1434 1577 omnis
1457 1536 1600 1578 recte

539 1607 750 1658 vivendi
775 1604 1026 1656 rationis?
1067 1606 1240 1655 Vallin.

611 1683 751 1744 Infra
772 1683 943 1732 bestias
969 1682 1239 1745 redigatur]
1292 1680 1413 1730 vid.
1440 1682 1599 1733 Arist.

542 1776 583 1811 1.
607 1762 769 1811 Polit.
791 1775 909 1823 cap.
931 1763 980 1808 2.
1021 1758 1193 1807 Sitzm.

612 1839 739 1885 Nam
777 1836 942 1884 ceteris
974 1834 1294 1884 animantibus
1334 1851 1432 1887 sese
1469 1837 1605 1898 igno·

539 1914 673 1976 rare]
690 1913 884 1962 Eadem
904 1917 986 1961 est
1000 1911 1172 1972 opinio
1189 1913 1495 1975 ancarum,
1507 1920 1608 1962 tes·

544 1999 599 2041 te
622 1991 851 2053 Augerio
875 1989 1168 2053 Busbequio
1187 1990 1353 2051 Epist.
1382 1993 1429 2039 3.
1453 1991 1605 2039 Idem.

610 2066 761 2130 Atqui
803 2064 991 2114 divitiae
1023 2066 1367 2129 possidentibus
1399 2081 1610 2130 persaepe

544 2144 823 2207 nocuerunt]
879 2144 993 2193 Nec
1017 2143 1144 2192 vivis
1166 2152 1381 2203 tautum,
1400 2145 1496 2193 sed
1520 2147 1607 2193 de·

544 2220 743 2271 functis
782 2235 1020 2286 quoque:
1056 2227 1116 2270 ut
1156 2221 1421 2270 luculenta
1453 2222 1607 2270 orati-

547 2314 648 2348 one
685 2300 1103 2348 demonstrarunt
1132 2299 1187 2348 S.
1216 2298 1610 2361 Chrysostomus

546 2377 758 2426 homilia
795 2375 899 2439 περὶ
939 2375 1123 2426 τελείας
1151 2374 1355 2438 ἀγάπης,
1385 2383 1440 2425 et
1474 2378 1609 2427 hunc

551 2460 660 2517 opt.
681 2452 987 2516 magistrum
1012 2452 1240 2502 imitatus
1265 2452 1486 2516 optimus
1511 2452 1613 2502 dis-

550 2532 753 2595 cipulus
779 2531 1011 2580 Isidorus
1030 2530 1209 2579 Pelus.
1232 2530 1361 2579 libro
1385 2532 1612 2580 secundo

549 2609 719 2673 Epist.
739 2612 850 2658 146.
869 2608 1085 2656 Plautus
1106 2607 1160 2655 iu
1179 2607 1386 2671 Captiv.
1412 2607 1537 2657 Act.
1563 2612 1612 2656 2.

550 2687 699 2734 Scen-
717 2690 767 2734 2.
792 2687 807 2713 ‘
824 2685 928 2735 Odi
948 2699 1043 2747 ego
1065 2699 1243 2733 aurum
1265 2699 1279 2731 ε
1301 2685 1466 2733 multa
1488 2687 1613 2733 mul-

551 2765 622 2813 tis
646 2763 809 2814 suasit
836 2761 1147 2826 perperam.'
1189 2762 1341 2811 Idem.

622 2840 721 2896 Qui
762 2856 886 2888 nunc
925 2837 1134 2901 contum]
1172 2838 1386 2888 Tacitus
1430 2837 1614 2887 Annal.

546 2931 673 2967 xiv.
715 2917 918 2966 ‘contis
960 2924 1019 2966 et
1059 2916 1213 2964 remis
1256 2923 1312 2965 et
1349 2932 1465 2982 quae
1507 2932 1617 2966 sors

553 2995 819 3045 obtulerat
857 2993 1128 3042 navalibus
1172 2993 1287 3040 telis
1317 2992 1619 3043 conficitur!

554 3071 701 3121 Suet.
723 3070 957 3132 Caligula
975 3084 1021 3118 c.
1040 3072 1122 3117 32.
1143 3068 1159 3095 ‘
1175 3068 1342 3117 contis
1358 3069 1617 3131 remisque

557 3147 781 3197 detrusit
823 3147 875 3194 in
928 3143 1104 3194 mare!
1164 3144 1434 3208 Epictetus
1481 3144 1619 3207 apud

559 3223 838 3273 Arrianum
887 3224 922 3272 l.
974 3236 1065 3271 ιιι.
1112 3238 1160 3274 c.
1203 3226 1286 3271 26.
1332 3221 1403 3269 ἐπ’
1447 3219 1621 3271 ἄλλους

562 3299 733 3362 ἔχουσι
772 3300 861 3350 τὰς
906 3298 1119 3362 ῥάβδους,
1151 3298 1231 3349 καὶ
1261 3297 1371 3348 τοὺς
1414 3298 1623 3361 κόντους,

561 3377 639 3426 καὶ
659 3378 747 3427 τὰς
778 3376 1027 3441 μαχαίρας.
1062 3379 1077 3404 ‘
1100 3376 1360 3425 Adversus
1384 3376 1509 3424 alios
1533 3377 1621 3424 ha-

559 3454 691 3504 bent
736 3452 931 3514 fasceS,
971 3461 1027 3502 et
1064 3462 1261 3514 contos,
1297 3459 1353 3501 et
1391 3450 1624 3515 gladios.'

561 3529 796 3583 Isidorus
831 3529 922 3578 lib.
959 3543 1080 3577 xix.
1106 3543 1222 3590 cap.
1247 3533 1296 3576 7.
1337 3528 1537 3577 ‘Hasta
1571 3535 1626 3576 et

564 3616 749 3658 contus
772 3622 888 3654 cum
911 3605 1076 3667 ferro,
1091 3606 1241 3668 cujus
1263 3605 1626 3655 diminutivum

557 3684 688 3734 facit
721 3683 924 3731 hastile.
994 3683 1196 3731 Nomen
1244 3687 1418 3728 autem
1472 3681 1625 3730 hasta

564 3762 629 3811 ab
675 3768 791 3809 astu
835 3758 1077 3821 sumpsit,
1114 3756 1251 3805 unde
1300 3763 1355 3805 et
1398 3758 1623 3808 astutia:

564 3847 752 3887 contus
776 3835 972 3884 ferrum
997 3848 1095 3882 non
1114 3831 1292 3892 habet,
1309 3832 1400 3881 sed
1425 3841 1626 3884 tantum

564 3918 781 3979 cuspide
808 3923 963 3964 acuta
981 3912 1090 3964 est!
1128 3913 1355 3962 Bernart.

632 3994 730 4048 Qui
785 3997 972 4040 contum
1034 3989 1337 4052 gladiumque
1392 3990 1629 4040 sollicitus

559 4066 876 4134 pertimescis]
892 4066 1096 4116 Alludit
1113 4067 1176 4115 ad
1197 4066 1480 4114 Historiam
1504 4067 1629 4117 Dio-

565 4147 717 4210 nysii,
757 4160 911 4211 qnam
950 4144 1217 4192 retulimus
1243 4142 1305 4190 ad
1332 4143 1478 4192 Pros.
1511 4157 1566 4192 v.
1593 4145 1628 4194 Ι.

564 4239 650 4275 ιιι.
667 4225 943 4274 Mutuatur
959 4229 1131 4270 autem
1146 4221 1257 4268 liaeo
1280 4224 1336 4268 et
1358 4221 1629 4283 sequentia

564 4316 632 4350 ex
664 4300 940 4359 Juvenale,
976 4297 1119 4360 cujus
1162 4295 1321 4345 verba
1359 4310 1626 4359 apponere

566 4392 667 4427 nou
696 4376 982 4440 gravabor:
1020 4374 1240 4422 ‘Pauca
1284 4371 1408 4421 licet
1453 4379 1629 4435 portes

1239 464 1453 512 NO'I'AE
1503 458 1907 512 vAmoRuM
1960 457 2038 510 m

1673 607 1874 670 argenti
1896 605 2103 655 vascula
2139 602 2274 667 puri,
2314 602 2487 652 Nocte
2520 599 2617 650 iter
2643 598 2715 648 iu·

1673 697 1878 746 gressus
1901 681 2126 743 gladium
2159 685 2468 742 contumque
2499 676 2717 736 timebis,

1673 761 1743 809 Et
1768 766 1921 808 motae
1944 758 2010 807 ad
2035 758 2230 805 Lunam
2262 753 2550 817 trepidabis
2579 765 2716 801 arua·

1673 836 1806 884 diuis
1841 834 2104 895 umbram3
2139 831 2382 882 cantabit
2416 844 2606 878 vacuus
2641 841 2719 877 co·

1675 928 1780 961 ram
1806 914 2006 962 latrone
2031 908 2233 960 viator.'
2300 906 2551 971 Apuleius
2579 906 2664 955 lib.
2685 916 2723 955 1.

1675 990 1891 1039 Metam.
1912 991 1927 1017 ‘
1945 988 2081 1039 Quid
2105 985 2290 1035 viatori
2313 983 2379 1032 de
2396 997 2593 1031 summa
2608 996 2729 1045 pan·

1675 1066 1818 1128 perie
1862 1066 2086 1114 latrones
2130 1060 2332 1112 auferre
2366 1059 2616 1122 possunt?
2649 1056 2729 1106 An

1673 1142 1897 1204 ignoras,
1929 1142 2125 1202 inepte,
2159 1137 2349 1185 nudum
2374 1148 2471 1183 nec
2497 1149 2527 1182 a
2550 1134 2729 1181 decem

1677 1217 1978 1280 palaestritis
2001 1213 2278 1275 despoliari
2303 1226 2457 1275 posse
2473 1210 2508 1258 ?’
2537 1209 2730 1258 Eodem

1676 1292 1907 1356 pertinet
1956 1290 2217 1341 lambiens
2283 1288 2528 1338 Senarius
2582 1286 2681 1334 iste
2718 1301 2732 1332 2

1665 1369 1793 1418 Ἀπὸ
1818 1370 1906 1418 τοῦ
1919 1367 2012 1431 ’γὰρ
2032 1364 2164 1416 οὐδὲν
2186 1364 2382 1425 ἔχοντος
2409 1361 2546 1411 οὐδὲν
2570 1362 2630 1411 ἂν
2650 1359 2734 1409 λά·

1675 1450 1795 1512 Bm:
1831 1446 1928 1495 hoc
1952 1452 2053 1506 est,
2082 1445 2097 1471 ‘
2116 1442 2164 1491 A
2185 1442 2258 1490 nil
2283 1440 2509 1489 habente
2533 1436 2734 1487 auferre

1676 1524 1749 1572 nil
1766 1524 2033 1587 quisquam
2058 1517 2267 1584 potest.’
2318 1518 2390 1566 Et
2407 1515 2734 1579 proverbium

1678 1602 1844 1650 simile
1887 1600 2191 1648 Graecorum
2233 1593 2396 1643 refert
2431 1593 2735 1653 chrysosto-

1678 1692 1792 1726 mus
1812 1676 2009 1725 Homil.
2028 1679 2107 1723 84.
2129 1674 2179 1721 in
2203 1672 2396 1721 Matth.
2419 1668 2551 1726 ἢούκ
2564 1667 2738 1717 ἀκούεις

1678 1755 1766 1812 τῆς
1784 1751 2024 1816 παροιμίας
2053 1747 2305 1811 λεγούσης,
2341 1746 2412 1794 ὅτι
2449 1744 2536 1793 τὸν
2563 1742 2739 1802 πένητα

1679 1831 1758 1880 καὶ
1776 1830 1951 1893 γυμνὸν
1974 1829 2027 1877 οὔ
2049 1832 2161 1876 δεκα
2180 1826 2265 1874 τὸν
2294 1824 2408 1885 ὁμοῦ
2436 1820 2739 1871 συνελθόντες

1682 1909 1899 1960 δύνανται
1932 1905 2159 1958 ἄποδῦσαί
2185 1920 2301 1952 ποτε
2326 1920 2341 1963 ;
2383 1899 2620 1962 μεγίστην
2652 1898 2742 1961 γὰρ

1683 1987 1784 2050 ἔχει
1813 1984 2069 2050 προστάτιν
2084 1982 2175 2040 τὴν
2201 1979 2381 2037 πενίαν,
2406 1976 2465 2035 ἢν
2483 1975 2594 2025 οὐδὲ
2611 1978 2638 2024 ὁ
2658 1980 2740 2032 βα-

1682 2063 1881 2114 σιλεύων
1898 2061 2039 2112 αὐτὸς
2070 2056 2380 2123 χειρώσασθαι
2396 2052 2570 2104 δύναιτ’
2593 2053 2654 2101 ἂν
2670 2051 2743 2101 καὶ

1684 2143 1826 2191 ἑλεῖν.
1862 2141 2029 2190 Sitzm.

1751 2221 1913 2279 Felix,
1936 2216 2040 2281 ὅπη]
2095 2215 2224 2263 Cum
2250 2219 2362 2261 toto
2386 2210 2484 2258 hoc
2506 2206 2746 2257 Carmine

1687 2294 2031 2347 conferendus
2060 2290 2252 2353 Virgil.
2287 2303 2325 2337 ι.
2365 2295 2420 2335 et
2459 2298 2553 2334 111.
2592 2284 2745 2334 Geor.

1684 2374 1868 2424 Tibull.
1888 2373 1925 2421 l.
1949 2386 1988 2421 1.
2022 2370 2168 2429 Eleg.
2189 2372 2237 2418 3.
2272 2366 2483 2414 Lucret.
2505 2363 2601 2411 lib.
2626 2377 2676 2410 v.
2696 2362 2744 2408 in

1688 2466 1766 2515 pr.
1789 2450 1976 2499 Senec.
2010 2447 2064 2496 iu
2100 2445 2243 2495 Med.
2284 2457 2359 2491 vs.
2382 2444 2584 2491 329aeet
2608 2453 2747 2503 seqq.

1689 2529 1876 2578 Horat.
1918 2524 2089 2589 Epod.
2132 2522 2234 2571 Od.
2257 2525 2339 2571 16.
2381 2517 2606 2568 ovida.
2639 2518 2746 2565 Me-

1690 2615 1813 2655 tam.
1834 2601 2077 2655 Juvenal.
2115 2600 2224 2649 Sat.
2247 2611 2324 2645 νι.
2352 2595 2565 2659 aliique.
2597 2594 2745 2642 Idem.

1753 2683 1993 2732 Fidelibus
2011 2678 2163 2742 arvis]
2199 2678 2307 2726 Cur
2339 2676 2353 2702 ‘
2373 2672 2551 2722 fidelia
2575 2686 2699 2720 arva
2714 2669 2749 2718 ῥ’

1689 2759 1828 2810 forte
1864 2759 1985 2823 quia
2016 2758 2172 2806 tellus
2203 2758 2391 2816 sponte
2426 2764 2518 2798 sua
2553 2747 2748 2796 fructus

1691 2835 2084 2900 suppeditabat,
2103 2845 2201 2880 nec
2221 2841 2444 2890 unquam
2463 2823 2749 2873 frustraba-

1693 2921 1778 2964 tur
1801 2911 2219 2976 expectationem
2239 2903 2520 2961 hominum,
2539 2898 2677 2963 quod
2699 2898 2748 2945 in

1694 3004 1853 3038 aureo
1897 2987 2085 3037 saeculo
2118 2982 2336 3032 factum.
2393 2976 2510 3025 vid.
2544 2976 2670 3024 Seu.
2700 2976 2748 3021 in

1695 3065 1822 3126 Hip.
1849 3078 1919 3111 vs.
1944 3067 2055 3111 535.
2090 3060 2240 3107 Idem.

1761 3139 1917 3189 Facili
1950 3153 2053 3200 quoe
2084 3149 2192 3183 sera
2222 3128 2419 3190 solebat]
2457 3127 2750 3191 Antequam

1696 3224 1955 3282 agrestem
1977 3198 2343 3273 'incultamque
2381 3205 2646 3254 hominum
2684 3202 2751 3251 vi·

1696 3303 1802 3344 tam
1824 3309 1855 3342 a
1877 3289 2235 3342 communione
2276 3285 2548 3333 brutorum
2569 3279 2753 3329 anima·

1696 3374 1820 3420 lium
1866 3370 1948 3419 vel
1982 3367 2206 3417 ferarum
2242 3359 2420 3410 Liberi
2456 3366 2513 3407 et
2552 3356 2784 3409 Cereris?

1698 3448 1927 3497 sollertia
1964 3450 2016 3494 et
2041 3436 2360 3490 constitutio,
2376 3434 2545 3498 prima
2568 3433 2756 3482 discer-

1698 3531 1870 3587 neret,
1894 3520 2138 3570 mortales
2162 3509 2490 3574 βαλανοφάγοι
2520 3509 2602 3558 καὶ
2637 3510 2758 3572 ὕδροι

1698 3601 1838 3651 πόται
1865 3599 2094 3656 fuerunt,
2128 3591 2383 3656 siquidem
2417 3586 2604 3636 Poetis
2631 3586 2761 3635 aliis·

1701 3696 1801 3745 que
1822 3675 2161 3741 scriptoribus
2196 3669 2359 3736 (quod
2384 3675 2563 3716 tamen
2602 3665 2761 3728 majus

1699 3754 1831 3820 fide)
1872 3753 2165 3809 credimus;
2203 3759 2420 3811 quorum
2456 3741 2763 3792 testimoniis

1701 3832 1899 3883 omissis
1920 3841 2178 3892 apponam
2198 3819 2517 3872 solummodo
2532 3817 2762 3868 dulcissi-

1702 3924 1809 3958 mos
1833 3905 2080 3969 Sulpiciae
2113 3899 2340 3950 Poetriae
2381 3909 2584 3944 versus.
2616 3896 2693 3943 Ea
2716 3895 2761 3942 iu

1700 3988 1891 4050 Satyra
1927 3983 1992 4031 de
2026 3985 2169 4028 statu
2190 3972 2416 4038 Reipub.
2444 3971 2763 4034 temporibus

1702 4057 2013 4119 Domitiani,
2052 4069 2168 4104 cum
2208 4051 2385 4101 edicto
2420 4047 2763 4111 Philosophus

1704 4137 1831 4188 urbe
1854 4133 2132 4197 exegisset,
2168 4128 2244 4176 ita
2265 4125 2499 4189 queritur
2519 4140 2534 4172 ι
2571 4124 2588 4151 ‘
2608 4122 2760 4174 Quid-

1702 4229 1821 4262 nam
1848 4219 1998 4277 pater
2030 4208 2123 4256 ille
2161 4207 2386 4253 Deorum
2415 4200 2669 4262 Cogitat?
2700 4213 2759 4246 an

1703 4294 1869 4336 terras
1888 4291 1941 4333 et
1966 4282 2135 4347 patria
2158 4277 2348 4328 saecula
2371 4277 2570 4324 mutat?
2605 4276 2757 4325 Quas-

1706 4380 1805 4430 que
1830 4361 1975 4413 dedit
2003 4358 2259 4426 quondam
2299 4353 2639 4404 morientibus
2667 4350 2754 4401 eri-
