3049 4928
487 382 618 450 102

489 544 762 623 bantur,
832 541 1113 612 indolui.
1228 546 1405 612 Cum
1476 547 1745 614 acerbae
1811 549 2014 615 famis
2085 554 2392 634 tempore
2465 546 2691 634 gravis

490 652 691 730 atque
745 648 1242 732 inexplicabilis
1286 650 1543 715 indicta
1597 650 1936 716 coemtios
1952 648 1973 687 ¹
2038 654 2477 737 profligatura
2549 653 2696 717 ino-

487 751 604 834 pia
668 750 1119 835 Campaniam
1177 754 1597 836 provinciam
1644 755 1989 833 videretur,
2050 769 2390 821 certamen
2452 754 2693 820 adver-

490 871 643 916 sum
705 854 1098 937 praefectum
1163 856 1459 939 praetorii
1481 867 1508 904 ὅ
1585 858 1956 922 communis
2030 857 2367 924 commodi
2431 857 2692 923 ratione

490 951 786 1042 suscepi,
864 960 1060 1043 rege*
1160 968 1623 1045 cognoscente
1685 962 2022 1041 contendi,
2098 967 2168 1028 et
2237 982 2325 1026 ne
2394 960 2693 1052 coemtio
2794 1019 2799 1022 ,

1198 402 1286 451 ΒΟ
1296 401 1503 452 n‘rnn
1552 403 1650 452 DE
1697 403 1836 455 GON
1848 403 2009 457 8010·

1177 1154 1207 1189 8
1235 1146 1408 1210 Vulgo,
1436 1146 1690 1212 Capitaiue
1710 1148 1791 1198 des
1812 1146 2019 1198 Gardes.
2152 1143 2177 1178 ¹⁴
2214 1144 2517 1195 Theodorioo,

1483 1277 1702 1330 NOTAE

544 1140 580 1185 f
612 1142 783 1210 Vulgo,
802 1147 1052 1210 monopole.

550 1370 576 1405 ἲ
599 1372 791 1424 Indicta
810 1373 1029 1440 evantio]
1063 1377 1318 1430 Quartum
1340 1375 1550 1427 Boethii

485 1450 725 1501 meritum
738 1452 1005 1516 praedictis
1023 1452 1214 1504 fideii-co
1223 1454 1324 1518 maj
1332 1453 1551 1519 us,quod

488 1524 708 1576 Boethio
748 1534 875 1577 tunc
912 1530 1243 1593 pugnandum
1281 1530 1399 1593 fuit,
1445 1545 1551 1579 non

484 1603 652 1652 solum
698 1603 945 1655 adversus
990 1607 1240 1670 quosdam
1293 1607 1552 1670 privatoS,

484 1692 664 1731 verum
704 1682 865 1731 etiam
912 1682 1194 1733 ‘adversus
1239 1684 1547 1746 praefectum

480 1757 756 1822 praetorii,'
789 1767 845 1808 et
865 1758 1116 1809 adversus
1147 1761 1316 1824 ipsum
1359 1762 1549 1826 princi-

480 1848 635 1897 pem3
690 1834 826 1884 sine'
860 1835 1009 1899 cujus
1065 1836 1379 1886 auctoritate
1435 1837 1549 1887 haec

477 1907 765 1959 ‘coemtio’
798 1925 901 1960 non
919 1910 1099 1961 fiebat.
1129 1912 1146 1939 ‘
1165 1911 1430 1963 Coe‘mtio’
1458 1928 1549 1963 au·

481 1992 590 2036 tem
634 1986 886 2037 Romanis
943 1995 1091 2038 certa
1139 1994 1255 2039 erat
1302 1990 1547 2040 connubii

479 2058 663 2125 forma,
688 2078 793 2129 qua·
832 2070 1051 2130 uterque
1093 2066 1288 2130 conjux
1330 2067 1551 2118 alterins

477 2138 616 2189 bona
655 2139 732 2190 ita
776 2141 1001 2202 emebat,
1046 2151 1104 2190 ut
1157 2144 1290 2192 alter
1332 2144 1550 2197 alterius

476 2215 646 2265 haeres
688 2214 868 2266 fieret:
902 2218 919 2246 ‘
942 2211 1436 2270 J-uriscousultorum
1468 2220 1545 2272 in-

477 2292 670 2356 genio,'
692 2293 862 2358 inquit
879 2293 1065 2344 Cicero
1089 2310 1184 2359 pro
1200 2296 1346 2346 Mur.¹
1363 2298 1379 2325 ‘
1394 2312 1544 2348 senes

476 2368 545 2418 ad
582 2369 900 2420 co’e'mtiones
937 2370 1203 2422 faciendas
1242 2373 1544 2424 interimen-

477 2443 662 2495 dorum
683 2461 947 2497 sacrorum
971 2462 1129 2498 causa
1152 2450 1357 2513 reperti-
1387 2450 1544 2503 suut!
1576 2482 1579 2487 -

477 2521 627 2572 nine
652 2523 669 2552 ⁸
690 2524 946 2574 coemtio'
979 2526 1173 2576 dicitur
1208 2528 1373 2576 etiam
1409 2528 1541 2577 illud

476 2601 863 2658 commercium.
879 2617 980 2667 quo
1004 2603 1358 2654 provinciales
1380 2605 1542 2655 etiam

476 2674 648 2742 inviti,
698 2679 819 2728 urbi
859 2680 942 2728 vel
986 2680 1237 2731 exercitui
1281 2695 1542 2731 annonam

475 2768 650 2829 parvo*
701 2758 911 2807 nullove
966 2759 1139 2822 pretio
1194 2760 1538 2824 suppeditare

474 2840 755 2897 coguntur·
794 2835 904 2896 Sic,
928 2841 1143 2885 auctore
1163 2835 1345 2898 Snida,
1375 2840 1390 2865 ‘
1409 2851 1540 2886 onus

472 2907 626 2971 illud,
680 2909 824 2974 quod
869 2910 1195 2960 Justinianns
1259 2911 1543 2976 Bit-ltyniae,

473 2983 744 3048 Phrygiae,
768 2994 825 3035 et
835 2986 1068 3047 Thraciae
1090 2987 1272 3037 incolis
1294 2987 1544 3038 frumenti

474 3059 786 3124 Byzantium
810 3060 1115 3126 perferendi
1134 3064 1434 3115 conditione
1450 3065 1544 3114 du-

477 3136 684 3186 rissima
721 3138 985 3202 imposuit,
1006 3139 1272 3190 coemtio&
1337 3140 1544 3191 Graecis

474 3213 657 3272 συνωνὴ
689 3221 928 3265 vocatum
961 3214 1080 3267 finit.
1134 3217 1217 3266 Ex
1240 3230 1343 3280 quo
1366 3231 1545 3267 rursus

469 3287 585 3339 fieri
616 3291 790 3354 potuit
813 3299 871 3341 ut
892 3293 1259 3342 commercium
1277 3292 1422 3357 illud,
1436 3308 1541 3359 quo

473 3365 711 3417 omnibus
748 3368 1025 3432 speciebus
1066 3368 1135 3418 ab
1173 3384 1276 3417 uno
1318 3370 1545 3421 coe'mtis-

472 3458 649 3494 omnes
691 3445 896 3510 species
918 3460 1023 3495 non
1042 3445 1143 3494 nisi
1165 3445 1231 3495 ab
1254 3460 1357 3496 uno
1379 3448 1537 3497 vendi

473 3530 713 3587 possunt,
742 3526 757 3552 ‘
778 3523 1001 3574 coemtio
1019 3521 1035 3544 ’
1069 3522 1353 3586 diceretur,
1381 3527 1544 3589 vulgo

472 3600 801 3664 monopolium.
841 3599 1063 3650 Constat
1078 3599 1165 3649 hie
1194 3614 1297 3650 non
1316 3601 1541 3666 intelligi

469 3677 486 3704 ‘
510 3675 883 3727 coemtionem’
936 3675 1249 3739 conjugumz
1305 3677 1398 3727 sed
1437 3693 1541 3728 non

472 3768 621 3819 aeque
639 3760 866 3816 constat,
882 3752 1410 3819 inquitsitzmannus,
1441 3758 1458 3784 ⁸
1485 3772 1542 3805 n·

471 3839 608 3882 trum
629 3831 991 3882 Provinciales
1011 3844 1044 3880 a
1064 3828 1193 3879 fisco
1215 3832 1417 3895 species
1450 3847 1542 3881 an·

472 3907 714 3957 nonarias
753 3921 930 3957 emere
968 3913 1308 3970 cogerentur,
1348 3923 1414 3958 an
1450 3923 1540 3959 eas

455 3984 599 4036 ‘fisco
618 3984 849 4034 vendere
868 3982 1167 4033 forensibus
1186 3986 1373 4049 pretiis
1398 4000 1542 4036 com·

469 4058 833 4125 pellerentur?
898 4060 1096 4110 Verum
1119 4076 1236 4110 eum
1269 4061 1543 4113 ‘coemtio’

468 4137 583 4188 haec
612 4139 628 4164 ⁸
652 4135 869 4186 indicta'
907 4134 1068 4185 fuerit
1096 4137 1113 4164 ‘
1140 4138 1344 4189 acerboe
1382 4127 1542 4189 famis

468 4220 709 4277 tempore
725 4211 757 4272 ;’
782 4227 898 4262 cum
923 4212 1130 4265 dicatur
1148 4222 1162 4244 ·
1184 4216 1355 4279 gravis
1376 4223 1537 4282 atque

467 4287 851 4353 inexplicabilis
865 4288 901 4354 3’
916 4305 1033 4342 cum
1049 4290 1410 4359 ‘profligatura
1424 4293 1534 4345 ino·

1633 1375 1719 1441 pia
1758 1372 2094 1439 Campaniam
2139 1372 2455 1441 provinciam
2490 1372 2701 1425 videre-

1632 1462 1718 1503 tur
1733 1453 1767 1516 ;'
1785 1468 1901 1504 cum
1917 1454 2212 1504 ‘commune
2233 1451 2576 1503 commodum’
2596 1452 2697 1502 lrac

1631 1530 1916 1579 laederetur
1932 1545 1956 1592 ς
1968 1539 2249 1595 propterea
2267 1530 2582 1580 arbitramur
2596 1530 2702 1579 hac

1631 1607 1648 1635 ‘
1672 1605 1980 1656 coemtioue’
2012 1614 2294 1671 utrumque
2316 1605 2619 1670 significari,
2641 1613 2699 1657 et

1631 1680 1988 1731 Provinciales
2017 1681 2298 1747 praedictas
2330 1682 2536 1745 species
2568 1681 2699 1731 fisco
2720 1743 2738 1752 ,

1629 1757 1856 1807 vendere
1896 1758 2081 1809 minori
2128 1759 2318 1823 pretio,
2362 1764 2419 1809 et
2461 1757 2530 1807 ab
2578 1759 2698 1822 ipso

1629 1833 1837 1886 easdem
1860 1834 2051 1898 majori
2087 1834 2260 1899 pret-io
2293 1848 2467 1884 emere
2505 1848 2697 1898 cogen-

1628 1911 1752 1962 dos:
1789 1911 1909 1962 hinc
1949 1912 2202 1964 Bo'e'thius
2236 1911 2526 1961 ‘adversus
2558 1925 2696 1974 pra»,-

1627 1986 1824 2039 fectum
1865 1989 2098 2053 praetorii
2137 1994 2406 2038 certamen
2445 1986 2700 2051 suscepit,

1629 2064 1788 2128 Rege'
1810 2065 2141 2115 Theoderico
2160 2066 2176 2094 ‘
2195 2070 2548 2128 cognoscente
2570 2076 2696 2112 eon-

1627 2142 1815 2204 tondit,
1834 2149 1890 2192 et
1912 2156 1976 2192 ne
1990 2141 2212 2193 coemtio
2235 2141 2553 2205 exigeretur,
2588 2139 2697 2188 evi-

1627 2217 1735 2270 cit?
1792 2218 1897 2269 Sed
1954 2217 2082 2284 quid
2133 2220 2150 2247 ‘
2170 2216 2457 2280 Campania
2476 2214 2513 2265 ξ’
2568 2215 2696 2280 qnid

1626 2297 1643 2324 ‘
1669 2295 1957 2360 proefectus
1989 2292 2270 2359 praetorii?
2312 2291 2596 2356 Campania
2614 2306 2694 2341 re-

1622 2371 1925 2435 gio·1taliae
1961 2370 2325 2421 fertilissima:
2381 2369 2516 2418 hanc
2575 2374 2695 2433 post

1621 2447 1849 2498 Plinium
1891 2447 2141 2498 describit
2175 2447 2351 2496 Florus
2389 2446 2429 2498 1.
2451 2458 2493 2495 1.
2538 2460 2587 2496 c.
2609 2448 2692 2496 16.

1620 2525 1935 2588 *Οιιιιιίιιῐιι,”
1967 2524 2155 2591 inquit,
2196 2527 2212 2552 ⁸
2235 2539 2336 2573 non
2381 2523 2536 2573 modo
2579 2523 2689 2573 Ita-

1624 2604 1711 2663 lia,
1735 2604 1827 2653 sed
1864 2610 1975 2654 toto
1998 2602 2128 2653 orbe
2150 2606 2431 2663 terrarum,
2454 2599 2693 2665 pulcher·

1624 2682 1756 2731 rima
1798 2681 2098 2746 Campaniae
2158 2679 2315 2743 plaga
2359 2686 2462 2728 est.
2549 2678 2696 2727 Nihil

1623 2759 1830 2809 mollius
1875 2759 2048 2809 coelo:
2085 2754 2313 2822 denique
2360 2754 2442 2805 bis
2483 2752 2694 2804 floribus

1625 2842 1824 2887 vernat.
1893 2836 2042 2887 Nihil
2065 2833 2281 2884 uberius
2302 2831 2411 2883 solo
2427 2847 2444 2881 ε
2468 2831 2589 2880 ideo
2612 2831 2697 2881 Li-

1624 2912 1734 2962 beri
1791 2911 2113 2976 Cererisque·
2157 2921 2424 2960 certamen
2475 2907 2690 2958 dicitur.

1627 2989 1772 3039 Nihil
1804 2988 2115 3053 hospitalius
2154 2987 2323 3037 mari:
2358 2986 2445 3036 hie
2483 2985 2562 3035 illi
2608 3000 2726 3056 noy

1625 3064 1760 3114 biles
1784 3069 1995 3129 portus,
2020 3064 2233 3126 Caieta,
2245 3063 2506 3126 Misenus,
2537 3067 2593 3112 et
2615 3069 2696 3113 te·

1625 3142 1810 3206 pentes
1835 3134 2069 3192 fontibus
2104 3140 2282 3192 Baiae:
2327 3139 2599 3199 Lucrinus,
2635 3146 2697 3190 et

1626 3217 1884 3276 Avernus,
1928 3217 2165 3284 quaedam
2203 3217 2360 3266 maris
2393 3217 2516 3266 otia.
2588 3215 2694 3265 Hic
2751 3209 2755 3212 ’

1622 3295 1799 3345 amicti
1822 3295 2015 3345 vitibus
2038 3301 2238 3343 montes
2261 3292 2695 3349 Gaurus‚.Faler-

1620 3386 1738 3433 nus,
1772 3371 2061 3432 Massicus,
2090 3376 2145 3419 et
2181 3368 2560 3433 pulcherrimus
2581 3382 2691 3418 om-

1615 3449 1757 3500 nium
1778 3447 2055 3509 Vesuvius,
2074 3445 2264 3495 AEtnaei
2285 3444 2419 3509 ignis
2437 3444 2696 3496 imitator.-

1618 3526 1791 3576 Urbes
1816 3522 1880 3574 ad
1905 3538 2066 3580 mare,
2085 3522 2329 3584 Formiae,
2346 3523 2545 3584 Cumae,
2580 3524 2692 3573 Pu-

1622 3602 1765 3663 teoli,
1789 3600 2059 3665 Neapolis,
2082 3599 2492 3661 Herculaneum,
2533 3599 2693 3649 Pom·

1625 3677 1752 3743 peii‚
1783 3682 1840 3727 et
1887 3677 2002 3741 ipsa
2043 3682 2205 3740 caput
2243 3674 2445 3725 urbium
2491 3675 2697 3738 Capua,

1625 3752 1884 3818 quondam
1902 3752 2039 3802 inter
2058 3758 2167 3802 tres
2183 3753 2450 3812 maximas,
2473 3752 2688 3800 Romam

1622 3830 2092 3894 Carthaginemque
2114 3827 2420 3879 numerata?
2457 3826 2690 3878 Praefec·

1620 3914 1707 3958 tus
1744 3915 1921 3958 autem
1966 3906 2223 3972 praetorii,
2252 3911 2313 3956 ut
2345 3905 2423 3955 ait
2445 3906 2688 3969 Rosinns,

1617 3985 1634 4013 ‘
1658 3984 1875 4048 dieitur,
1916 3985 2002 4050 qni
2037 3982 2284 4034 militibus
2330 3983 2395 4032 iis
2438 3990 2693 4047 praeerat,

1618 4078 1746 4129 quos
1784 4064 2139 4125 Imperatores
2178 4061 2233 4111 in
2272 4061 2351 4111 sui
2394 4060 2690 4111 custodiam

1619 4138 1943 4204 allegeram!
2012 4139 2269 4188 Nimirum
2317 4137 2458 4202 apud
2500 4138 2692 4187 Roma-¹

1614 4232 1729 4280 nos,
1752 4216 1981 4281 Regibus
2001 4215 2220 4274 exactis,
2243 4215 2398 4265 iidem
2421 4215 2692 4280 qui,·quod

1613 4294 1941 4345 consulerent
1955 4292 2222 4359 Senatum,
2238 4291 2516 4357 Consules,
2542 4290 2689 4365 quod
