3049 4928
525 329 656 415 178‘

1230 365 1540 441 Boss'rnu
1592 367 1689 416 DE
1736 367 2043 420 nsulsum

524 509 735 577 Hunc
764 507 1080 578 nobilitas
1107 520 1340 578 notum
1371 514 1592 593 facit,0
1639 516 1758 581 sed
1786 514 2095 600 angustia
2124 519 2218 583 rei
2248 517 2599 586 familiaris
2629 522 2724 585 in-

528 614 800 695 clusa&
842 615 996 682 esse
1023 618 1250 682 mallet
1278 620 1564 701 ignotus.

527 727 670 785 tam
728 721 1041 787 coelibem
1097 720 1357 787 deflet!

591 946 612 971 θ
645 939 785 988 Alter
801 936 969 987 nobilis
988 944 1079 1003 est,
1109 925 1194 990 sed
1220 927 1501 1005 paupertate
1518 927 1770 1007 premitur.

524 1003 721 1068 conjuge
736 1018 895 1054 carere
914 1005 1057 1053 dolet.

1656 619 1781 684 Ille
1797 619 2075 704 utroque
2109 623 2535 687 circumfluus
2560 632 2586 672 P
2628 625 2724 688 vi-

1458 723 1587 788 Ille
1632 725 1890 808 nuptiis
1935 725 2157 802 selim
2223 726 2426 790 orbus
2477 727 2725 806 liberis,

1921 940 1948 975 ἆ
1985 941 2175 993 Tertius
2194 946 2241 991 et
2273 942 2404 992 dives
2425 947 2469 992 et
2493 942 2662 993 nobilis
2680 931 2728 992 se

1517 1122 1733 1173 NOTAE

588 1267 612 1294 ⁰
636 1259 781 1315 Hunc
798 1260 1023 1312 nobilitas
1043 1262 1369 1327 notumsacit]
1388 1262 1586 1313 Secun-

526 1337 647 1389 dum
671 1339 967 1402 exemplum
1000 1346 1081 1390 est
1115 1339 1183 1390 de
1218 1340 1475 1391 nobilibus
1512 1338 1588 1389 vi-

522 1415 624 1466 ris:
662 1416 745 1465 hic
789 1421 965 1465 autem
998 1416 1334 1482 Philosophia
1378 1416 1590 1467 videtur

522 1492 625 1541 vim
646 1490 823 1543 facere
848 1492 902 1542 in
924 1492 1105 1557 verbo,
1136 1493 1259 1543 dum
1281 1494 1429 1559 dicit,
1459 1495 1473 1521 ‘
1496 1508 1588 1543 no·

522 1568 695 1619 bilitas
717 1577 897 1620 notum
920 1567 1087 1633 facit,'
1118 1569 1136 1599 ‘
1152 1569 1342 1620 nobilis
1359 1570 1375 1593 '
1397 1569 1534 1619 enirn
1558 1584 1591 1618 a

521 1646 536 1673 ‘
554 1646 769 1710 notum,'
802 1647 936 1695 sicut
960 1662 989 1695 a
1021 1646 1036 1673 ‘
1057 1646 1284 1696 motum'
1318 1646 1590 1697 ‘mobilis’

521 1722 735 1785 dicitur,
759 1728 816 1772 ut
841 1721 1029 1771 nobilis
1063 1723 1151 1785 sit,
1184 1723 1330 1787 quasi
1362 1724 1589 1773 nominis

522 1799 765 1848 claritate
790 1804 959 1849 notus.
1030 1798 1192 1865 Atqui
1226 1807 1280 1849 et
1301 1800 1379 1848 his
1403 1799 1588 1849 nobili-

519 1873 616 1924 bus
638 1890 731 1923 sua
753 1888 867 1924 esse
891 1881 1070 1939 potest
1090 1884 1376 1941 paupertas
1394 1877 1591 1941 suppli·

521 1952 692 2001 cium:
728 1952 743 1978 ‘
763 1952 1000 2016 angustia
1034 1953 1110 2002 rei
1142 1952 1405 2004 familiaris
1429 1954 1591 2004 inclu-

521 2044 626 2091 sus,
693 2044 803 2080 esse
858 2028 1070 2080 mallet’
1136 2031 1322 2081 nobilis
1377 2031 1586 2097 quidam

518 2108 535 2135 ‘
559 2107 761 2172 ignotus
782 2106 816 2157 ε’
850 2107 1049 2171 optime
1088 2113 1263 2158 autem
1303 2116 1589 2172 paupertas

522 2191 735 2232 vocatur
747 2183 763 2212 ⁶
782 2184 1017 2248 angustia
1033 2184 1109 2234 rei
1129 2183 1426 2235 fammaris?
1449 2186 1586 2236 Nam

522 2267 662 2309 sicut
684 2260 828 2310 dives
861 2261 969 2309 suis
1012 2261 1241 2325 palatiis,
1276 2263 1434 2327 agris,
1469 2263 1589 2312 viti-

522 2337 639 2399 bus,
653 2338 892 2402 nummis»,
906 2339 1176 2402 armentiS,
1190 2340 1587 2406 hominibusque

521 2413 762 2477 subditis,
796 2414 982 2480 quibus
1020 2416 1179 2467 veluti
1219 2416 1588 2467 circumfundi-

525 2497 626 2553 tur,
688 2505 751 2540 eo
807 2491 1137 2542 auctoritatis
1203 2495 1585 2558 potestatisque

520 2567 729 2617 videtur
753 2567 1015 2630 dilatatus,
1039 2576 1098 2619 ut
1130 2584 1186 2618 se
1210 2568 1367 2620 facile
1401 2571 1589 2621 credat

519 2644 638 2694 inex
647 2646 996 2717 pugnabilem‚
1004 2646 1166 2710 juxta
1186 2647 1311 2697 illud
1333 2648 1587 2699 Proverb.

519 2725 568 2772 8.
619 2721 944 2772 ‘substantia
988 2723 1166 2773 divitis
1211 2725 1332 2774 urbs
1372 2726 1583 2776 ‚roboris

520 2798 634 2862 ejus
653 2798 685 2861 ;'
708 2799 783 2848 sic
802 2814 1004 2863 pauper
1020 2816 1113 2850 sua
1137 2801 1375 2865 taberna,
1400 2804 1588 2868 agello,

518 2875 754 2940 viticula,
791 2883 847 2926 et
880 2891 1159 2940 puerorum
1183 2878 1389 2928 sarcina
1420 2880 1586 2929 veluti

516 2952 734 3002 obrutus
790 2950 1196 3018 coangustatur:
1255 2955 1374 3005 hinc
1419 2956 1587 3006 Hora-

518 3029 620 3079 tius
645 3031 819 3082 Carm.
862 3031 898 3081 1.
939 3046 1026 3081 111.
1066 3029 1170 3082 Od.
1191 3036 1241 3081 2.
1280 3032 1586 3095 pauperiem

518 3114 670 3157 vocat
693 3115 999 3172 angustam:
1036 3107 1379 3172 ‘Angustan1,
1414 3109 1588 3175 amici,

516 3186 817 3247 pauperiem
836 3185 947 3249 pati
976 3185 1236 3236 Robustus
1257 3184 1369 3236 acri
1398 3185 1588 3236 militia

517 3256 649 3323 puer'
671 3261 989 3312 Condiscat.’

579 3344 606 3378 Ρ
642 3338 734 3388 Ille
769 3343 965 3404 utroque
987 3340 1317 3406 circumfluus]
1342 3341 1586 3392 Tertium

516 3415 808 3478 exemplum
829 3423 912 3466 est
932 3416 998 3466 de
1022 3418 1103 3480 iis,
1122 3419 1208 3483 qui
1237 3420 1434 3485 pariter
1455 3419 1587 3469 divi·

514 3496 597 3540 tes
620 3498 740 3541 sunt
762 3498 817 3542 et
847 3490 1094 3554 nobiles;
1132 3495 1223 3544 sed
1266 3495 1354 3560 qui
1392 3496 1445 3544 in
1486 3497 1585 3546 hoc

513 3581 569 3616 se
593 3574 780 3632 putant
814 3568 1081 3632 iniciiceS,
1118 3571 1255 3634 quod
1298 3572 1458 3620 vitam
1493 3572 1586 3622 du-

475 3642 482 3647 ’
515 3650 640 3693 cant
656 3645 882 3710 conjugii
899 3653 1201 3711 expertem:
1227 3647 1243 3675 ‘
1262 3647 1428 3697 vitam
1444 3649 1586 3698 coeli-

515 3720 634 3770 bem
666 3720 864 3772 deflent
881 3723 913 3773 :'
946 3723 1053 3772 vita
1077 3724 1211 3772 enim
1238 3724 1469 3789 conjugii
1494 3721 1586 3775 ex'-

515 3811 636 3859 pers
660 3803 875 3848 vocatur
908 3799 1135 3851 coelebs:
1175 3799 1313 3851 forte
1336 3802 1459 3867 quia
1481 3817 1584 3852 coe-

514 3875 637 3925 lesti
661 3876 862 3927 similis.

581 3960 606 3994 «ἱ
629 3954 719 4004 Ille
738 3955 918 4018 nuptiis
925 3954 1081 4021 felix]
1118 3959 1376 4011 Quartum
1409 3973 1584 4009 exem-

516 4030 657 4093 plum
681 4037 763 4081 est
780 4032 845 4082 de
869 4048 933 4083 eo
978 4035 1067 4099 qui
1103 4050 1266 4084 uxore
1301 4034 1431 4084 felix
1466 4041 1580 4086 est:

511 4107 650 4172 quod
670 4109 939 4172 praedictis
958 4112 976 4142 ‘
994 4112 1188 4175 nuptiis
1202 4115 1214 4134 '
1260 4111 1456 4174 optime
1479 4111 1581 4175 sig·

514 4182 790 4236 nificaturz
826 4187 1060 4250 quamvis
1083 4188 1222 4235 enim
1248 4188 1445 4250 nuptiae
1479 4202 1582 4238 non

516 4258 620 4309 sint
659 4259 771 4310 sine
824 4268 1044 4327 utroque
1099 4263 1341 4328 conjuge,
1397 4265 1577 4315 melius

1662 1268 1837 1312 tamen
1891 1260 2088 1325 nuptiae
2141 1262 2386 1313 dicuutur
2442 1261 2510 1310 de
2566 1276 2731 1313 uxore

1663 1354 1816 1404 quam
1838 1338 1904 1389 de
1929 1340 2141 1389 niarito:
2177 1338 2311 1404 quod
2333 1352 2450 1387 cum
2475 1337 2562 1387 illa
2580 1352 2735 1406 sponq

1664 1431 1721 1465 sa
1768 1416 2116 1466 deduceretur
2154 1415 2219 1465 ad
2252 1405 2512 1475 maritum,
2540 1414 2735 1465 faciem

1663 1492 1899 1544 flammeo
1923 1494 2142 1544 nuberet
2176 1492 2287 1541 sive
2334 1492 2572 1541 velaret:
2609 1492 2735 1542 hinc

1666 1577 1845 1635 nupta,
1870 1570 2203 1633 connubium,
2226 1572 2327 1619 ὅτε.
2396 1569 2596 1631 Magna
2615 1583 2738 1631 por-

1665 1661 1724 1696 ro
1748 1646 1976 1696 felicitas
2011 1646 2202 1707 mariti,
2241 1645 2392 1708 cnjus
2416 1653 2499 1694 est
2530 1643 2738 1707 optima

1663 1736 1829 1773 uxor:
1865 1723 2054 1772 donum
2078 1723 2288 1772 coeleste
2312 1729 2410 1771 est.
2434 1774 2439 1778 ,
2469 1720 2734 1771 Proverb.

1665 1815 1784 1850 xix.
1822 1802 1837 1829 ‘
1860 1801 2042 1850 domus
2071 1807 2126 1850 et
2149 1799 2346 1848 divitiae
2370 1799 2559 1848 dantur
2583 1812 2616 1846 a
2641 1796 2747 1861 pai

1664 1877 1919 1942 rentibus,
1960 1894 1991 1927 a
2028 1877 2257 1927 Domino
2299 1882 2474 1926 autem
2514 1875 2737 1939 proprie

1664 1969 1794 2004 uxor
1818 1954 2087 2020 prudens&
2143 1952 2219 2004 At
2257 1951 2479 2003 felicitas
2500 1952 2613 2001 haec
2636 1967 2739 2002 sae-

1663 2032 1778 2095 pius
1791 2032 2019 2082 orbitate
2035 2031 2278 2081 turbatur
2294 2033 2342 2094 ².‘
2361 2029 2514 2079 orbus
2533 2029 2742 2092 liberis,

1663 2109 1830 2160 alieno
1852 2124 2062 2159 censum
2084 2110 2249 2159 nutrit
2265 2108 2460 2158 haeredi
2475 2107 2507 2159 ς’
2525 2107 2742 2158 Seneca

1661 2186 1714 2235 in
1754 2186 2050 2251 Hippolyto
2095 2200 2169 2250 vs.
2215 2175 2359 2234 1248.
2417 2184 2452 2247 „⁴
2479 2183 2527 2234 Ο
2576 2184 2741 2235 triste

1662 2262 1844 2313 fractis
1869 2263 2064 2312 orbitas
2083 2261 2437 2326 annisssmaium
2450 2258 2482 2308 1'
2517 2259 2740 2326 Hoeres,

1661 2340 1728 2390 ab
1764 2341 1901 2390 liero'
1921 2339 2115 2401 dictus,
2149 2337 2294 2404 quasi
2317 2336 2358 2385 is
2380 2336 2451 2385 sit
2473 2335 2739 2385 bonorum

1661 2414 1917 2481 dominus,'
1953 2414 2093 2480 apud
2127 2412 2470 2477 jurisperitos
2507 2411 2742 2476 duplicis

1661 2503 1741 2546 est
1771 2495 2014 2560 generis:
2051 2507 2240 2556 nempe
2288 2506 2432 2554 suus,
2468 2496 2523 2540 et
2557 2498 2747 2540 exter-

1660 2568 1776 2621 nus.
1841 2571 1856 2598 ‘
1883 2571 1975 2620 Sui
2001 2566 2287 2631 Haeredes,’
2325 2576 2384 2616 ut
2410 2566 2608 2617 dicitur
2647 2567 2743 2617 Ina

1661 2650 1770 2699 stit.
1793 2651 1829 2699 l.
1854 2663 1918 2698 ιι.
1941 2648 2044 2698 Tit.
2081 2651 2162 2696 19.
2199 2648 2246 2710 ς.
2269 2649 2320 2696 2.
2346 2650 2372 2705 β
2393 2643 2510 2693 ideo
2546 2646 2744 2708 appel.

1657 2727 1852 2789 lantur,
1883 2725 2003 2791 quia
2025 2722 2302 2773 domestici
2324 2719 2560 2771 haeredes
2583 2728 2740 2784 sunt,

1661 2811 1718 2854 et
1757 2804 1873 2853 vivo
1910 2817 2117 2868 quoque
2161 2806 2312 2864 patre
2347 2797 2739 2865 quodammodo

1661 2881 1859 2931 domini
1912 2879 2296 2939 existimantur,
2349 2876 2523 2926 veluti·
2567 2874 2740 2940 filius,

1660 2957 1788 3018 filia,
1809 2970 1991 3021 nepos,
2012 2954 2252 3018 neptisve
2271 2950 2337 3003 eir
2358 2951 2484 3016 filio,
2505 2960 2563 3002 et
2584 2953 2742 3003 dein·

1662 3048 1788 3098 ceps
1831 3032 2015 3083 ceteri*
2046 3029 2234 3082 liberi!
2298 3030 2552 3079 Extranei
2585 3045 2742 3092 vero,

1661 3112 1748 3176 qui
1800 3112 1882 3160 hic
1931 3116 2186 3160 vocantur
2216 3106 2445 3172 ‘alieni,’
2492 3108 2739 3158 haeredes

1661 3189 1677 3216 ‘
1701 3188 1951 3238 dicuntur
1984 3184 2192 3249 ceteri,'
2233 3185 2309 3234 ait
2329 3182 2566 3246 vinnius,
2595 3185 2622 3244 ,ὅ
2644 3185 2740 3250 qui

1662 3280 1763 3315 non
1785 3273 1906 3315 sunt
1925 3265 2004 3314 sui
2028 3270 2083 3314 et
2105 3259 2418 3313 domestici!
2474 3259 2743 3325 At'quan-

1663 3349 1772 3393 tum
1807 3343 1956 3392 homo
1995 3355 2050 3391 se
2081 3353 2304 3404 suosque
2343 3352 2519 3388 amans
2555 3338 2738 3387 ‘suis'

1661 3419 1957 3469 haeredibus
2006 3418 2236 3479 laetatur,
2298 3415 2608 3466 tantundem
2666 3416 2736 3466 de

1659 3487 1967 3547 “extraneis
1985 3494 2002 3519 '
2026 3494 2135 3544 sive
2158 3497 2175 3524 ‘
2203 3493 2404 3544 alienis'
2424 3490 2739 3547 afflictatur.

1663 3573 1997 3622 Ecclesiastae
2018 3577 2067 3621 4.
2115 3572 2131 3600 ‘
2160 3570 2510 3622 considerans
2551 3570 2737 3632 reperi

1661 3659 1719 3701 et
1740 3651 1892 3700 aliam
1925 3651 2211 3700 vanitatem
2249 3648 2344 3698 sub
2368 3649 2510 3699 Sole.
2580 3648 2739 3699 Unus

1662 3734 1759 3790 est,
1803 3733 1858 3777 et
1901 3725 2182 3776 secundum
2235 3739 2339 3774 non
2393 3725 2574 3786 habet,
2626 3741 2738 3777 non

1658 3805 1840 3864 filium,
1880 3820 1981 3854 non
2013 3803 2249 3865 fratrem,
2283 3811 2341 3854 et
2380 3811 2558 3854 tamen
2582 3805 2738 3856 labo-

1662 3895 1778 3931 rare
1803 3896 1904 3930 non
1938 3888 2129 3945 cessat,
2163 3896 2259 3930 nec
2295 3881 2557 3932 satiantur
2590 3885 2739 3934 oculi

1659 3960 1768 4024 ejus
1813 3960 2022 4017 divitiis,
2067 3975 2165 4010 nec
2211 3960 2472 4023 recogitat
2507 3959 2738 4010 dicens:

1661 4037 1754 4085 Cui
1785 4036 1961 4085 laboro
1995 4044 2050 4085 et
2082 4034 2267 4085 fraudo
2298 4036 2522 4085 animam
2557 4051 2740 4088 meam

1658 4112 1837 4162 bonis?
1869 4113 1922 4161 in
1954 4111 2052 4161 hoc
2088 4127 2293 4178 quoque
2328 4111 2531 4164 vanitas
2555 4120 2643 4163 est
2678 4121 2739 4165 et

1660 4187 1874 4238 afflictio
1894 4187 2151 4253 pessima.'
