3049 4928
507 412 649 480 2¹⁷8·

1209 425 1512 476 son'rml
1564 427 1668 475 ΠΒ
1713 427 1856 476 GON
1867 427 2029 475 801„

596 573 733 652 Da,
762 578 1000 660 pater:²
1040 578 1385 655 augustam
1413 573 1616 637 menti
1646 571 2089 637 conscendere
2122 572 2374 653 sedem,

599 677 712 742 Da
740 677 993 741 fontem
1024 677 1308 740 lustrare
1333 676 1521 753 boni,
1553 674 1642 739 da
1668 675 1819 740 luce
1855 683 2122 760 reperta

601 781 682 844 In
710 788 775 847 te
800 773 1216 864 conspicuos
1246 780 1454 844 animi
1488 778 1772 864 defigere
1800 781 2013 862 visus.

591 884 854 969 Disjice
885 890 1161 948 terrenae
1192 883 1477 948 nebulas
1506 889 1575 947 et
1603 881 1911 966 pondera
1939 882 2164 961 molis,

596 987 824 1072 Atque
851 993 971 1052 tuo
1000 987 1355 1072 splendore
1388 987 1604 1052 mica:
1652 995 1723 1050 tu
1755 1004 2047 1070 namque
2080 985 2450 1064 serenum,⁴

594 1090 704 1155 Tu
732 1092 1001 1176 requies
1028 1091 1389 1174 tranquilla
1416 1091 1554 1175 piis
1575 1111 1593 1156 ι
1611 1099 1635 1127 ·
1680 1101 1748 1156 te
1777 1108 2081 1167 cernere,
2113 1089 2292 1169 finis,

511 1304 838 1370 regredientis.
906 1304 1010 1365 Da,
1047 1310 1202 1369 pater,
1240 1307 1304 1356 da
1331 1306 1480 1356 menti
1522 1310 1701 1357 nodroe
1736 1321 1982 1369 assurgere
2013 1307 2065 1356 in
2095 1303 2276 1354 Solium
2297 1309 2433 1355 tuum
2453 1306 2621 1367 regale
2635 1320 2661 1363 ,·
2675 1305 2740 1355 da

513 1386 723 1435 quoerere
743 1371 978 1433 originem
1001 1371 1140 1428 boni:
1174 1373 1254 1432 da,
1287 1372 1463 1421 lumine
1494 1373 1696 1434 detecto,
1714 1372 1919 1437 defigere
1941 1372 1992 1421 in
2016 1378 2063 1421 te
2082 1371 2235 1420 claros
2251 1374 2521 1433 conspectus
2542 1371 2739 1422 mentis.

514 1436 719 1501 Expelle
735 1437 899 1486 nubem
922 1442 970 1486 et
993 1438 1286 1498 gravitatem
1320 1438 1551 1487 machinoe
1589 1438 1864 1495 terrestris:
1895 1443 1942 1486 et
1980 1451 2169 1487 corusca
2193 1442 2272 1485 tuo
2283 1434 2509 1498 fulgore:
2544 1451 2663 1484 nam
2683 1443 2739 1484 tu

512 1502 741 1553 menites
762 1516 832 1564 es,
854 1506 907 1552 tu
928 1502 1058 1567 quies
1085 1502 1341 1566 tranquilla
1361 1504 1556 1568 probis:
1588 1507 1636 1553 et
1659 1508 1823 1553 nostra
1842 1504 1900 1552 de
1919 1507 1967 1552 te
1986 1500 2285 1567 notiofinis5
2314 1502 2436 1565 qnod
2464 1501 2533 1550 sis
2549 1502 2743 1565 prinei-

1505 1639 1722 1691 NOTAE

512 1779 696 1826 tennes
742 1779 1042 1823 nascentem
1094 1787 1361 1824 arcessere
1405 1772 1576 1824 vitas!

518 1850 717 1899 Postea
758 1850 837 1898 11ae
884 1847 1109 1897 minores
1165 1849 1349 1898 animoe
1396 1847 1579 1898 iisdem

514 1925 698 1989 causis,
719 1924 906 1989 quibus
921 1923 1207 1987 praedictus
1222 1924 1436 1989 spiritus
1449 1924 1580 1975 Uni-

513 2001 672 2063 versi,
693 2000 848 2063 fiunt,
868 1999 1118 2049 videlicet
1139 2015 1203 2049 ex
1223 1999 1409 2051 eadem
1443 2000 1460 2029 ‘
1476 2015 1583 2050 ma·

515 2078 650 2129 teria
670 2075 951 2139 fluitante,'‚
969 2082 1024 2125 et
1061 2076 1125 2126 ab
1163 2078 1276 2143 ipso
1312 2079 1452 2142 Deo,
1474 2094 1583 2128 ser·

514 2155 650 2204 vatis
689 2153 873 2203 iisdem
911 2160 1113 2204 naturae
1151 2155 1370 2219 legibus.
1437 2157 1584 2207 Prae-

518 2240 665 2281 terea
702 2231 900 2280 eaedem
944 2232 1129 2283 animae
1164 2233 1411 2285 dicuntur
1446 2236 1462 2264 ‘
1486 2250 1578 2300 ap-

517 2316 648 2359 tatoe
689 2309 892 2360 levibus
925 2309 1200 2371 curribus,’
1222 2311 1320 2362 hoc
1344 2320 1447 2376 est,
1467 2327 1581 2364 cor-

517 2386 754 2451 poribus,
777 2388 962 2452 quibus
985 2388 1337 2454 includuntur,
1358 2406 1581 2457 quaeque

521 2464 651 2530 ipsae
676 2480 886 2516 movere
909 2472 967 2516 et
1003 2480 1190 2531 regere
1225 2468 1486 2533 videntur,
1523 2477 1583 2520 ut

515 2550 703 2593 vector
723 2558 935 2594 movere
956 2550 1014 2594 et
1045 2559 1234 2609 regere
1269 2562 1478 2597 currum
1501 2563 1583 2597 so·

518 2620 627 2671 let:
663 2622 830 2671 anima
855 2621 993 2671 enim
1013 2622 1205 2685 plantae
1230 2638 1280 2673 v.
1299 2639 1350 2688 g.
1372 2623 1586 2675 diversa

517 2705 602 2749 est
624 2699 691 2748 ab
727 2699 894 2765 anima
914 2699 1132 2749 bestiaez
1184 2705 1242 2750 et
1273 2700 1446 2751 anima
1469 2701 1585 2751 bes·

518 2775 607 2823 tioe
630 2790 728 2839 pro
748 2775 967 2826 diversis
989 2775 1272 2827 bestiarum
1304 2779 1586 2842 generibus

520 2846 711 2901 iterum
726 2852 939 2902 diversa
961 2860 1059 2903 est.
1091 2853 1179 2904 Sic
1201 2855 1383 2904 animm
1409 2871 1586 2921 apum,

519 2928 586 2978 de
609 2928 792 2994 quibus
822 2930 934 2993 jam
970 2931 1282 2994 loquebatur
1318 2931 1591 2997 Virgilius,

519 3005 626 3056 dici
651 3013 871 3070 possunt
890 3008 906 3034 ‘
929 3007 1132 3057 levibus
1169 3008 1408 3058 curribus
1442 3015 1590 3074 apta-

520 3083 630 3135 tael
698 3083 920 3150 Insuper
957 3085 1056 3147 his,
1097 3083 1368 3148 praedictae
1402 3086 1587 3137 animae

512 3161 531 3189 ⁶
561 3176 655 3224 per
712 3163 899 3212 coelum
942 3169 1242 3226 terramque
1298 3161 1583 3227 dispersae’

520 3245 669 3287 sunt:
725 3252 841 3288 nam
877 3246 1229 3303 praeterquam
1269 3240 1403 3304 quod
1427 3242 1590 3290 etiam

517 3315 570 3363 in
595 3316 727 3364 coelo
750 3314 1000 3365 stellifero
1022 3314 1160 3367 forte
1195 3332 1473 3368 occurrere
1498 3334 1590 3383 po·

521 3401 623 3442 test
642 3391 819 3440 similis
859 3392 1066 3456 quidam
1103 3394 1337 3458 spiritns,
1374 3397 1461 3461 qni
1494 3411 1590 3460 per

519 3482 709 3530 corpus
750 3467 803 3514 in
843 3483 947 3532 quo
983 3469 1267 3520 includitur
1306 3472 1589 3535 proedictos

517 3544 768 3593 circuitus
792 3552 950 3606 agat3
1001 3546 1228 3597 minores
1267 3548 1370 3598 illae
1403 3551 1590 3601 animm

521 3620 718 3671 suntin
743 3620 945 3683 bestiis,
967 3637 1183 3685 quarum
1207 3625 1319 3674 aiiae-
1339 3627 1393 3675 in
1417 3630 1591 3693 terris,

520 3700 635 3748 aliae
661 3700 713 3748 in
737 3701 870 3749 coelo
907 3700 1050 3750 aetio
1089 3701 1289 3753 vivunt.
1355 3704 1592 3757 Tandem

520 3775 603 3825 hae
627 3777 833 3826 animae*
857 3777 873 3804 ‘
897 3777 963 3826 ad
997 3778 1185 3828 coelum
1222 3793 1488 3832 conversae
1512 3797 1593 3832 re-

521 3859 800 3903 vertuntur
821 3853 855 3903 :’
906 3855 987 3904 hae
1024 3855 1164 3905 enim
1185 3857 1388 3920 snimae,
1408 3865 1595 3923 utpote

521 3944 637 3995 quse
705 3931 936 3994 generali
1000 3946 1274 3996 corporum
1334 3940 1592 3986 motorum

519 4008 658 4072 lege,
705 4022 822 4073 quae
867 4023 1004 4058 nunc
1041 4017 1257 4061 vocatur
1294 4011 1591 4076 ‘benigna,’

520 4099 624 4149 qua
644 4084 813 4134 minus
830 4086 1108 4150 resistitur,
1130 4088 1373 4150 tendunt,
1393 4089 1446 4137 in
1481 4104 1588 4138 coe-

520 4162 644 4226 hun,
664 4178 763 4227 qua
793 4164 962 4212 minus
984 4165 1246 4213 resistitur
1264 4163 1469 4226 iisdem,
1505 4166 1585 4215 ni-

520 4246 731 4290 tuntur:
770 4241 932 4291 veluti
971 4242 1129 4304 ‘igne
1151 4240 1377 4294 reduciz'
1422 4242 1585 4292 maxi-

521 4331 606 4366 ma
635 4317 831 4383 quippe
874 4324 956 4367 est
985 4317 1267 4367 similitudo
1317 4317 1456 4368 inter
1491 4319 1584 4369 has

1659 1772 1855 1823 animas
1877 1780 1935 1824 et
1960 1775 2162 1838 ignem:
2196 1772 2335 1823 unde
2351 1769 2576 1835 Virgilio
2598 1782 2744 1834 prae·

1662 1849 1834 1900 dictus
1887 1853 2103 1915 spiritus
2162 1852 2460 1916 appellatur
2503 1851 2519 1878 ‘
2547 1850 2740 1913 igneus

1665 1926 1844 1991 vigor?
1880 1930 2133 1981 Quoniam
2157 1944 2281 1980 vero
2304 1930 2491 1978 coeium
2510 1927 2747 1977 habetur

1662 2005 1965 2057 altissimum
2004 2008 2106 2057 Dei
2150 2007 2493 2066 domicilinm;
2543 2005 2743 2056 Matth.

1662 2086 1713 2131 5.
1744 2083 1763 2111 ⁶
1787 2096 1891 2132 non
1921 2082 2207 2147 jurandum
2242 2097 2339 2148 per
2378 2082 2588 2144 coelum,
2616 2081 2744 2146 quia

1664 2159 1880 2210 thronus
1928 2161 2031 2211 Dei
2077 2168 2162 2211 est
2175 2159 2210 2223 ς’
2267 2166 2550 2225 propterea
2586 2160 2741 2210 Deus

1663 2251 1803 2288 nunc
1836 2238 2033 2288 dicitur
2068 2237 2085 2266 ‘
2110 2237 2285 2288 facere
2318 2237 2410 2287 has
2450 2237 2650 2286 animas
2672 2236 2741 2285 ad

1662 2328 1718 2364 se
1740 2327 2019 2365 conversas
2052 2318 2248 2366 reverti
2268 2314 2302 2366 ε’
2353 2321 2411 2365 et
2448 2321 2743 2379 propterea

1662 2392 1872 2442 nuncin
1896 2394 2198 2456 exemplum
2222 2391 2575 2442 adducuntur.

1731 2476 1753 2503 ⁶
1775 2470 1879 2534 Da,
1893 2470 2056 2536 pater]
2084 2471 2173 2520 Sic
2211 2476 2432 2521 vocatur
2454 2471 2610 2519 Deus
2634 2482 2741 2519 non

1666 2546 1830 2595 solum
1875 2561 1906 2596 a
1953 2546 2279 2609 Christianis,
2321 2545 2411 2595 sed
2457 2545 2623 2595 etiam
2673 2546 2742 2595 sb

1667 2621 1924 2685 Ethnicis,
1957 2631 2019 2674 ut
2048 2623 2162 2687 jam
2210 2623 2522 2674 notavimus.
2601 2623 2742 2679 Haee

1667 2707 1752 2749 est
1773 2709 1948 2750 sutem
1979 2701 2171 2765 petitio
2194 2698 2569 2764 Philosophiae,
2593 2701 2743 2765 cujus

1668 2776 1835 2839 gratia
1886 2777 2146 2840 predicta
2212 2775 2480 2840 praemisit.
2565 2777 2742 2840 Rogat

1670 2866 1793 2902 vero
1814 2853 2007 2917 Deum,
2029 2860 2090 2903 ut
2122 2852 2243 2902 hinc
2285 2852 2475 2902 liberet
2505 2860 2740 2903 mentem

1669 2929 1899 2979 tenebris
1921 2930 1986 2979 ab
2006 2931 2117 2994 ipso
2149 2941 2369 2992 corpore
2383 2929 2514 2978 ortis
2539 2946 2553 2979 ε
2590 2932 2607 2958 ‘
2631 2945 2742 2980 cor·

1666 3021 1765 3070 pits
1782 3007 1957 3070 enim,'
1989 3007 2110 3070 Sap.
2146 3009 2195 3057 9.
2246 3007 2263 3034 ‘
2286 3005 2419 3071 quod
2452 3005 2741 3070 corrumpi·

1669 3091 1775 3145 tur,
1797 3093 2054 3150 aggravat
2074 3085 2315 3143 animam,
2337 3091 2394 3135 et
2425 3090 2641 3135 terrene
2664 3085 2742 3133 in·

1668 3160 1917 3211 habitatio
1940 3160 2191 3226 deprimit
2226 3175 2433 3210 sensum
2465 3163 2634 3212 multa
2655 3174 2740 3210 co·

1669 3236 1978 3301 gitantem?
2032 3238 2154 3288 inde
2194 3252 2319 3287 vero
2349 3234 2600 3288 informet
2620 3253 2742 3302 cog·

1670 3315 1868 3365 uitione
1896 3314 2080 3364 summi
2106 3312 2246 3374 boni,
2270 3313 2486 3379 ejusque
2507 3329 2709 3365 amore.

1734 3394 1759 3429 ‘¹
1782 3396 1855 3446 Tu
1913 3410 2114 3459 namque
2176 3394 2417 3458 ser-eamn]
2481 3395 2742 3445 Serenans

1671 3481 1911 3524 mentes}
1963 3480 2040 3536 ut,
2060 3472 2494 3537 quemadmodum
2533 3479 2740 3537 tempus

1671 3566 1909 3601 serenum
1962 3550 2179 3614 fingitur
2226 3548 2410 3614 fugare
2448 3550 2636 3610 nubes,
2667 3551 2740 3601 sie

1672 3627 1816 3679 Deus
1837 3628 2026 3678 mentis
2043 3626 2287 3677 tenebras
2312 3627 2496 3692 pellat.

1736 3711 1759 3739 ⁸
1784 3706 1859 3755 Tu
1895 3704 2081 3769 requies
2122 3703 2382 3767 tranquillo
2412 3702 2540 3767 piis]
2592 3703 2739 3752 Dans

1673 3783 2024 3847 cogitationes
2047 3781 2352 3844 tranquillas
2377 3796 2392 3842 ς
2445 3780 2509 3829 iis
2532 3793 2741 3844 nempe,

1673 3860 1781 3926 qui,
1802 3861 1961 3910 dante
1978 3860 2110 3922 Deo,
2126 3872 2218 3907 suo
2232 3871 2358 3922 erga
2376 3857 2552 3907 Deum
2571 3855 2741 3907 officio

1672 3935 1979 3999 funguntur.

1738 4012 1805 4061 Te
1823 4009 2189 4074 cernet-effluis]
2222 4009 2379 4059 Meus
2415 4007 2643 4059 humans
2677 4022 2742 4059 eo

1666 4087 1772 4138 fine
1818 4104 1850 4138 a
1887 4089 2003 4138 Deo
2047 4094 2227 4136 creata
2280 4092 2381 4143 est,
2422 4092 2486 4136 ut
2529 4087 2740 4150 cogitet,

1668 4165 1901 4230 adeoque
1936 4171 1996 4214 ut
2016 4170 2321 4228 cognoscat,
2346 4163 2551 4213 Deum:
2585 4164 2735 4215 Josu.

1668 4247 1749 4294 1⁷.
1814 4245 1830 4272 ‘
1852 4243 1986 4292 Haec
2020 4247 2105 4291 est
2147 4240 2258 4290 vita
2298 4246 2517 4305 aterna,
2536 4246 2602 4290 ut
2620 4252 2735 4303 cog·

1663 4325 1886 4370 noscant
1904 4327 1958 4369 te
1979 4319 2154 4369 Deum
2174 4315 2390 4368 verum?
