3049 4928
1222 419 1531 470 Bon'rnu
1584 419 1682 470 DE
1728 419 2038 474 CONSUL·

1048 566 1195 632 Nec
1227 568 1418 634 victa
1444 567 1723 633 libidine
1753 569 1976 634 colla-¹¹

1049 670 1281 736 Foedis
1313 674 1688 738 summittat
1715 672 2024 736 habenis.

1051 774 1319 840 Etenim
1345 776 1508 840 licet
1537 775 1780 840 Indica
1804 774 1999 857 longe
2704 774 2750 838 5

1045 878 1324 944 Tellusy
1365 887 1485 944 tua
1502 878 1663 962 jura
1691 877 2151 950 nemiseat‚⁸³'⁸
2227 878 2235 885 ’

1045 980 1135 1047 Et
1161 981 1413 1047 serviat
1440 981 1677 1047 ultima
1706 978 1925 1044 Thule
1944 998 1964 1058 3
1982 986 2009 1014 ⁸

1044 1085 1301 1150 Tamen
1332 1091 1513 1150 atras
1544 1084 1794 1169 pellere
1826 1079 2079 1160 curas,'’

513 1298 662 1360 ,ficiat
677 1313 726 1348 se
746 1297 978 1360 voluptati
991 1301 1262 1361 superatum
1280 1295 1496 1358 imperiis
1519 1293 1752 1358 turpibus.
1820 1294 1947 1343 Nam
1967 1293 2181 1357 quamvis
2211 1293 2354 1342 India
2371 1293 2540 1356 procul
2566 1292 2747 1343 dissita

526 1368 706 1413 metuat
741 1369 870 1414 tunm
890 1361 1135 1429 ditionem,
1166 1367 1213 1412 et
1250 1360 1396 1410 Thule
1416 1361 1588 1409 ultima
1620 1359 1811 1422 imperii
1847 1359 2055 1408 Romani
2075 1360 2226 1408 insula
2243 1361 2411 1423 pareat
2431 1358 2525 1407 tibi
2544 1374 2567 1416 ‚⁰
2599 1359 2748 1408 nihil-

1444 1519 1809 1542 nummu

588 1610 652 1658 18
686 1607 817 1661 Mss.
837 1607 1088 1661 Rittersh.
1112 1609 1345 1660 timescat.

1543 1717 1763 1770 NOTAE

525 1851 650 1903 nihil
689 1852 852 1917 possit
883 1852 937 1901 in
972 1857 1202 1904 nostrum
1247 1865 1456 1915 corpus,
1490 1848 1590 1899 nisi

523 1944 625 1994 ope
669 1930 946 1994 spirituum
982 1929 1185 1979 illorum
1207 1944 1220 1977 z
1263 1934 1319 1977 at
1352 1927 1490 1992 quod
1530 1925 1588 1975 ii·

523 2006 641 2055 dem
657 2006 891 2071 spiritus,
906 2005 1009 2055 iter
1027 2005 1208 2054 tritum
1221 2003 1362 2054 facto
1381 2002 1586 2067 agmine

520 2082 696 2133 subire
730 2081 1122 2144 contendentes,
1155 2082 1321 2130 instar
1358 2079 1586 2129 ferarum

522 2158 783 2209 difficilius
828 2158 936 2222 regi
973 2164 1029 2208 et
1063 2157 1223 2207 veluti
1258 2156 1586 2207 mansuefieri

520 2238 724 2302 possint
743 2254 760 2299 ς
779 2236 976 2287 idcirco
999 2251 1134 2287 nunc
1156 2236 1398 2286 dicuntur
1418 2235 1434 2262 ‘
1453 2234 1585 2285 fero·

520 2312 647 2379 ces,’
668 2313 745 2362 ita
765 2319 826 2362 ut
849 2312 1074 2376 ipsorum
1114 2312 1451 2363 moderamen
1475 2326 1581 2360 ma-

508 2390 597 2454 jus
628 2389 697 2440 sit
731 2380 1052 2440 fortitudinis
1077 2396 1132 2439 et
1156 2390 1403 2455 potentlae
1427 2403 1579 2454 argu·

519 2471 767 2516 mentum.

584 2549 611 2575 ¹
647 2543 749 2593 Nec
760 2543 889 2592 victa
902 2542 1098 2592 libidine
1117 2542 1257 2606 colla]
1277 2540 1580 2593 Similitudo

519 2619 755 2670 desumta
777 2634 844 2669 ex
858 2620 1101 2684 captivis,
1120 2620 1206 2686 qui
1231 2619 1365 2670 colla
1376 2619 1577 2669 catenis

518 2697 696 2749 vincta
745 2698 912 2747 solent
965 2711 1147 2760 gerere
1168 2713 1181 2747 z
1241 2696 1577 2762 quamobrem

517 2774 648 2823 colla
664 2773 748 2824 hic
772 2774 1133 2838 intelliguntur
1155 2779 1209 2823 et
1232 2773 1300 2823 de
1324 2778 1501 2824 mente
1523 2780 1581 2824 et

519 2849 586 2898 de
607 2864 847 2915 corpore,
864 2850 1082 2900 libidine
1113 2850 1224 2900 sive
1250 2851 1382 2900 mala
1404 2853 1582 2901 volun·

515 2930 627 2974 tate
639 2926 807 2976 victis:
824 2925 986 2976 libido
998 2926 1189 2991 quippe
1200 2928 1487 2992 generatim
1496 2932 1582 2978 est

515 3002 653 3051 mala
669 3003 918 3065 voluntas,
934 3004 1083 3068 quasi
1110 3018 1255 3053 mens
1272 3004 1409 3052 malo
1424 3003 1580 3053 libitu

516 3092 547 3127 a
568 3086 713 3129 recta
735 3081 817 3128 via
840 3077 1126 3130 deflectens
1144 3079 1367 3130 labatur.
1412 3079 1428 3107 ‘
1451 3077 1577 3128 Om-

515 3169 602 3218 ne,
618 3156 756 3222 quod
776 3158 908 3206 male
927 3157 1072 3218 libet,
1089 3154 1249 3204 libido
1273 3153 1391 3217 est,’
1411 3153 1578 3219 inquit

516 3231 571 3281 S.
590 3231 816 3296 August.
839 3233 874 3283 Ι.
896 3247 979 3282 ιν.
1002 3231 1253 3296 Hypogn.

577 3314 601 3350 5
633 3308 802 3357 Indica
820 3342 832 3357 .
857 3344 871 3358 .
898 3341 912 3357 .
935 3309 1114 3372 Tellus]
1149 3307 1319 3372 India,
1349 3307 1416 3359 ab
1438 3307 1575 3359 Indo

514 3381 726 3435 flumine
748 3384 824 3434 sie
861 3385 1016 3434 dieta.
1082 3386 1179 3435 Est
1216 3392 1391 3435 autem
1426 3393 1576 3435 vasta

513 3464 771 3510 terrarum
793 3461 935 3524 regio
952 3460 1128 3510 Asiam
1158 3461 1224 3510 ad
1251 3463 1441 3512 Ortum
1466 3469 1573 3512 ter-

512 3535 713 3586 minans
736 3552 752 3598 3
800 3537 1133 3602 quamobrem
1174 3537 1261 3588 hie
1314 3538 1576 3603 accipitur

514 3625 608 3676 pro
626 3612 785 3663 Ortu-

573 3696 594 3721 2
623 3689 728 3739 'lica
764 3688 886 3751 jura
917 3688 1186 3754 tremiscat]
1218 3689 1236 3719 ‘
1260 3689 1395 3755 Jus,’
1435 3690 1571 3742 sieut

509 3765 666 3815 docet
696 3766 957 3829 Sanctius,
986 3765 1152 3830 prima
1182 3783 1275 3819 sua
1310 3768 1570 3835 siguifica-

508 3840 652 3890 tione
696 3841 867 3905 signat
905 3844 1048 3892 olera
1078 3849 1168 3894 aut
1203 3846 1438 3909 pultem:
1474 3846 1574 3897 sed

510 3915 633 3978 quia
648 3915 701 3964 in
720 3916 973 3966 conviviis
988 3932 1138 3982 pares
1156 3922 1434 3987 unicuique
1449 3937 1568 3987 par-

508 3998 589 4040 tes
608 3991 884 4058 dabantur,
903 3994 1019 4046 ideo
1035 3992 1484 4061 ‘jus'translatum
1500 3999 1568 4049 ad

506 4066 897 4131 significandum
916 4073 1054 4137 quod
1074 4074 1260 4142 cuique
1281 4090 1429 4125 suum
1452 4082 1534 4125 est
1548 4092 1565 4125 ε

509 4156 575 4191 ex
614 4159 716 4209 quo
756 4146 981 4198 societas
1025 4148 1283 4200 bominum
1322 4150 1566 4201 instituta

505 4219 570 4269 ad
594 4221 916 4273 reddendum
941 4224 1218 4290 unicnique
1241 4227 1377 4291 quod
1419 4241 1568 4276 suum

507 4302 606 4355 est,
629 4299 645 4326 ‘
658 4297 765 4361 jus’
787 4297 994 4349 forense
1019 4299 1244 4361 dieitur3
1280 4301 1356 4351 ita
1389 4308 1447 4351 ut
1477 4301 1569 4352 lto-

1666 1862 1750 1897 mo
1765 1845 1974 1897 dicatur
1990 1847 2165 1898 vocari
2191 1848 2242 1897 in
2266 1846 2418 1912 ‘jus.’
2464 1847 2735 1901 Quoniam

1669 1942 1793 1978 vero
1815 1926 2077 1992 principes
2095 1930 2385 1993 praesertim
2408 1944 2439 1978 a
2465 1930 2589 1979 Deo
2607 1944 2739 1979 con·

1668 2004 1843 2054 stituti
1866 2010 2007 2067 sunt,
2049 2012 2108 2055 ut
2136 2005 2314 2070 populi
2354 2021 2501 2056 suum
2536 2005 2735 2073 quique

1666 2079 1942 2143 habereut,
1986 2090 2264 2146 propterea
2298 2081 2599 2147 principum
2647 2098 2740 2133 vo·

1666 2155 1838 2204 luntas
1857 2161 1913 2205 et
1931 2155 2163 2207 edictum
2185 2158 2482 2221 appellatur
2500 2158 2519 2186 ‘
2529 2158 2669 2222 jus,’
2682 2164 2739 2208 et

1667 2231 1734 2281 ad
1778 2230 1932 2294 hujus
1977 2233 2367 2284 similitudinem
2417 2236 2536 2284 aliae
2583 2236 2736 2300 leges

1663 2306 1832 2371 ‘jura’
1855 2306 2134 2360 dicuntur:
2166 2309 2288 2359 hinc
2323 2309 2502 2374 ‘jura'
2533 2308 2621 2361 hic
2642 2326 2738 2362 cu·

1652 2383 1875 2449 juslibet
1906 2385 2134 2448 potentis
2152 2386 2299 2450 jussa
2337 2393 2475 2436 sunt.

1727 2469 1752 2496 ⁸
1773 2461 1969 2513 Serviat
1989 2462 2158 2513 ultima
2178 2462 2349 2527 ntae]
2363 2463 2530 2514 Thule
2553 2463 2731 2515 insula

1663 2545 1939 2595 terrarum,
1956 2554 2081 2605 quas
2092 2541 2307 2591 Romani
2324 2541 2446 2590 olim
2465 2542 2735 2605 noverint,

1659 2617 1862 2681 ultima,
1897 2623 1953 2667 et
1990 2618 2213 2668 maxime
2263 2617 2727 2682 septemtrionalis

1661 2708 1841 2744 versus
1866 2692 2244 2745 Occidentem:
2279 2693 2419 2743 unde
2454 2694 2541 2743 hic
2574 2700 2729 2744 notat

1664 2768 1944 2819 Occasum.
2030 2768 2205 2833 Vulgo
2243 2767 2436 2818 dicitur
2470 2767 2723 2822 Islandia.

1660 2847 1749 2895 De
1784 2845 1884 2896 hac
1920 2845 2139 2909 regione
2176 2846 2409 2911 loquitur
2450 2845 2645 2910 Virgil.
2682 2859 2722 2897 1.

1661 2921 1859 2986 Georg.
1899 2936 1972 2971 vs.
2003 2926 2087 2971 29.
2153 2923 2169 2951 ‘
2195 2921 2279 2971 Au
2300 2923 2447 2971 Deus
2483 2920 2725 2973 immensi

1660 2998 1836 3047 venias
1859 2996 2016 3047 maris
2039 3014 2053 3048 ε
2091 3013 2152 3047 ae
2174 3004 2263 3048 tua
2293 3004 2470 3047 nautae
2491 2998 2726 3049 Numina

1658 3076 1768 3127 sola
1788 3076 1983 3139 colant,
2000 3076 2095 3128 tibi
2118 3077 2311 3126 serviat
2323 3076 2510 3126 ultima
2523 3075 2727 3125 'Thule'

1723 3150 1747 3184 δ
1777 3151 1930 3201 Atros
1960 3152 2135 3216 pellere
2172 3151 2333 3215 curas]
2371 3153 2387 3181 ‘
2416 3151 2557 3201 Cura
2585 3151 2720 3203 εἰη)

1656 3240 1794 3281 nunc
1839 3235 2057 3280 vocatur
2090 3228 2345 3295 predicta
2376 3227 2558 3278 libido.
2624 3229 2722 3280 Est

1655 3302 1864 3367 quidem
1899 3302 2064 3354 libido
2099 3319 2241 3367 cura,
2262 3302 2401 3369 quod
2431 3317 2578 3354 mens
2604 3303 2720 3355 libi·

1656 3378 1778 3429 dine
1811 3381 2105 3443 praesertim
2128 3381 2304 3431 saucia
2320 3391 2539 3443 uratur;
2577 3381 2717 3431 unde

1655 3456 1802 3520 virg.
1832 3470 1911 3510 ιν.
1936 3458 2138 3508 AEneid.
2177 3473 2253 3509 vs.
2292 3464 2338 3510 l.
2378 3458 2496 3508 ‘At
2534 3459 2718 3523 regina

1656 3532 1802 3597 gravi
1815 3532 1929 3597 jam
1942 3534 2137 3585 dudum
2161 3535 2339 3585 saucia
2359 3548 2502 3591 eura,
2516 3534 2720 3585 Vulnus

1655 3610 1748 3660 alit
1772 3610 1939 3673 venis,
1961 3618 2017 3662 et
2039 3626 2182 3663 caeco
2205 3612 2438 3675 carpitur
2462 3610 2611 3675 igni!
2645 3610 2719 3662 At

1651 3686 1832 3737 eadem
1856 3687 2018 3739 libido
2042 3695 2140 3740 est*
2156 3705 2283 3741 cura
2304 3694 2422 3740 atra
2441 3690 2554 3740 sive
2577 3689 2719 3740 dam-

1650 3776 1799 3816 nosat
1820 3779 1937 3815 nam
1952 3767 2093 3832 apud
2103 3768 2342 3834 antiquos
2362 3766 2560 3818 candor
2571 3767 2720 3830 boni,

1648 3841 1828 3906 nigror
1846 3844 1970 3893 mal-i
2003 3845 2185 3895 ominis
2206 3851 2319 3895 est:
2357 3845 2494 3895 unde
2520 3843 2717 3894 Ethio-

1649 3919 1733 3983 pis
1753 3933 2001 3970 occursus
2037 3920 2378 3973 infortunium
2400 3921 2716 3972 credebatur

1649 3996 1997 4060 portendere:
2045 3998 2172 4048 hinc
2206 3997 2572 4059 melancholia,
2593 4009 2710 4062 qno

1649 4072 1890 4135 pluribus
1904 4074 2054 4124 malis
2076 4072 2353 4124 effectibus
2376 4072 2588 4123 infamis
2609 4079 2707 4136 est,

1645 4148 1663 4176 ‘
1679 4155 1800 4200 atra
1819 4149 1954 4200 bilis’
1965 4152 2260 4215 appellatur
2289 4168 2306 4201 ε
2340 4151 2601 4216 praedicta
2621 4164 2709 4201 au·

1650 4233 1758 4277 tem
1798 4226 1966 4277 libido
2002 4241 2103 4277 non
2148 4229 2313 4278 solum
2350 4227 2583 4292 corpori,
2617 4225 2712 4276 sed-

1650 4303 1809 4354 etiam
1828 4304 1990 4354 menti
2012 4311 2095 4355 est
2118 4304 2382 4355 damnosa.
