3049 4928
485 413 574 479 68

490 573 664 637 ticas
709 569 949 637 Musas
967 568 1039 611 ⁸¹¹
1084 571 1273 651 vidit,
1321 576 1551 636 nostro
1597 556 1996 636 assistentes
2042 577 2241 647 toro:
2281 569 2688 654 fletibusque

489 675 658 739 meis
690 677 893 740 verba
921 676 1279 753 dictantes,
1311 678 1648 739 commota
1679 675 2046 759 paulisper,
2078 693 2161 738 ac
2188 674 2398 738 torvis
2426 673 2691 739 inflam-

489 783 675 841 mata
704 778 1122 856 luminibus?
1210 777 1409 857 QuiS,
1442 777 1676 858 inquit,
1706 776 1826 839 has
1853 776 2158 839 scenicas
2179 786 2206 824 ⁹
2231 775 2687 842 meretriculas

493 878 579 943 ad
611 879 789 965 hunc
821 898 1072 961 aegrum
1112 878 1415 962 permisit
1461 877 1835 942 accedere?
1883 897 2037 960 quae
2077 876 2349 943 dolores
2381 880 2527 963 ejus
2554 897 2691 943 non

490 981 696 1045 modo
742 982 945 1045 nullis
994 981 1300 1046 foverent
1345 979 1705 1057 remediis,⁸
1771 999 2002 1044 verum
2053 979 2363 1044 dulcibus
2412 982 2693 1063 insuper

495 1082 746 1146 alerent
788 1083 1060 1147 venenis
1082 1083 1113 1146 'l
1184 1080 1321 1145 Hae
1353 1086 1512 1145 sunt
1555 1082 1730 1145 enim
1778 1100 1929 1164 quae
1969 1081 2401 1165 infructuosis
2421 1092 2443 1118 '
2488 1080 2694 1171 affec-

491 1190 683 1247 tuum
715 1185 950 1269 spiniS,
1001 1187 1312 1249 uberem³
1371 1184 1703 1248 fructibus
1749 1183 2030 1247 rationis
2082 1189 2374 1266 segetem
2426 1191 2692 1261 necant,

489 1284 960 1371 hominumque
986 1292 1242 1352 mentes
1272 1284 1732 1366 assuefaciunt
1757 1285 2014 1363 morbo,
2055 1305 2186 1349 non
2213 1285 2519 1350 liberant.
2597 1283 2696 1371 At

1192 427 1279 474 Bo
1290 422 1498 473 R'rml
1550 422 1647 473 DE
1697 425 1835 473 coN
1848 424 2006 473 sot..

505 1511 510 1517 ·
555 1504 583 1529 ¹⁸
616 1495 862 1548 Praesides
878 1501 1153 1550 carminum.
1250 1507 1271 1533 ⁰
1302 1498 1464 1548 Lecto.
1557 1506 1588 1540 Ρ
1625 1497 1806 1547 Oculis.
1912 1506 1936 1540 ⁹
1974 1496 2264 1547 'l'heatralem
2363 1504 2386 1529 ⁹·
2419 1496 2693 1547 Sternitm.

488 1567 509 1594 ’
547 1561 846 1613 Foecundnm.

1486 1657 1704 1709 NOTAE

492 1770 686 1819 cretius
709 1771 744 1821 l.
771 1785 828 1821 v.
892 1772 908 1802 ⁴
932 1774 1071 1836 Ετςο
1109 1772 1312 1834 regibus
1351 1771 1558 1833 occisis,

491 1845 741 1896 subversa
775 1847 994 1911 jacebat
1035 1850 1268 1899 Pristiua
1309 1850 1555 1913 majestas

1635 1769 1766 1821 dos.'
1832 1771 2006 1821 Homo
2031 1771 2225 1836 quippe
2249 1784 2342 1820 seu
2362 1769 2572 1820 veritati
2596 1782 2695 1818 seu

1636 1846 1818 1896 virtuti
1844 1848 2073 1911 studeat,
2092 1861 2287 1896 exuere
2323 1847 2495 1910 potius
2530 1846 2695 1898 debet

493 1921 756 1983 soliorum,
777 1931 832 1972 et
854 1931 1062 1988 sceptra
1085 1921 1347 1988 superba!
1401 1923 1554 1976 Quod

494 2012 653 2060 porro
695 2001 882 2050 dextra
916 2003 985 2052 sit
1016 2003 1222 2053 sinistra
1256 2002 1458 2067 agilior,
1496 2009 1561 2057 ut

491 2072 825 2138 Philosophia
867 2075 932 2124 ad
977 2076 1269 2126 docendum
1304 2077 1560 2140 paratior,

494 2164 646 2212 quam
664 2150 728 2198 ad
749 2151 1027 2214 regendum
1045 2169 1060 2213 3
1095 2161 1373 2216 propterea
1395 2155 1411 2180 ‘
1429 2152 1557 2201 dex·

496 2231 579 2275 tra
620 2226 830 2290 quidem
872 2228 984 2292 ejus
1024 2229 1245 2295 libellos,
1291 2238 1556 2293 sceptrum

496 2316 620 2351 vero
641 2303 853 2353 sinistra
875 2305 1156 2368 gestabat!

560 2376 585 2410 ¹¹
622 2380 742 2435 Quoe
761 2379 841 2429 ubi
855 2381 1064 2443 politicus
1084 2381 1272 2446 Musas]
1290 2383 1456 2432 Musa
1474 2381 1555 2432 fe·

495 2459 681 2503 runtur
715 2470 829 2505 esse
854 2457 1092 2521 Virgines
1125 2458 1381 2524 quaedam,
1416 2475 1554 2526 quae,

496 2529 696 2578 Phoebo
731 2532 974 2597 preside,
996 2536 1310 2586 carminibus
1331 2551 1553 2600 operan-

498 2611 602 2655 tur.
670 2608 770 2657 Hoe
803 2609 1027 2660 Boe‘tbio
1060 2620 1184 2662 sunt
1222 2612 1443 2677 duplicis
1467 2629 1554 2678 ge·

497 2684 659 2744 neris,
679 2698 864 2748 nempe
887 2688 902 2714 ‘
923 2687 1198 2749 Poeticae,’
1215 2697 1271 2739 et
1292 2694 1307 2719 ‘
1322 2690 1556 2741 Philoso-

495 2759 664 2821 pbicoe
686 2758 720 2809 :'
767 2760 869 2811 iuae
900 2765 1320 2830 perturbatione,
1351 2766 1428 2814 hae
1464 2781 1556 2816 no-

498 2836 643 2883 tione
668 2835 808 2884 clara
842 2843 901 2887 et
938 2838 1184 2889 distincta
1214 2840 1390 2890 ductae
1418 2840 1556 2904 judi-

499 2917 642 2960 cant.
708 2912 940 2962 Poeticae
960 2916 1134 2965 'Mnsae
1158 2915 1424 2978 dicuntur,
1438 2931 1556 2980 quae

492 2988 978 3050 perturbationibus
994 2992 1278 3041 obcaecatae
1314 2991 1558 3056 quicquid

498 3064 909 3125 perturbationis
949 3074 1050 3126 est,
1085 3066 1210 3115 illud
1250 3066 1472 3130 probant
1507 3073 1566 3116 et

498 3137 814 3201 lequuntur:
852 3140 987 3190 unde
1012 3156 1105 3204 pro
1138 3141 1345 3190 diverso
1365 3136 1561 3203 genere

502 3220 593 3261 aut
626 3215 1095 3277 perturbationum,
1128 3223 1219 3265 aut
1249 3231 1425 3266 eornm
1449 3218 1558 3281 qui-

497 3289 598 3338 bus
623 3290 1035 3352 perturbationes
1066 3292 1286 3348 excitari
1319 3299 1560 3358 possunt,

410 3413 417 3419 ,
501 3364 581 3414 hae
606 3366 771 3416 Musae
796 3368 949 3431 vulgo
980 3381 1166 3415 novem
1203 3377 1559 3421 numerantur.

500 3443 645 3494 Hinc
689 3459 778 3494 eas
820 3445 976 3495 Plato
1000 3446 1033 3493 1.
1058 3457 1114 3494 x.
1140 3444 1208 3493 de
1244 3446 1378 3509 Rep.
1405 3454 1561 3510 putat

501 3534 533 3568 e
587 3534 680 3569 sna
748 3520 965 3569 civitate
1027 3535 1142 3569 esse
1197 3522 1558 3585 expellendas.

502 3594 739 3658 ‘Recte,'
777 3596 943 3659 inquit
970 3596 1165 3645 Tullius
1198 3610 1262 3647 11.
1296 3599 1452 3649 Tusc.
1484 3600 1503 3627 ‘
1528 3614 1561 3649 a

497 3672 726 3732 Platone
747 3673 1037 3722 educuntur
1057 3672 1243 3724 Poetae
1261 3689 1329 3724 ex
1353 3690 1419 3725 ea
1435 3676 1560 3726 civi-

500 3754 632 3814 tate,
652 3763 808 3814 qnam
827 3747 982 3798 finxit
1011 3749 1118 3812 me,
1138 3764 1257 3800 cum
1277 3765 1446 3802 mores
1467 3767 1559 3817 op·

502 3825 656 3876 timos
672 3833 728 3875 et
741 3825 996 3888 optimum
1023 3826 1340 3890 Reipublicae
1365 3836 1559 3880 statum

498 3903 802 3967 exquireret
823 3900 857 3951 ε’
889 3904 972 3953 cui
995 3906 1320 3955 consentiens
1341 3907 1398 3957 S.
1422 3908 1560 3972 Aug.

500 3979 538 4027 Ι.
578 3992 642 4029 n.
682 3978 747 4026 de
786 3978 898 4028 Civ.
935 3980 1008 4030 D.
1039 3996 1087 4031 c.
1123 3986 1203 4033 14.
1266 3985 1285 4011 ⁶
1311 3983 1559 4047 Platoni,'

498 4053 688 4116 inquit,
705 4057 720 4082 ‘
742 4054 914 4115 potius
938 4057 1110 4120 palma
1128 4058 1304 4109 danda
1336 4066 1437 4122 est,
1469 4061 1558 4125 qui

501 4141 619 4176 cum
658 4127 864 4178 ratione
908 4128 1175 4195 formaret,
1231 4135 1398 4198 qualis
1443 4149 1557 4185 esse

499 4202 686 4251 civitas
714 4202 926 4264 debeat,
946 4213 1192 4273 tanquam
1230 4209 1556 4259 adversarios

498 4276 729 4328 civitatis
755 4280 938 4343 poetas
973 4286 1177 4336 censuit
1200 4287 1326 4336 urbe
1369 4286 1565 4349 pelleu-

1635 1930 1863 1986 veteres,
1883 1939 2037 1988 quam
2062 1938 2222 1974 novas
2245 1923 2461 1974 induere
2491 1931 2695 1986 pertur-

1638 1999 1886 2051 bationes.
1951 2001 2094 2050 Hinc
2116 2002 2283 2050 Musoe
2316 2001 2429 2049 isto
2453 2014 2591 2048 nunc
2615 2000 2695 2048 di-

1637 2082 1824 2125 cuntur
1865 2077 1881 2105 ‘
1900 2077 2202 2127 assistentes
2236 2075 2366 2126 toro’
2389 2076 2618 2137 Boethii,
2638 2076 2699 2123 il·

1636 2151 1835 2216 liusque
1880 2154 1896 2180 ‘
1922 2151 2135 2201 fletibus
2178 2151 2337 2200 verba
2373 2150 2637 2200 dictantes
2663 2148 2698 2197 :’

1637 2227 1759 2291 quia
1792 2242 1930 2277 nuuc
1964 2226 2216 2276 Boethius
2250 2227 2454 2274 videtur
2492 2231 2700 2288 pertur-

1637 2302 1850 2354 batione
1884 2304 2051 2367 obrui,
2088 2303 2314 2367 nihilque
2350 2301 2508 2365 aliud,
2540 2314 2696 2366 quam

1637 2380 1774 2445 quod
1835 2379 2166 2445 perturbatio
2210 2379 2394 2442 dictat,
2440 2377 2696 2441 proferre.

1638 2457 1778 2508 Hinc
1801 2458 1998 2508 eaedem
2026 2459 2189 2507 Musae
2225 2456 2242 2485 ‘
2261 2454 2435 2506 torvis’
2458 2455 2697 2505 Philoso-

1638 2535 1770 2598 phioe
1825 2535 1841 2563 ‘
1865 2533 2161 2584 luminibus'
2227 2532 2386 2596 aspici
2428 2531 2698 2581 feruntur:

1637 2611 1880 2675 quoniam
1901 2611 2113 2671 veritas,
2133 2610 2217 2658 cni
2234 2609 2556 2658 inveniendae
2581 2609 2700 2657 Phi·

1637 2686 1871 2749 losophia
1935 2686 2136 2742 studet.
2197 2686 2700 2748 perturbationibus,

1637 2761 1826 2826 quibus
1855 2762 1932 2810 bae
1967 2761 2237 2824 indulgent
2270 2761 2458 2820 Musae‚
2480 2760 2704 2823 impedi·

1640 2845 1744 2890 tur.
1810 2839 1825 2865 ‘
1848 2839 2015 2888 Vetus
2047 2836 2164 2899 est,’
2192 2838 2266 2886 ait
2288 2837 2445 2885 Plato
2467 2838 2503 2886 l.
2530 2842 2608 2886 lo.
2631 2838 2700 2887 de

1640 2913 1843 2978 Repub.
1898 2916 1914 2942 ‘
1939 2914 2290 2977 Philosophia
2341 2921 2400 2963 et
2455 2913 2702 2964 Poe‘tices

1639 2987 1928 3039 dissensio!
2012 2989 2149 3039 Hinc
2186 2989 2317 3052 ipsae
2359 2990 2524 3038 Musae
2562 3004 2702 3040 nnnc

1641 3073 1894 3115 vocantur
1932 3066 2311 3115 ‘Meretriculae
2355 3067 2608 3126 Scenicae,
2644 3073 2703 3117 et

1640 3140 1850 3190 Sirenes
1907 3157 2068 3206 usque
2112 3143 2163 3191 in
2212 3144 2431 3192 exitium
2484 3143 2703 3207 dulces,’

1638 3217 1778 3281 qnod
1803 3218 2090 3280 blanditiis,
2110 3219 2263 3268 rebus
2279 3219 2437 3280 fletis,
2456 3227 2513 3269 et
2535 3220 2706 3269 canti·

1641 3293 1737 3342 bus
1772 3295 1876 3343 suis
1910 3296 1961 3342 in
1985 3309 2214 3345 errorem
2241 3296 2524 3359 vitiumque
2550 3295 2701 3346 indu-

1641 3380 1797 3422 cant:
1831 3373 2039 3422 Sirenes
2064 3375 2200 3421 enim
2227 3373 2531 3438 quibusdam
2571 3382 2696 3424 snut

1640 3449 2091 3514 meretrices,qnae
2118 3450 2372 3512 deceptos
2390 3451 2701 3513 navigantes

1643 3525 1709 3574 ad
1733 3541 1981 3576 summam
2008 3536 2292 3590 egestatem
2331 3526 2606 3590 redigant:
2647 3542 2703 3576 a·

1640 3600 1725 3649 liis
1741 3609 1863 3651 sunt
1896 3608 2127 3652 monstra
2154 3604 2352 3651 marina
2392 3601 2700 3652 mulieribus

1642 3677 1833 3739 partim
1860 3678 2064 3741 similia,
2096 3693 2214 3743 quae
2261 3679 2404 3728 vocis
2430 3680 2702 3728 suavitate

1641 3761 2016 3817 praetereuntes
2035 3761 2223 3804 nantas
2246 3756 2468 3818 sopiant,
2481 3755 2704 3818 sopitos-

1642 3843 1743 3893 que
1758 3829 2029 3881 devorent:
2061 3829 2196 3878 unde
2216 3829 2374 3881 Ovid.
2392 3844 2477 3880 m.
2493 3831 2561 3879 de
2577 3831 2702 3881 Art.

1638 3905 1907 3955 ‘Monstra
1941 3906 2095 3955 maris
2137 3906 2347 3956 Sirenes
2388 3913 2561 3969 eraut,
2581 3919 2701 3971 ηοω

1641 3994 1765 4031 voce
1790 3996 1981 4032 canora
2001 3982 2272 4033 Quaslibet
2295 3982 2543 4032 admissas
2567 3982 2703 4033 deti-

1640 4071 1800 4105 nuere
1824 4057 1997 4106 rates.'
2043 4059 2340 4122 Propterea
2362 4059 2559 4108 eaedem
2579 4059 2700 4108 Mn-

1639 4148 1710 4182 soe
1729 4134 1970 4183 dicuntur
2002 4135 2018 4161 ‘
2034 4133 2255 4183 dolores'
2277 4134 2487 4184 Boethii
2507 4134 2700 4186 ‘dulci-

1641 4209 1735 4261 bus
1750 4211 1965 4274 insuper
1985 4212 2124 4260 alere
2140 4211 2350 4276 venenis
2368 4226 2383 4272 ς
2416 4208 2701 4260 affectuum

1639 4286 1803 4349 spinis
1824 4288 2039 4336 rationis
2059 4294 2290 4352 segetem
2308 4301 2530 4348 necare;
2563 4301 2705 4340 men-,-
