3049 4928
544 370 676 435 460

546 537 630 580 tus
660 533 759 592 est,
789 535 845 579 et
880 529 1215 580 Consulatum
1249 529 1487 579 fortassis
1530 530 1606 580 in-

546 607 751 670 telligit.
786 607 936 657 Idem.

613 685 834 734 Consules
884 684 1053 734 liberos
1090 683 1215 747 tuos]
1266 684 1314 734 Ii
1356 684 1602 734 ordinarii

546 759 794 809 Consules
815 758 962 809 fuere
982 774 1114 809 auno
1133 764 1248 810 622.
1283 760 1448 809 adhuc
1479 774 1602 822 pue-

543 836 607 885 ri.
678 836 1001 886 Crediderim
1035 835 1272 900 equidem
1312 837 1527 886 consilio
1549 842 1605 885 et

543 912 703 962 ductu
724 912 1016 976 Symmachi
1039 912 1142 973 avi,
1163 913 1333 961 omnia
1354 912 1405 962 in
1423 928 1602 963 eornm

543 989 826 1039 Consulatu
845 1004 958 1039 esse
976 997 1095 1040 acta
1111 998 1376 1054 gestaque,
1397 998 1604 1041 maneat

538 1064 692 1114 modo
715 1079 811 1129 pro
832 1073 1102 1130 comperto
1125 1066 1286 1131 [quod
1312 1067 1464 1116 aliter
1485 1082 1599 1117 sen-

541 1141 642 1189 tire
681 1141 953 1206 plerosque
987 1142 1315 1205 video]·vere
1355 1144 1602 1195 Consules

536 1215 717 1266 fuisse.
770 1217 895 1282 Ipse
914 1217 1250 1269 disertissime
1267 1218 1487 1270 affirmat
1505 1222 1601 1269 boc

536 1292 685 1341 loco:
719 1292 793 1341 sic
815 1293 952 1343 enim
992 1293 1058 1343 ad
1089 1309 1204 1345 eum
1244 1297 1600 1362 Philosophia,

535 1370 552 1396 ‘
573 1369 848 1419 Poteritne
869 1370 1002 1421 illius
1022 1373 1267 1423 memoria
1287 1374 1416 1424 lucis
1441 1388 1600 1438 quan-

537 1445 723 1495 talibet
759 1445 1106 1510 ingruentium
1159 1449 1407 1499 malorum
1464 1450 1600 1499 mole

537 1523 722 1588 deleri,
765 1539 881 1574 cum
921 1524 1048 1574 duos
1106 1526 1302 1590 pariter
1351 1527 1601 1577 Consules

535 1599 730 1650 liberos
755 1607 870 1650 tuos
906 1600 1059 1651 domo
1102 1602 1315 1665 provehi
1359 1602 1454 1653 sub
1496 1601 1599 1652 fre·

535 1677 750 1741 quentia
772 1684 999 1741 patrum,
1020 1677 1116 1727 sub
1139 1678 1304 1742 piebis
1327 1678 1599 1729 alacritate

536 1753 714 1804 vidisti
732 1771 749 1817 ς
782 1769 899 1805 cum
921 1754 1116 1805 eisdem
1134 1756 1188 1806 in
1206 1757 1363 1807 Curia
1380 1756 1601 1808 Curules

532 1830 877 1884 insidentibus
919 1837 976 1881 tu
1021 1831 1179 1894 regiae
1218 1832 1384 1886 landis
1420 1838 1600 1882 orator

533 1905 730 1969 ingenii
764 1907 981 1970 gloriam
1020 1905 1382 1972 facundiaeque
1423 1921 1597 1958 meru·

533 1982 651 2043 isti:
700 1997 816 2032 cum
854 1982 907 2033 in
947 1982 1098 2033 Circo
1138 1983 1351 2036 duorum
1397 1984 1597 2033 medius

533 2060 811 2110 Consulum
866 2059 1188 2110 circumfusae
1249 2061 1596 2111 multitudinis

533 2135 976 2199 exspectationem
1001 2136 1294 2200 triumphali
1318 2138 1595 2201 largitione

532 2209 735 2260 satiasti
750 2209 786 2259 θ’
849 2212 918 2262 Et
942 2213 1095 2275 paulo
1130 2220 1265 2274 post,
1298 2212 1471 2265 ‘Quid
1515 2214 1596 2263 di-

533 2299 645 2335 cam
670 2286 858 2336 liberos
878 2287 1218 2349 Consulares,'
1252 2288 1459 2352 [scribit
1489 2291 1594 2339 Bo-

531 2361 666 2411 etius
704 2370 822 2428 post
856 2377 1030 2413 eorum
1049 2364 1412 2429 Consulatum]
1435 2368 1592 2430 ‘quo-

530 2439 783 2503 rnimJam,
819 2441 950 2489 utin
983 2439 1036 2489 id
1074 2442 1244 2491 aetatis
1285 2443 1474 2506 pueris,
1511 2445 1591 2495 vel

531 2516 732 2580 paterni
754 2518 836 2566 vel
859 2518 983 2565 aviti
1008 2519 1271 2581 specimen
1308 2521 1483 2570 elucet
1516 2521 1591 2571 in·

530 2594 666 2656 genii
684 2593 718 2642 ?'
784 2595 829 2643 E
851 2594 1003 2645 domo
1024 2596 1183 2657 patris
1212 2595 1435 2659 profecti
1468 2603 1592 2651 sunt

532 2668 794 2735 frequenti
817 2678 1021 2733 senatu,
1055 2672 1104 2720 in
1127 2672 1282 2721 Curia
1311 2673 1463 2722 sellas
1488 2675 1589 2725 Cu-

526 2746 668 2796 rules
708 2747 1139 2810 conscenderunt,
1179 2763 1276 2811 pro
1314 2763 1378 2797 ea
1419 2750 1589 2813 digni-

529 2828 641 2872 tate
697 2830 849 2884 pater
891 2823 1268 2875 Theodericum
1300 2825 1589 2877 absentem

526 2897 782 2957 laudavit,
813 2898 865 2947 iu
889 2898 1041 2950 Circo
1075 2899 1224 2950 ludos
1265 2907 1320 2951 et
1354 2903 1589 2966 largitio-

526 2988 646 3024 nem
679 2975 1042 3037 exhibuerunt,
1076 2984 1262 3025 exacto
1302 2978 1590 3028 Consulatu

528 3052 836 3102 Consulares
873 3051 1241 3102 nominantur:
1271 3054 1432 3116 igitur
1459 3055 1593 3105 Cou-
1617 3082 1618 3085 =

527 3129 665 3178 sules
688 3128 852 3179 fuere.
921 3129 1077 3180 Quod
1098 3127 1372 3187 confirmat
1402 3137 1590 3183 auctor

529 3206 673 3256 Hist.
727 3205 980 3256 Miscellae
1036 3206 1125 3258 lib.
1171 3219 1262 3257 XV.
1319 3207 1442 3257 dum
1496 3209 1591 3273 ait,

527 3284 544 3310 ⁴
566 3281 764 3331 Theoti.
784 3282 1142 3345 Symmachum
1166 3284 1510 3335 Exconsulem
1527 3301 1590 3335 ac

527 3358 832 3419 Patricium,
864 3364 920 3407 et
952 3358 1195 3409 Boetium
1234 3361 1490 3413 seniorem
1535 3369 1592 3414 et

528 3436 875 3485 Exconsulem
898 3437 1069 3500 gladio
1097 3437 1409 3488 trucidavit.’
1471 3439 1589 3490 Nisi

527 3512 663 3561 enim
686 3513 902 3563 Boetius
914 3513 1091 3577 junior
1111 3515 1369 3566 Exconsul
1384 3514 1590 3580 fuisset,

528 3588 617 3653 qui
640 3603 853 3638 necesse
873 3587 977 3638 fuit
999 3596 1203 3653 patrem
1221 3590 1462 3641 Boetium
1483 3593 1586 3641 Ex-

529 3668 814 3731 consulem,
828 3667 1081 3717 seniorem
1095 3669 1420 3731 nuncupare?
1436 3669 1586 3719 Ideni.

593 3748 657 3797 In
677 3747 814 3796 curio
833 3748 1030 3796 Carales
1050 3744 1381 3808 insidentibus]
1413 3745 1587 3809 Agell.

510 3825 621 3876 ,lib.
655 3839 743 3876 ιιι.
776 3841 820 3875 c.
859 3830 938 3875 18.
979 3840 1045 3874 ex
1086 3827 1478 3877 Commentariis
1522 3829 1584 3879 C.

526 3903 714 3952 Bassi:
753 3903 1067 3952 ‘Senatores
1087 3903 1218 3952 dicit
1259 3904 1311 3953 in
1350 3914 1581 3955 veterum

524 3985 702 4041 aetate,
722 3979 808 4043 qui
834 3979 1074 4029 Curulem
1092 3981 1445 4042 magistratum
1469 3997 1584 4044 ges-

523 4055 729 4119 sissent,
759 4070 910 4105 curru
955 4057 1136 4106 solitos
1172 4057 1377 4106 honoris
1413 4059 1585 4121 gratia

524 4136 580 4183 in
599 4133 810 4183 Curiam
849 4133 981 4197 vehi,
1012 4134 1066 4182 in
1105 4148 1208 4199 quo
1248 4148 1404 4183 curru
1445 4136 1584 4184 Sella

522 4218 679 4272 esset,
710 4226 825 4275 quae
859 4210 924 4261 ob
961 4224 1075 4260 eam
1111 4225 1342 4260 caussam
1381 4211 1583 4261 Curulis

521 4285 851 4350 appellatur!
921 4286 1000 4337 De
1031 4285 1398 4338 Consularibus
1430 4302 1580 4337 orna-

1234 383 1446 433 No'rAE
1496 383 1895 433 vammum
1944 385 1968 432 1
1983 385 2025 433 N

1678 530 1864 580 mentis
1906 529 2070 596 (inter
2124 544 2240 594 qua:
2289 531 2451 580 etiam
2498 530 2730 595 Carales)

1676 607 1804 655 scite
1857 606 2194 656 Cassiodorus
2249 607 2340 657 lib.
2392 621 2472 657 vr.
2537 609 2732 659 Variar.

1678 682 1848 733 Form.
1873 687 1918 734 1.
1983 683 1999 710 ‘
2019 682 2195 746 Atque
2220 683 2338 732 ideo
2362 698 2458 746 per
2497 684 2631 732 illam
2662 684 2732 732 in·

1678 759 1952 808 dictionem
1993 760 2306 810 Consulatus
2344 767 2400 810 te
2436 760 2738 811 decoramus

1677 834 1980 897 insignibus.
2049 835 2212 897 Pinge
2269 845 2444 886 vastos
2498 837 2736 887 humeros

1677 912 1820 961 vario
1855 913 2029 962 colore
2066 914 2341 975 palmatae:
2378 911 2605 962 validam
2638 928 2739 962 ma·

1676 1002 1795 1037 num
1831 988 2090 1039 victoriali
2120 989 2352 1052 scipione
2380 988 2738 1038 nobilitatem:

1677 1065 1811 1115 lares
1847 1065 2085 1131 proprios
2117 1066 2280 1116 etiam
2312 1066 2505 1116 calceis
2549 1067 2740 1118 auratis

1676 1141 1961 1205 egredere:
2010 1143 2187 1192 sellam
2229 1144 2459 1193 curulem
2508 1157 2608 1206 pro
2649 1158 2741 1192 sua

1675 1217 2030 1282 magnitudine
2066 1219 2242 1268 multis
2282 1219 2529 1282 gradibus
2572 1220 2741 1268 enisus

1674 1295 1929 1346 ascende:
1967 1295 2099 1346 utin
2121 1295 2235 1347 ocio
2268 1295 2535 1358 subjectus
2576 1310 2741 1345 mere·

1674 1372 1797 1434 aris,
1830 1371 1967 1436 quod
1990 1386 2084 1420 nos
2127 1384 2222 1434 per
2253 1371 2504 1422 maximos
2538 1372 2740 1421 labores

1675 1451 1975 1499 assumimus
1998 1449 2351 1513 imperantes.’
2393 1450 2535 1499 Haec
2555 1450 2738 1500 saltem

1674 1542 1741 1576 ex
1763 1527 1937 1577 Gellio
1975 1534 2030 1576 et
2052 1526 2359 1577 Cassiodoro
2390 1531 2649 1576 annotare
2684 1527 2739 1575 li-

1676 1603 1819 1653 buit:
1855 1605 2004 1667 plura
2037 1604 2080 1652 si
2118 1605 2255 1654 scire
2299 1602 2592 1666 desideras,
2623 1602 2739 1652 vide

1673 1679 2057 1744 Antiquitatum
2093 1680 2439 1730 Romanarum
2483 1679 2740 1729 Johannis

1674 1756 1871 1818 Rosini,
1902 1756 1998 1805 viri
2021 1757 2073 1805 in
2095 1756 2173 1806 his
2205 1756 2360 1806 rebus
2389 1754 2590 1819 eximii,
2623 1755 2739 1805 libri

1672 1833 1796 1883 noni
1819 1842 1981 1897 caput
2003 1847 2210 1884 nonum.
2243 1832 2422 1882 Βίωνι.

1740 1911 1862 1958 Cam
1890 1910 1942 1959 ia
1977 1909 2124 1972 circo]
2156 1910 2221 1959 In
2258 1908 2414 1960 Circo
2454 1907 2734 1972 magnifica

1674 1984 1932 2035 Ludorum
1956 1985 2315 2036 Consularium
2337 1982 2540 2034 functio
2559 1983 2734 2033 obiba-

1671 2068 1774 2112 tur.
1845 2061 1904 2110 ln
1958 2061 2175 2111 edendis
2231 2075 2354 2114 vero
2415 2059 2732 2122 ejuscemodi

1671 2140 1984 2203 spectaculis
2005 2138 2286 2201 oportebat
2298 2138 2554 2187 Consules
2577 2137 2731 2187 maxi·

1671 2231 1802 2265 mam
1824 2229 1976 2278 opum
2000 2215 2200 2278 copiam
2225 2213 2563 2277 profundere,
2597 2221 2734 2263 toto·

1669 2306 1770 2357 que
1810 2292 1954 2341 abuti
1992 2290 2332 2355 patrimonio:
2366 2290 2602 2353 alioquin
2633 2304 2731 2340 non

1666 2374 1911 2431 poterant
1957 2367 2093 2430 grati
2140 2381 2253 2415 esse
2299 2366 2512 2429 populo,
2566 2380 2732 2429 neque

1669 2444 1833 2495 videri
1872 2444 1999 2497 satis
2049 2444 2265 2509 implere
2307 2458 2584 2508 personam
2628 2458 2732 2493 am-

1666 2521 1881 2586 plissimi
1905 2522 2262 2586 Magistratus.
2328 2510 2465 2571 Vide
2502 2521 2571 2571 G.
2612 2521 2733 2570 For·

1665 2599 1859 2651 nerium
1884 2599 1935 2647 in
1962 2598 2115 2653 Notis
2133 2597 2210 2647 -ad
2235 2596 2525 2648 Cassiodor.
2559 2598 2733 2659 Epist.

1663 2681 1711 2726 2.
1733 2677 1938 2727 Variar.
1963 2676 2052 2726 lib.
2078 2689 2141 2727 u.
2157 2677 2254 2724 Fr.
2270 2675 2305 2726 J
2310 2682 2512 2724 uretum
2531 2674 2586 2724 in
2602 2674 2730 2725 Mis·

1664 2755 1785 2804 cell.
1813 2754 1877 2802 ad
1903 2753 2192 2818 symmach.
2223 2752 2321 2801 lib.
2339 2766 2419 2802 ιν.
2449 2751 2727 2815 Epist-61.

1664 2830 1844 2893 Cujac.
1862 2830 1929 2879 ad
1957 2838 1994 2879 t.
2016 2830 2077 2879 C.
2114 2830 2201 2878 De
2225 2836 2457 2892 spectac.
2494 2836 2726 2879 etscen.

1663 2916 1721 2957 et
1760 2908 1863 2958 len.
1883 2909 2045 2971 Alex.
2088 2907 2155 2957 ab
2189 2906 2513 2969 Alexandro,
2543 2907 2633 2957 lib.
2655 2919 2730 2955 nr.

1664 2984 1869 3035 Genial.
1908 2983 2040 3034 dier.
2077 2998 2195 3048 cap.
2232 2989 2318 3035 26.
2348 2985 2418 3033 Et
2443 2984 2553 3036 Jul.
2593 2985 2726 3034 Caes.

1645 3061 2013 3124 Buleugerum
2066 3061 2132 3110 de
2183 3061 2456 3111 venatione
2494 3061 2636 3112 Circi
2676 3067 2728 3110 et

1664 3136 2065 3201 Amphitheatri.
2133 3137 2356 3187 Unicum
2390 3138 2475 3188 hic
2508 3139 2726 3188 subnec-

1665 3218 1772 3261 tam
1793 3214 1962 3263 locum
1986 3228 2053 3262 ex
2075 3212 2367 3263 cassiodori
2391 3214 2601 3264 Variar.
2638 3214 2725 3263 lib.

1665 3303 1728 3340 u.
1753 3290 1926 3354 Epist.
1939 3293 1995 3340 2,
2027 3289 2081 3339 in
2118 3302 2218 3353 qua
2238 3288 2590 3339 Theodericus
2603 3290 2723 3339 Rex

1667 3366 1985 3417 Felieemad
2005 3364 2266 3429 fastigium
2292 3364 2607 3427 dignitatum
2645 3380 2723 3415 or-

1665 3444 1864 3494 dinarie
1934 3457 2262 3507 promovens,
2326 3442 2400 3491 sic
2461 3443 2723 3508 loquitur:

1662 3522 1847 3570 ‘Sume
1885 3519 2044 3585 igitur
2079 3533 2171 3583 per
2198 3518 2535 3569 indictionem
2574 3535 2721 3585 quar-

1665 3604 1770 3647 tam
1793 3597 2103 3646 Consulatus
2122 3595 2369 3659 insiguia:
2406 3595 2722 3661 dignumque

1665 3680 1717 3722 te
1743 3680 2003 3723 tantorum
2026 3671 2297 3721 desideriis
2317 3673 2566 3735 praesenti
2586 3687 2722 3722 com·

1663 3751 2110 3816 probalargitate.
2179 3749 2286 3798 Hic
2308 3748 2551 3813 profecto
2577 3751 2720 3800 locus

1662 3834 1760 3889 est,
1793 3827 1883 3876 ubi
1909 3825 2230 3890 praeconium·
2247 3831 2481 3875 meretur
2502 3824 2717 3876 effusio:

1662 3903 1866 3968 quando
1889 3902 2091 3953 virtutis
2120 3916 2283 3966 genus
2320 3908 2421 3963 est,
2455 3904 2716 3966 propriam

1660 3981 1997 4032 substantiam
2029 3996 2136 4030 non
2173 3995 2362 4043 amare,
2394 3981 2482 4030 ubi
2519 3989 2715 4031 tantum

1659 4057 1915 4123 opinionis
1937 4058 2240 4124 acquiritur,
2270 4064 2525 4122 qnantum
2560 4058 2715 4108 facul·

1659 4134 1854 4185 tatibus
1873 4134 2166 4198 abrogatur.
2229 4133 2457 4198 Respice
2479 4140 2537 4183 te
2566 4147 2713 4198 supra

1660 4210 1887 4261 omnium
1907 4211 2145 4263 humeros
2167 4218 2324 4276 atque
2352 4224 2446 4260 ora
2466 4212 2708 4261 volitare:

1660 4287 1917 4353 talemque
1941 4293 1998 4338 te
2017 4288 2212 4353 praebe,
2228 4293 2288 4337 ut
2305 4286 2710 4352 dignusgenere,
