3049 4928
2364 459 2495 527 40⁷

317 618 469 682 dum
495 635 653 682 vero
682 615 984 681 dicamus
1013 637 1166 682 esse
1197 623 1609 702 perpetuum.
1698 616 2039 696 Quoniam
2066 614 2263 699 igitur
2282 624 2311 666 Ρ
2353 634 2495 682 om-

222 761 225 764 -
314 740 391 784 ne
432 720 782 803 Judicium-
814 720 1181 784 secundum
1230 722 1333 785 sui
1387 719 1742 798 naturam,⁵
1786 737 1942 803 quae
2002 718 2134 784 sibi
2189 718 2495 802 subjecta

313 829 478 900 sunt,
521 821 1050 905 comprehendit:
1121 827 1225 886 est
1273 828 1497 887 autem
1552 823 1705 887 Deo
1751 840 2012 906 semper
2072 827 2367 886 aeternus
2410 839 2494 885 ac
2527 823 2532 829 ’

304 925 781 1007 praesentarius
811 929 1056 990 status:
1104 926 1385 991 scientia
1413 945 1690 1011 quoque
1717 925 1890 1010 ejuS,
1935 944 2204 991 omnem
2230 934 2495 1007 tempo-

307 1029 393 1091 ris
419 1047 859 1111 supergressa
888 1029 1271 1106 motionem,
1316 1028 1384 1092 in
1436 1048 1581 1094 suae
1613 1034 1843 1092 manet
1871 1025 2292 1110 simplicitate
2319 1045 2495 1109 prae-

309 1131 565 1209 sentiae,
615 1130 1001 1214 infinitaque
1025 1131 1351 1215 praeteriti
1396 1149 1478 1196 ac
1509 1130 1719 1194 futuri
1751 1129 1980 1213 spatia
2006 1126 2489 1211 complectens,

308 1234 526 1297 omnia
555 1233 750 1315 quasi
768 1234 915 1317 jam
942 1238 1268 1317 gerantur,
1310 1234 1379 1297 in
1409 1252 1535 1297 sua
1562 1231 1861 1315 simplici
1907 1230 2282 1312 cognitione
2311 1236 2488 1295 ‘con-

306 1334 567 1400 siderat.
625 1334 864 1418 Itaque
892 1335 950 1398 si
980 1335 1464 1418 praescientiam
1485 1342 1541 1383 ¹⁴
1580 1353 1860 1419 pensare
1888 1334 2060 1398 velis
2082 1352 2218 1417 qua
2246 1341 2496 1398 cuncta

308 1435 656 1522 dignoscit,
707 1455 836 1499 non
867 1455 1022 1501 esse
1063 1437 1557 1519 praescientiam
1587 1437 1783 1520 quasi
1831 1435 2058 1513 futuri,
2110 1434 2236 1499 sed
2277 1436 2496 1500 scien-

305 1539 462 1606 tiam
517 1558 864 1621 nunquam
939 1537 1312 1602 deficientis
1371 1538 1728 1616 instantiae,
1790 1539 2039 1604 rectius
2099 1537 2492 1603 aestimabis·

304 1638 492 1705 Unde
549 1659 692 1705 non
741 1638 1216 1717 Praevidentia,
1271 1641 1393 1706 sed
1453 1641 1894 1707 Providentia
1946 1640 2174 1724 potius
2224 1639 2492 1719 dicitur,

302 1744 469 1826 quod
497 1762 697 1827 porro
728 1744 813 1807 ab
838 1744 1038 1808 rebus
1082 1742 1332 1809 infimis
1380 1745 1773 1821 constituta,
1826 1744 2020 1828 quasi
2073 1744 2161 1808 ab
2213 1741 2492 1806 excelso

300 1863 502 1913 rerum
537 1846 888 1910 cacumine
937 1853 1183 1911 cuncta
1227 1847 1618 1929 prospiciat.
1708 1845 1893 1925 Quid
1943 1846 2143 1928 igitur
2188 1844 2495 1929 postulas

298 1956 371 2011 ut
396 1949 783 2012 necessaria
810 1947 971 2012 fiant
999 1968 1150 2032 quae
1203 1949 1429 2013 divino
1478 1950 1725 2015 lumine
1781 1950 2164 2023 lustrentur,
2213 1966 2366 2011 cum
2410 1965 2493 2010 ne

299 2049 596 2115 homines
656 2051 924 2133 quidem
983 2053 1366 2117 necessaria
1422 2051 1675 2117 faciant
1731 2072 1884 2117 esse
1948 2069 2105 2135 quae
2165 2048 2489 2114 videant?

300 2151 477 2216 Num
505 2154 682 2217 enim
713 2172 869 2237 quae
897 2154 1255 2236 praesentia
1284 2156 1526 2234 cerniS,
1558 2156 1856 2239 aliquam
1885 2155 1989 2220 eis
2015 2152 2488 2218 necessitatem

301 2263 450 2321 tuus
481 2256 672 2321 addit
715 2257 1048 2320 intuitus?
1143 2255 1446 2323 Minime.
1536 2258 1755 2344 Atqui
1786 2258 1842 2323 si
1876 2265 1984 2323 est
2013 2256 2227 2323 divini
2258 2255 2493 2322 huma-

297 2359 493 2443 nique
524 2361 878 2443 praesentis
910 2359 1107 2441 digna
1136 2361 1456 2439 collatio:
1498 2363 1594 2426 uti
1642 2381 1771 2427 vos
1820 2365 2037 2427 vestro
2078 2360 2207 2424 hoc
2235 2363 2492 2442 tempo-

297 2462 466 2527 rario
497 2464 813 2548 praesenti
846 2461 1161 2546 quaedam
1192 2466 1457 2544 videtiS,
1492 2467 1587 2530 ita
1630 2466 1793 2530 ille⁴¹
1835 2464 2060 2530 omnia
2099 2482 2222 2528 suo
2274 2461 2496 2527 cernit

300 2571 565 2629 aeterno.
659 2562 891 2642 Quare
929 2565 1078 2629 haec
1106 2566 1336 2631 divina
1379 2569 1711 2650 praenotio
1742 2574 2052 2631 naturam
2081 2583 2299 2629 rerum
2334 2582 2490 2646 pro·

298 2667 767 2750 prietatemque
796 2686 929 2732 non
962 2673 1215 2747 mutat3
1261 2667 1559 2751 taliaque
1587 2667 1771 2752 apud
1802 2687 1877 2733 se
1906 2664 2268 2751 praesentia
2298 2678 2516 2747 spec-'

987 469 1506 521 PHIhOSoPmAE
1555 471 1696 519 mu.
1750 473 1813 519 V.

353 2886 375 2919 ⁵
405 2889 590 2938 Mentis
610 2887 888 2950 ,indic-antis.
1049 2894 1070 2921 ⁸
1105 2886 1427 2950 Comparatio.
1494 2908 1497 2915 ·
1580 2882 1616 2920 δ’
1638 2889 1791 2939 Dm.

1206 3029 1568 3049 W‘m

293 3130 363 3181 ita
384 3131 555 3183 edidi:
590 3131 948 3181 Remum—14
981 3131 1296 3182 Proesentiam
1319 3132 1514 3197 Delph.
1540 3131 1839 3184 Hack.-—l5
1875 3130 1891 3160 ⁸
1909 3129 2205 3195 Necessaria,
2237 3142 2376 3194 quam
2395 3140 2491 3177 non

1282 3305 1504 3357 NOTAE

357 3440 382 3474 Ρ
418 3434 654 3491 Quoniam
681 3433 856 3496 igitur,
877 3434 984 3498 ζα]
1020 3436 1100 3484 Ex
1132 3435 1348 3498 praedic·

296 3508 359 3557 ti·
380 3509 714 3573 Philosophia
743 3511 818 3560 sic
848 3510 997 3560 nobis
1028 3511 1235 3560 videtur
1266 3527 1347 3561 ar-

295 3588 612 3648 gumentari:
651 3588 778 3637 Cum
802 3588 1146 3653 judicandum
1179 3590 1248 3639 sit
1282 3591 1348 3640 de

296 3661 501 3711 notione
547 3663 827 3713 secundum
879 3671 1112 3715 naturam
1162 3667 1348 3716 mentis

295 3741 674 3801 cognoscentis;
708 3756 925 3806 cumque
956 3744 1103 3793 Dens
1136 3757 1345 3805 cognos-

297 3827 412 3863 cens
449 3814 624 3866 futura
663 3817 844 3880 libera,
881 3816 947 3867 de
986 3817 1169 3882 quibus
1208 3832 1346 3868 nunc

296 3891 479 3954 agitur,
513 3902 699 3943 natura
731 3908 825 3943 sua
862 3894 931 3943 sit
967 3899 1213 3958 aeternus,
1245 3894 1346 3946 hoc

294 3972 387 4027 ent,
425 3981 629 4030 semper
663 3970 901 4032 cogitans
934 3984 1241 4034 semperque
1273 3970 1344 4019 vi-

298 4054 416 4091 vens
452 4045 564 4092 sine
597 4045 703 4094 nlla
737 4042 1032 4094 differentia
1054 4045 1346 4108 praesentis,

298 4119 568 4182 praeteriti,
606 4127 663 4170 et
712 4119 909 4183 futuri3
964 4122 1162 4172 idcirco
1201 4123 1345 4172 notio

266 4192 398 4257 *Dei
433 4195 508 4244 ita
546 4197 765 4260 cogitari
804 4196 967 4248 debet
1002 4204 1203 4247 eterna
1236 4199 1344 4247 sive

297 4268 312 4294 ⁸
331 4274 438 4318 tota
469 4270 728 4334 simul,’nt
762 4273 945 4323 eodem
985 4273 1139 4324 modo
1169 4289 1224 4323 se
1256 4273 1345 4324 ha-

300 4341 416 4394 beat
457 4346 595 4397 circa
637 4346 816 4399 futura
871 4350 1054 4416 libera,
1095 4350 1349 4417 quomodo

1429 3436 1569 3487 circa
1604 3437 1909 3502 praesentia:
1943 3449 2046 3501 quo
2082 3432 2144 3484 fit
2179 3437 2239 3481 nt
2260 3429 2348 3479 illa
2387 3427 2490 3479 Dei

1429 3515 1573 3564 notio
1595 3516 1610 3542 ‘
1633 3528 1738 3563 non
1773 3513 2105 3578 praescientia
2135 3509 2281 3573 quasi
2305 3506 2489 3568 futuri,

1428 3589 1521 3638 sed
1556 3590 1774 3639 scientia
1807 3603 2068 3653 nunquam
2091 3583 2382 3636 deficientis
2412 3581 2489 3630 in-

1429 3665 1634 3714 stantiae
1659 3665 1852 3715 rectius
1876 3664 2191 3713 aestimetur:
2227 3659 2362 3709 unde
2384 3671 2489 3721 non

1427 3740 1804 3801 Praevidentia,
1828 3739 1917 3789 sed
1949 3735 2290 3788 Providentia
2320 3734 2489 3797 potius

1429 3818 1640 3880 dicitur,
1663 3817 1800 3883 quod
1834 3830 1988 3881 porro
2020 3814 2085 3864 ab
2115 3813 2269 3863 rebus
2301 3807 2489 3858 infimis

1427 3897 1735 3958 constituta,
1774 3894 1920 3958 quasi
1958 3891 2024 3941 ab
2069 3889 2276 3939 excelso
2314 3898 2489 3933 rerum

1428 3969 1698 4020 cacumine
1719 3974 1906 4019 cuncta
1940 3960 2260 4031 prospiciat?
2325 3957 2489 4024 Atqui

1425 4047 1570 4096 notio
1594 4045 1872 4095 liberorum
1909 4041 2264 4108 praesentium,
2296 4036 2487 4087 nullam

1426 4120 1527 4170 illis
1543 4120 1763 4185 imponit
1776 4119 2164 4169 necessitatem:
2200 4127 2302 4163 non
2314 4116 2331 4141 ⁴
2348 4111 2487 4160 enim

1426 4211 1543 4262 quae
1558 4197 1837 4261 praesentia
1858 4194 2049 4256 cernis,
2066 4193 2284 4256 aliquam
2305 4189 2381 4238 eis
2398 4201 2487 4236 ne-

1425 4274 1726 4325 cessitatem
1768 4279 1887 4323 tuus
1918 4270 2066 4321 addit
2109 4266 2327 4318 intuitus
2348 4261 2381 4313 :'
2416 4261 2486 4311 si·

1426 4349 1619 4401 militer
1661 4351 1705 4402 ii
1747 4350 1898 4401 Deus
1941 4347 2149 4413 ignarus
2194 4340 2486 4392 futurorum
