3049 4928
538 388 840 440 Eon'rnn
887 386 1341 439 Dii-coNSOL.
1387 386 1829 437 PHILOSOPH.
1878 388 2020 435 LIB.
2069 386 2181 437 111.

294 550 412 601 qnos
426 534 520 586 sibi
541 550 865 587 successores
880 534 1202 598 deligebant,
1223 533 1330 597 pri-

288 628 348 663 ns
365 614 410 663 N
415 612 716 662 obilissimos
731 613 1072 662 declararent.
1101 611 1162 660 Id
1180 608 1331 659 fecis-

290 704 344 741 se
362 689 642 753 Justinum,
668 696 944 755 antequam
975 688 1331 741 Justinianum

287 766 466 823 sororis
487 765 645 816 filium
670 767 929 816 Caesarem
956 779 1332 815 successorem-

290 856 382 905 que
403 848 624 903 crearet,
657 850 842 892 auctor
881 848 965 889 est
998 840 1049 889 in
1073 839 1331 890 Chronico

289 917 612 967 Marcellinus
678 917 862 967 Comes
939 929 1073 964 anno
1131 927 1331 965 nxxvr.

290 992 417 1043 Hinc
453 993 773 1054 Augustinus
791 998 974 1043 contra
1000 992 1331 1041 cresconium

288 1067 367 1119 lib.
387 1083 471 1119 ιη.
492 1085 539 1122 c.
556 1083 716 1120 xxix.
738 1068 1123 1134 significaturus
1143 1084 1329 1119 annum

286 1159 514 1197 cccxxV.
545 1148 745 1211 scribit,
775 1149 791 1176 ‘
817 1148 1127 1199 Constantio
1161 1150 1329 1199 Maxi-

285 1237 361 1272 mo
382 1223 638 1288 Augusto,
662 1231 716 1274 et
740 1225 1085 1274 Constantino
1102 1225 1331 1291 juniore,

281 1300 588 1352 nobilissimo
614 1303 842 1366 Caesare,
863 1303 1329 1367 Consulibus,'&c.

285 1375 350 1434 Et
392 1384 448 1427 ut
489 1385 672 1428 auctor
707 1380 963 1429 Miscellae
1009 1381 1088 1432 M.
1149 1381 1328 1434 Aurel-

283 1451 587 1508 ‚Antoninum
612 1470 822 1524 verum,
843 1462 923 1506 tot
944 1456 1227 1508 virtutibus
1248 1473 1330 1508 or·

282 1535 465 1593 natum,
498 1529 719 1594 imperio
762 1532 1121 1594 dignissimum
1160 1541 1331 1584 osteu-

282 1602 386 1667 dat,
407 1606 779 1657 nobilissimum
803 1624 1010 1675 quoqne
1034 1609 1196 1662 fuisse
1213 1627 1331 1676 pro·

282 1678 384 1730 bat.
420 1682 601 1734 Vallia.

340 1758 455 1814 Quoe
473 1761 516 1810 si
538 1763 602 1812 nd
617 1762 942 1814 claritudinem
963 1763 1194 1828 refertur,
1214 1765 1329 1817 olie—
1357 1747 1368 1766 Ἃ

280 1848 337 1885 na
354 1837 444 1900 est]
474 1838 749 1890 :Iuvenalis
772 1841 950 1904 Satyr.
994 1856 1124 1891 vm.
1190 1843 1205 1870 ‘
1223 1842 1329 1892 Sed

280 1922 327 1964 te
362 1918 559 1967 censeri
601 1917 756 1968 laude
812 1926 1041 1982 tuorum,
1083 1921 1329 1986 Pontice,

277 1993 536 2056 noluerim,
579 1994 659 2045 sic
704 2001 764 2046 ut
802 1997 928 2047 nibil
976 1998 1091 2062 ipsc
1136 1997 1327 2050 futurae

277 2068 457 2120 Laudis
489 2086 638 2136 agas.
705 2073 959 2122 Miserum
995 2081 1080 2124 est
1113 2075 1327 2125 aliorum

275 2144 559 2200 incumbere
585 2148 759 2211 famae,
783 2152 867 2200 Ne
901 2152 1136 2215 collapsa
1172 2161 1329 2204 ruant

272 2222 529 2274 subductis
559 2231 705 2274 tecta
728 2224 1017 2276 columnis:
1050 2226 1221 2277 Siizm.

278 2339 287 2344 .
332 2299 641 2364 Splendidam
680 2307 747 2362 te,
786 2302 832 2350 si
864 2307 996 2351 tuam
1036 2318 1129 2352 non
1165 2303 1324 2367 habes,

274 2375 419 2426 aliena
435 2378 675 2427 claritudo
691 2394 781 2427 non
803 2379 969 2444 ςθῖσίι]
992 2379 1130 2429 Hinc
1165 2382 1321 2431 etiam

273 2450 417 2504 Plato
461 2454 596 2505 illud
632 2457 1112 2520 praestantissimum
1137 2457 1322 2508 nobili-

273 2532 389 2579 tatis
410 2546 577 2596 genus
601 2546 718 2581 esse
741 2532 894 2595 dixit,
926 2533 970 2582 si
992 2533 1106 2597 quis
1142 2547 1240 2598 perf
1266 2549 1323 2583 se

275 2608 418 2656 animi
451 2609 810 2671 magnitudine
849 2611 1154 2660 excelleret.
1185 2609 1323 2660 Vide

271 2682 415 2748 Diog.
440 2686 625 2736 Laert.
643 2686 693 2734 in
711 2686 820 2750 ejus
838 2686 961 2734 vita.
988 2686 1321 2736 Cassiodorus

271 2759 389 2811 Var.
411 2776 494 2812 ru.
517 2764 621 2825 Ep.
648 2766 728 2811 17.
796 2763 811 2790 ‘
831 2763 1050 2811 Tantum
1086 2762 1201 2827 quis
1234 2777 1323 2812 no·

271 2836 414 2889 bilior
435 2841 558 2900 erit,
580 2846 831 2904 quantum
867 2846 923 2889 et
955 2839 1179 2889 moribus
1202 2855 1321 2903 pro-

269 2913 344 2963 bis
374 2924 428 2967 et
450 2917 720 2967 luculenta
758 2914 1013 2966 facultate
1037 2917 1324 2966 reluxerit.’

267 2990 413 3046 Idem
435 2993 577 3042 libro
599 2993 779 3056 quinto
798 2992 997 3042 Variar.
1023 2996 1104 3042 12.
1146 2993 1163 3021 ‘
1185 2993 1324 3043 Haec

266 3076 342 3131 est
361 3069 656 3119 indubitata
674 3068 935 3130 nobilitas,
958 3084 1073 3134 quae
1095 3070 1322 3120 moribus

266 3146 508 3208 probatur
531 3144 754 3196 ornata!
823 3147 1173 3196 Theodoricus
1209 3147 1323 3196 Rex

267 3223 397 3284 apud
467 3223 763 3274 Ennodium
828 3223 880 3272 in
947 3222 1276 3286 Panegyrico
1305 3240 1319 3273 :

269 3296 414 3347 ‘Sine
439 3313 600 3348 causa
619 3305 889 3365 parentum
912 3298 1074 3347 titulis
1093 3300 1324 3363 nitimur,

265 3374 359 3424 nisi
402 3375 642 3441 propriis
685 3375 1028 3440 adjuvemur.'
1113 3374 1321 3426 Auctor

266 3450 512 3502 Carminis
552 3454 616 3501 ad
656 3453 931 3501 Pisonem:
986 3451 1158 3501 ‘Nam
1194 3453 1321 3517 quid

267 3525 592 3592 imaginibus,
630 3529 753 3592 quid
799 3529 952 3578 avitis
990 3526 1120 3577 fulta
1146 3529 1320 3578 trium-

264 3603 374 3664 phis
398 3604 573 3665 Atria,
592 3605 715 3668 qnid
740 3605 881 3669 pleni
901 3619 1177 3655 numeroso
1200 3619 1320 3654 con-

263 3681 366 3728 sule
408 3679 532 3730 fasti
569 3680 893 3743 Profuerint,
923 3680 967 3730 si
1002 3681 1113 3730 vita
1133 3681 1319 3731 labat?

262 3757 397 3815 perit
420 3758 582 3806 omnis
603 3758 657 3806 in
694 3758 782 3807 illo
806 3757 995 3807 Gentis
1031 3757 1211 3819 honos,
1233 3772 1319 3806 cu·

259 3831 346 3891 jus
363 3833 472 3882 laus
496 3841 576 3883 est
598 3834 649 3881 in
673 3834 869 3895 origine
893 3831 1040 3882 sola!
1060 3833 1211 3882 Idem.

271 3952 272 3959 ,
325 3910 464 3965 Quod
482 3913 529 3960 si
552 3912 665 3974 quid
697 3917 768 3959 est
789 3912 840 3959 in
862 3911 1110 3960 nobilitate
1127 3910 1318 3973 bonum]

268 3983 601 4036 Cassiodorus
642 4001 765 4037 vm.
801 3988 926 4036 Var.
959 3991 1038 4038 16.
1103 3987 1320 4036 ‘Simili-

265 4060 492 4111 tudinem
531 4078 733 4113 suorum
758 4062 883 4112 felix
909 4076 1040 4111 vena
1058 4062 1317 4113 custodit:

260 4138 465 4199 quando
490 4141 653 4202 pudet
674 4140 999 4205 delinquere,
1022 4141 1109 4204 qui
1133 4140 1320 4189 similia

262 4216 813 4290 nequeunt-reperire.
861 4215 1002 4266 Hinc
1041 4224 1139 4277 est,
1182 4214 1319 4281 quod

268 4290 447 4342 melius
486 4281 799 4357 agnoscitur,
826 4294 1040 4357 elegisse
1075 4293 1320 4357 nobilem,

2330 365 2462 445 495

1403 548 1554 598 quam
1577 531 1764 583 fecisse
1786 531 2022 583 felicem:
2059 532 2181 597 quia
2198 531 2298 582 iste
2320 546 2459 583 com·
2562 570 2565 575 .

1407 611 1650 671 monitus,
1676 625 1769 674 per
1792 617 2024 660 veterum
2049 625 2105 660 se
2130 608 2266 660 facta
2288 616 2460 662 custo-

1404 688 1523 738 dit:
1562 688 1648 738 ille
1672 690 1965 751 exemplum
2003 703 2104 737 non
2143 687 2325 751 habet,
2359 688 2462 738 nisi

1405 765 1543 829 quod
1565 764 1790 815 fecerit.’
1822 759 1973 826 Idem.

1469 842 1655 891 Mis-ra.
1677 847 1727 892 6.
1765 843 1934 905 Omne,
1968 841 2078 906 ξω]
2114 841 2178 892 In
2211 842 2310 891 hoc
2333 842 2458 892 Car-

1403 918 1544 968 mine
1589 919 1834 982 suggillat
1886 919 2018 981 illos,
2075 919 2160 983 qui
2208 932 2460 968 memores

1403 996 1576 1060 magni
1612 996 1838 1059 generis,
1878 997 2071 1046 virtute
2103 993 2230 1045 illud
2253 995 2460 1044 minime

1399 1072 1731 1137 adaugebant
1758 1090 1772 1123 :
1802 1074 1892 1124 sed
1928 1073 2173 1124 claritate
2209 1071 2461 1136 majorum

1405 1150 1764 1200 tantummodo
1806 1150 2110 1213 glorianteS,
2153 1163 2253 1198 non
2288 1148 2459 1198 animo

1404 1225 1721 1289 reputabant
1762 1226 1889 1275 illud
1932 1225 2202 1276 Cleobuli:
2257 1224 2460 1289 ‘Majo-

1404 1315 1518 1350 rum
1540 1301 1741 1350 meritis
1776 1302 1941 1365 gloria
1963 1317 2064 1351 non
2087 1299 2289 1363 datur3’
2332 1301 2460 1349 mul·

1406 1385 1566 1443 toque
1590 1378 1757 1427 minus
1791 1378 1919 1428 illud
1944 1378 2176 1428 Solonis:
2209 1377 2224 1405 ‘
2249 1375 2453 1426 Pulcri-

1406 1470 1464 1507 us
1480 1457 1670 1520 parari,
1686 1472 1836 1521 quam
1857 1457 2028 1506 creari
2047 1453 2310 1504 nobilem!
2377 1453 2458 1503 De

1405 1532 1591 1597 quibus
1633 1532 1753 1582 vide
1795 1531 1934 1583 And.
1975 1531 2325 1597 Tiraquellum
2370 1531 2460 1584 De

1407 1608 1695 1659 Nobilitate
1720 1624 1833 1674 cap.
1854 1613 1937 1659 22.
1960 1608 2011 1657 in
2034 1623 2136 1673 quo
2175 1609 2328 1658 hosce
2353 1620 2462 1656 ver·

1404 1699 1490 1734 sus
1536 1685 1745 1736 Boethii
1790 1686 1940 1746 citat,
1997 1684 2199 1749 aliaque
2266 1682 2461 1734 ibidem

1406 1762 1543 1811 lectu
1588 1762 1882 1826 dignissima
1917 1775 2057 1810 inore
2090 1774 2184 1809 suo
2217 1774 2284 1809 ex
2304 1758 2461 1809 variis

1406 1839 1646 1901 congerit
1680 1837 1993 1888 auctoribus.
2026 1838 2180 1887 Idem.

1471 1916 1623 1965 Omne
1639 1915 1887 1965 humanum
1899 1913 2075 1977 genus]
2091 1913 2195 1963 Ms.
2208 1910 2459 1962 Rittersh.

1409 1994 1564 2043 Omne
1601 1994 1836 2042 hominum
1865 2007 2033 2054 genus.
2099 1991 2188 2048 Ita
2207 1990 2457 2055 Virgilius

1405 2083 1493 2120 ur.
1526 2070 1722 2134 Georg.
1790 2071 1805 2096 ‘
1832 2069 2004 2119 Omne
2046 2067 2177 2118 adeo
2210 2080 2373 2131 genus
2407 2066 2462 2115 in

1402 2147 1556 2195 terris
1577 2147 1938 2211 hominumque
1955 2143 2323 2209 ferarumque.’
2388 2144 2461 2193 Et

1404 2221 1560 2271 Silius
1594 2223 1683 2273 lib.
1708 2236 1810 2272 vu.
1880 2221 2085 2271 ‘Omne
2121 2221 2378 2270 bominum
2399 2220 2454 2268 in

1399 2299 1556 2347 terris
1582 2297 1812 2362 trepidat
1835 2296 2029 2361 genus?
2065 2297 2215 2347 Idem,

1413 2367 1414 2370 ¹
1462 2374 1626 2424 Simili
1644 2375 1805 2436 surgit
1825 2376 1885 2425 ab
1906 2373 2036 2436 ortu]
2058 2375 2269 2430 Manuel
2295 2374 2461 2425 Palae·

1397 2451 1578 2516 ologus
1605 2452 1758 2505 Orat.
1784 2467 1883 2502 vu.
1921 2452 2097 2502 Instit.
2139 2451 2338 2515 Regiae,
2375 2452 2461 2500 De

1403 2529 1715 2579 Humilitate
1736 2546 1749 2579 ι
1782 2528 1952 2578 πάντες
1974 2526 2115 2590 ἐσμὲν
2130 2529 2177 2590 ἐξ
2198 2528 2299 2579 ἑνὸς
2315 2527 2460 2592 φυρά-

1395 2622 1563 2667 ματος,
1596 2604 1716 2669 χειρὶ
1736 2608 1818 2670 μιᾷ
1835 2608 1897 2671 τῇ
1916 2606 2004 2655 τοῦ
2019 2606 2123 2655 θεοῦ
2142 2603 2462 2667 πεπλασμένα

1397 2680 1513 2746 πρὸς
1534 2679 1585 2730 ἕν
1604 2700 1652 2730 τι
1674 2680 1808 2733 εἶδος.
1843 2684 1994 2734 Idem.

1469 2761 1605 2809 Unus
1636 2775 1795 2809 rerum
1824 2766 1965 2824 pater
2004 2759 2098 2823 est]
2131 2760 2314 2809 Prima
2352 2758 2461 2809 Dei

1396 2835 1702 2899 appellatio,
1734 2836 1904 2900 inquit
1944 2836 2169 2884 Hermes
2212 2833 2462 2884 Poe’mau·

1396 2912 1478 2969 dri
1499 2927 1615 2976 cap.
1639 2916 1688 2962 2.
1714 2920 1800 2962 est
1832 2912 1876 2961 τ’
1898 2910 2092 2976 ἀγαθὸν,
2135 2912 2150 2940 ‘
2168 2911 2346 2975 Ipsum
2369 2912 2458 2962 bo-

1396 2990 1558 3041 num)
1592 3007 1710 3056 quae
1757 2993 2035 3041 essentiam
2075 2991 2179 3041 Dei
2234 2997 2457 3054 spectat.

1393 3070 1449 3118 Ἥ
1471 3067 1522 3118 δὲ
1546 3067 1684 3132 ἑτέρα
1701 3066 1992 3133 προσηγορία
2027 3065 2161 3117 ἐστὶν
2194 3065 2225 3125 ἧ
2251 3066 2339 3114 τοῦ
2367 3084 2457 3115 πα·

1393 3146 1518 3212 τρός.
1571 3144 1716 3195 πάλιν
1759 3145 1835 3195 διὰ
1878 3143 1936 3194 τὸ
1978 3142 2218 3205 ποιητικὸν
2256 3141 2459 3193 πάντων.

1393 3222 1570 3287 πατρὸς
1603 3222 1699 3286 γὰρ
1736 3220 1794 3270 τὸ
1832 3224 1992 3271 ποιεῖν.
2062 3222 2078 3249 ‘
2100 3221 2282 3275 Altera
2336 3233 2461 3271 vero

1395 3301 1705 3364 appellatio,
1736 3299 1902 3349 Pater
1923 3305 2034 3350 est:
2070 3298 2188 3348 ideo
2210 3297 2331 3363 quia
2354 3312 2461 3347 om-

1394 3377 1482 3426 nia
1496 3378 1693 3442 gignit:
1730 3377 1892 3440 patris
1914 3383 1994 3426 est
2014 3376 2149 3425 enirn
2168 3388 2415 3439 generare
2428 3372 2463 3423 :’

1393 3469 1546 3518 qnam
1570 3468 1635 3502 ex
1664 3454 1821 3502 totius
1847 3454 2075 3503 universi
2099 3453 2366 3502 creatione
2404 3456 2461 3503 et
2559 3480 2566 3491 ·

1394 3529 1725 3591 providentia
1762 3530 1978 3578 sortitus
2001 3535 2101 3579 est.
2165 3529 2318 3580 Unde
2342 3543 2460 3593 per-

1392 3607 1626 3670 sequitur
1647 3606 1884 3664 Boetius,
1917 3608 1932 3635 ‘
1954 3608 2098 3656 Unus
2136 3612 2332 3657 cuncta
2367 3605 2460 3656 mi-

1392 3683 1616 3746 nistrat‚’
1636 3687 1732 3735 διο.
1775 3685 1952 3735 Vallia.

1459 3760 1609 3810 Dedit
1634 3766 1682 3810 et
1700 3776 1871 3810 cornua
1892 3760 2066 3825 Lunoe]
2103 3760 2341 3809 Lactant.
2366 3757 2456 3809 lib.

1392 3848 1433 3884 ι.
1457 3837 1584 3886 Div.
1608 3837 1785 3886 Instit.
1821 3852 1936 3901 cap.
1960 3842 2045 3888 21.
2109 3838 2124 3864 ‘
2144 3837 2305 3886 Lunae
2347 3841 2460 3884 tau·

1393 3927 1479 3962 rus
1526 3920 1807 3976 mactatur,
1857 3915 1980 3978 quia
2021 3913 2258 3963 similiter
2298 3911 2459 3965 habet

1393 3989 1628 4038 cornua.’
1663 3990 1835 4040 Sitzm.

1460 4066 1648 4115 Clausit
1700 4066 1921 4116 membris
1960 4065 2161 4130 animos]
2214 4067 2459 4116 Lactant-

1394 4144 1479 4192 De
1517 4141 1670 4206 Opif.
1695 4144 1822 4206 Dei,
1854 4158 1975 4206 cap.
1998 4147 2080 4192 20.
2128 4145 2144 4170 ‘
2165 4143 2458 4204 Corpuscu-

1392 4218 1497 4268 lum
1516 4219 1635 4280 boc,
1669 4233 1770 4283 quo
1807 4219 1974 4268 induti
1995 4270 1998 4275 ,
2019 4234 2209 4280 sumus,
2241 4217 2459 4268 hominis

1394 4295 1796 4360 receptaculum.
1827 4302 1925 4345 est.
1991 4295 2128 4353 ‚Nam
2164 4296 2275 4360 ipse
2307 4293 2460 4343 borno
