3049 4928
557 427 690 492 214
1249 438 1561 488 noman
1609 437 1710 488 na
1755 438 2065 489 consor„

552 589 680 654 bus
710 588 1087 653 conferatur
1115 585 1335 663 anniS‚
1368 586 1682 668 quoniam
1700 591 2056 668 utrumque
2079 584 2379 669 spatium
2408 583 2756 654 definitum

554 698 684 769 est,
715 691 1057 756 minimam
1085 689 1272 767 licet,
1301 688 1506 755 habet
1537 695 1767 753 tamen
1811 687 2107 771 aliquam
2157 687 2573 771 portionem!
2661 685 2761 753 At

550 797 660 861 hic
719 795 868 879 ipse
912 813 1225 859 numerus
1253 812 1597 870 annorum,
1625 790 1932 876 ¹ejusque
1962 790 2480 874 quantumlibet³
2528 788 2759 855 multi-

551 901 742 985 plex,
772 901 861 966 ad
885 900 1440 968 interminabilem
1456 909 1477 935 ¹
1505 897 2010 963 diuturnitatem
2037 915 2120 960 ne
2151 895 2532 979 comparari
2550 903 2582 944 ⁴
2613 895 2763 980 qui-

551 1003 706 1067 dem
733 1008 970 1087 potest.
1057 1002 1322 1069 Etenim
1350 1001 1553 1066 finitis
1574 1008 1597 1048 ⁵
1636 1000 1723 1065 ad
1752 1020 1827 1066 se
1859 1000 2148 1067 invicem
2177 998 2380 1064 fuerit
2411 998 2763 1083 quaedam3

552 1103 793 1170 infiniti
823 1123 983 1170 vero
1011 1110 1211 1188 atque
1236 1104 1407 1170 finiti
1434 1104 1622 1170 nulla
1652 1122 1948 1187 unquam
1992 1102 2243 1188 poterit
2273 1120 2430 1167 esse
2456 1101 2762 1167 collatio.

557 1207 666 1273 Ita
692 1207 791 1286 fit,
820 1213 897 1273 ut
926 1207 1289 1291 quamlibet
1330 1206 1626 1292 prolixi*
1669 1206 1989 1289 temporis
2029 1205 2236 1283 fama,
2285 1205 2347 1269 si
2375 1224 2532 1269 cum
2573 1203 2764 1270 inex·

554 1309 799 1376 hausta
826 1312 1197 1378 aeternitate
1228 1310 1577 1393 cogitetur,
1598 1329 1732 1375 non
1760 1327 1994 1392 parva,
2021 1306 2141 1373 sed
2170 1306 2371 1392 plane
2400 1305 2590 1374 nulla
2616 1326 2768 1372 esse

556 1413 881 1481 videatur.
968 1412 1124 1480 Vos
1153 1420 1382 1478 autem
1408 1412 1542 1477 nisi
1572 1412 1658 1477 ad
1705 1412 2070 1497 populares
2100 1407 2352 1488 aurae,6
2393 1411 2766 1494 inanesque

556 1516 903 1595 rumores}
944 1522 1126 1583 recte
1156 1515 1382 1582 facere
1410 1516 1732 1596 nescitis;
1782 1521 1853 1580 et
1902 1515 2141 1580 relicta
2169 1513 2601 1579 conscientiae
2632 1513 2766 1577 vir-

555 1620 850 1702 tutisque
879 1620 1292 1703 praestantia,
1322 1620 1408 1684 de
1437 1620 1674 1684 alienis
1707 1619 1993 1704 praemia
2044 1616 2491 1684 sermunculis
2534 1620 2768 1701 postu·

555 1720 734 1786 latis.
821 1720 1088 1805 Accipe
1115 1722 1186 1786 in
1213 1721 1599 1806 hujusmodi
1640 1722 2041 1804 arrogantiae
2090 1720 2369 1787 levitate
2397 1737 2599 1803 quam
2631 1717 2767 1783 fes-

556 1824 692 1888 tive
722 1824 972 1907 aliquis
1002 1824 1305 1890 illuserit.
1395 1823 1577 1888 Nam
1603 1843 1759 1888 cum
1787 1824 2062 1908 quidam
2088 1822 2357 1888 adortus
2375 1826 2599 1887 esset⁶
2645 1820 2768 1885 ho·

558 1925 801 1990 minem
829 1927 1250 1991 contumeliis
1278 1927 1393 2010 qui
1423 1945 1560 1991 non
1584 1926 1674 1991 ad
1699 1946 1881 1992 verae
1925 1925 2185 1993 virtutis
2232 1943 2455 2002 usum,
2506 1923 2633 1988 sed
2681 1920 2770 1987 ad

561 2029 924 2109 superbam
940 2036 967 2078 ⁷
1010 2028 1290 2112 gloriam
1312 2029 1559 2094 falsum
1589 2029 1722 2094 sibi
1750 2030 2136 2114 philosophi
2157 2047 2401 2094 nomen
2431 2025 2770 2105 induerat,

562 2128 1060 2217 adjecissetque
1080 2133 1223 2217 jam
1275 2151 1348 2195 se
1379 2133 1729 2210 sciturum,
1771 2152 1858 2197 an
1903 2133 2020 2197 ille
2073 2128 2522 2217 philosophus
2566 2132 2772 2208 esset,

560 2231 890 2314 siquidem
936 2234 1161 2300 illatas
1228 2235 1507 2319 injurias
1572 2236 1811 2302 leuiter
1865 2238 2322 2322 patienterque
2371 2232 2772 2315 tolerasset3

559 2333 675 2398 ille
705 2337 1096 2418 patientiam
1123 2339 1469 2423 paulisper
1515 2340 1856 2417 assumsit,
1898 2344 2314 2423 acceptaque
2361 2335 2774 2403 contumelia

564 2436 747 2503 velut
770 2438 1120 2519 insultans,
1163 2440 1209 2507 J
1214 2459 1325 2506 am
1355 2440 1649 2522 tandem,
1698 2441 1959 2527 inquit,
1987 2439 2400 2525 intelligisne
2426 2459 2532 2505 me
2564 2458 2725 2505 esse
2744 2437 2770 2478 ⁸

561 2632 589 2665 v
623 2625 998 2689 Propertionem.

559 2695 580 2721 ⁶
611 2689 885 2754 Affeciuet.

1161 2637 1184 2663 ²
1220 2629 1485 2694 Infinitum.
1635 2638 1660 2661 ⁰
1696 2629 2052 2686 Quantumlibet
2074 2629 2226 2694 longi.
2376 2626 2399 2660 ὃ
2433 2628 2771 2678 evacuandos.

1488 2776 1515 2794 θ
1521 2773 1610 2793 000
1614 2773 1850 2795 NONOOO

564 2855 660 2900 -8
694 2852 933 2919 Uterque
954 2854 1152 2905 Thuan.
1192 2862 1248 2905 et
1282 2855 1413 2919 Reg.
1449 2856 1634 2921 eiusque
1667 2857 2031 2920 quamlibet—4
2063 2857 2298 2920 Uterque
2316 2853 2515 2904 'ninam
2548 2860 2604 2905 et
2629 2854 2773 2905 Flor.

561 2931 646 2965 nec
670 2919 1046 2982 comparari.—5
1083 2921 1223 2970 Vict.
1249 2920 1504 2970 secundus
1533 2922 1728 2970 Etenim
1746 2923 1789 2971 si
1808 2922 2090 2987 fluidae-6
2122 2922 2138 2949 ‘
2158 2922 2291 2971 Mea.
2318 2920 2411 2972 Vos
2428 2920 2781 2971 mevaniensi

562 2984 810 3045 populares
843 2999 1013 3035 aures.-
1058 2985 1266 3034 videtur
1303 2993 1480 3035 tamen
1518 2994 1738 3049 recepta
1780 2987 1938 3037 lectio
1975 3001 2092 3035 ease
2132 2985 2486 3049 plausibilia)
2528 2984 2777 3034 Sinus.—

562 3049 595 3095 7
629 3053 643 3076 ‘
663 3047 749 3098 Ita
786 3050 995 3114 scripti:
1045 3051 1225 3101 excusi
1257 3050 1450 3100 insulse
1485 3050 1783 3114 nuper-bium.⁸
1827 3052 2086 3102 Beru.——8
2119 3051 2248 3101 Mas.
2280 3057 2339 3101 et
2376 3048 2499 3101 edd.
2537 3050 2780 3102 Florent-

1580 3157 1793 3209 No'rAE

564 3253 709 3302 nihili
734 3255 1019 3318 putandam
1058 3272 1172 3308 esse
1210 3262 1430 3322 propter
1462 3257 1627 3307 brevi-

565 3345 680 3380 ores
702 3334 968 3397 temporis,
1000 3349 1102 3400 quo
1143 3334 1328 3385 durare
1361 3335 1545 3399 possit,
1568 3335 1627 3386 li-

1708 3258 1862 3322 levit,
1894 3258 2086 3309 oblivio
2123 3257 2343 3309 delebit.
2406 3256 2495 3307 Sic
2519 3256 2780 3306 Romano-

1707 3350 1829 3389 rum
1852 3336 2042 3386 merita
2061 3336 2225 3386 veluti
2243 3336 2449 3400 sepulta
2476 3335 2781 3399 jacuerunt,

566 3408 735 3458 mites.
801 3409 929 3458 Cum
953 3411 1090 3459 enim
1112 3409 1251 3461 fama
1271 3412 1386 3462 haec
1410 3412 1477 3462 ab
1500 3412 1624 3463 alie-

564 3498 635 3533 na
655 3483 720 3533 de
746 3484 846 3533 tuis
868 3485 1069 3535 meritis
1094 3487 1477 3539 existimatione
1501 3504 1627 3553 peu-

566 3557 711 3622 deat‚
744 3559 942 3609 tamdiu
966 3560 1219 3611 duntaxat
1241 3563 1341 3613 ista
1371 3562 1511 3615 fama
1533 3567 1627 3616 du-

567 3635 725 3703 rabit,
767 3636 1013 3701 quamdiu
1056 3637 1110 3687 iu
1174 3639 1290 3689 aliis
1331 3640 1627 3692 hominibus

566 3712 767 3775 vigebit
791 3712 1092 3764 meritorum
1115 3719 1318 3765 tuorum
1341 3718 1622 3768 memoria:

570 3787 715 3851 atqui
753 3787 866 3837 haec
906 3789 1158 3839 memoria
1209 3792 1452 3853 perennis
1509 3807 1625 3844 esse

568 3864 782 3927 nequit:
824 3878 944 3913 nam
971 3865 1053 3914 vel
1080 3866 1303 3917 deerunt
1326 3869 1627 3934 scriptores,

568 3938 753 4002 quibus
791 3940 1064 3993 cerebrum
1099 3951 1431 4008 mentemque
1465 3944 1626 3996 homi·

566 4029 686 4064 uum
727 4016 1009 4066 identidem
1046 4021 1508 4085 commoventibus,
1535 4023 1626 4072 im·

571 4104 753 4152 pressa
791 4098 995 4143 tuorum
1054 4096 1354 4145 meritorum
1403 4097 1629 4162 vestigia

566 4176 904 4231 renoventur;
928 4171 1008 4220 vel
1028 4172 1265 4220 aderunt.
1290 4172 1342 4220 Si
1360 4170 1628 4224 defuerint

567 4245 870 4311 scriptores,
902 4253 978 4311 te,
1011 4262 1115 4297 non
1153 4262 1301 4298 secus
1346 4263 1408 4298 ac
1452 4251 1627 4312 plures

568 4324 669 4373 suis
690 4323 1010 4388 temporibus
1035 4323 1348 4375 clarissimos
1376 4327 1513 4376 viros
1538 4327 1627 4377 de-

1707 3418 1922 3463 auctore
1943 3411 2185 3463 Sallustio
2201 3411 2256 3461 in
2286 3411 2425 3462 bello
2450 3410 2780 3473 Catilinario‚

1711 3488 1852 3553 quod
1876 3491 1892 3518 ⁶
1916 3488 2353 3553 prudentissimus
2370 3488 2588 3553 quisque
2611 3486 2775 3537 maxi·

1706 3579 1790 3617 me
1807 3566 2115 3630 negotiosus
2153 3572 2299 3616 erat:
2336 3564 2600 3628 ingenium
2622 3577 2779 3615 nemo

1707 3641 1821 3690 sine
1882 3656 2103 3706 corpore
2158 3640 2448 3693 exercebat
2469 3655 2485 3688 ι
2544 3639 2779 3703 optimus

1708 3717 1928 3782 quisque
1960 3716 2161 3780 facere,
2200 3731 2353 3781 quam
2378 3715 2580 3778 dicere,
2598 3722 2656 3766 et
2679 3730 2776 3766 sua

1707 3793 1775 3842 ab
1800 3793 1915 3842 aliis
1937 3791 2222 3847 benefacta
2242 3792 2462 3855 laudari,
2484 3807 2640 3857 quam
2663 3793 2778 3856 ipse

1706 3868 1925 3919 aliorum
1963 3883 2176 3919 narrare
2200 3869 2461 3920 malebat?
2523 3868 2614 3918 Sic
2639 3868 2777 3917 viro-

1704 3960 1818 3996 rum
1840 3945 2071 4010 fortium,
2095 3946 2183 4012 qui
2217 3954 2344 3996 ante
2376 3946 2780 4011 Agamemnona

1706 4023 1966 4086 vixerunt,
1986 4023 2121 4088 quod
2144 4023 2197 4073 hi
2214 4024 2482 4074 caruerint
2504 4022 2777 4088 scriptori·

1707 4099 1804 4153 bus
1828 4099 2017 4164 poetiS,
2047 4100 2212 4150 virtus
2252 4101 2422 4150 celata
2454 4100 2609 4160 latet,
2635 4097 2780 4164 jndi-

1707 4178 1788 4227 cio
1814 4177 2019 4226 Horatii
2040 4178 2073 4225 l.
2097 4190 2179 4228 ιν.
2202 4177 2377 4226 Carm-
2399 4176 2505 4227 od.
2525 4180 2578 4226 9.
2611 4177 2628 4206 ⁸
2648 4174 2777 4224 Vix-

1708 4267 1796 4303 ere
1836 4251 2000 4302 fortes
2024 4259 2145 4303 ante
2167 4251 2560 4317 Agamemnona
2581 4250 2742 4302 Multi
2762 4266 2778 4310 ς

1710 4329 1804 4380 sed
1849 4344 2027 4381 omnes
2067 4322 2466 4395 illacrymabiles
2505 4329 2775 4392 Urgeutur
