3049 4928
981 399 1501 452 pannosorum.
1552 399 1695 450 tm.
1739 401 1855 451 ιιι.
2367 386 2502 456 283

314 549 691 626 revertatur,
739 547 1021 630 ignorat.
1126 546 1311 614 Num
1367 543 1545 616 enim
1595 548 1905 615 videntur
1951 565 2166 613 errare
2210 547 2281 614 hi
2298 556 2323 588 ⁸
2386 549 2501 634 qui

311 648 502 720 nihilo
529 649 828 734 indigere
855 650 1199 716 nituntur?
1286 648 1505 735 Atqui
1535 670 1672 716 non
1700 647 1805 717 est
1849 648 2035 727 aliud
2081 650 2265 734 quod
2310 670 2500 736 aeque

312 749 623 833 perficere
685 753 1172 819 beatitudinem
1232 754 1471 837 possit,
1534 772 1739 837 quam
1797 752 2128 836 copiosus
2174 752 2499 817 bonorum

313 854 600 918 omnium
628 859 888 937 status;
931 875 1058 922 nec
1086 854 1290 921 alieni
1318 874 1542 939 egens,
1589 855 1708 920 sed
1755 855 1887 921 sibi
1937 854 2085 939 ipse
2137 845 2498 920 sufficiens.

312 952 485 1021 Num
511 977 675 1022 vero
701 957 1016 1024 labuntur
1035 958 1059 996 ⁸
1098 958 1168 1024 hi
1197 960 1315 1043 qui
1343 958 1528 1043 quod
1559 959 1649 1025 sit
1675 959 2029 1044 optimum,
2059 958 2131 1022 id
2160 959 2368 1024 etiam
2396 978 2500 1024 re-

310 1059 622 1126 verentiae
653 1062 836 1128 cultu
849 1062 1319 1146 dignissimum
1338 1063 1618 1147 putant?
1637 1068 1693 1101 ²0
1722 1062 2016 1127 minime.
2063 1060 2308 1146 Neque
2325 1060 2501 1127 enim

308 1160 432 1226 vile
460 1162 805 1246 quiddam,
836 1164 1524 1249 contemnendumque
1545 1171 1654 1230 est
1680 1164 1861 1250 quod
1890 1162 2180 1248 adipisci
2208 1163 2499 1229 omnium

308 1261 440 1328 fere
462 1267 843 1332 mortalium
873 1268 1146 1334 laborat
1171 1268 1470 1336 intentio.
1556 1266 1667 1334 An
1711 1269 1780 1333 in
1826 1268 2020 1332 bonis
2068 1287 2203 1333 non
2244 1273 2349 1333 est
2375 1287 2501 1332 nu·

308 1368 613 1435 meranda
651 1372 1008 1454 potentia?
1099 1369 1282 1449 Quid
1328 1371 1582 1454 igitur?
1687 1369 1875 1436 Num
1919 1370 2354 1435 imbecillum¹
2417 1390 2502 1437 ac

308 1468 438 1533 siue
465 1470 721 1538 viribus
760 1472 1231 1539 oestimaudum
1266 1479 1373 1539 est
1415 1474 1604 1560 quod
1647 1475 1959 1560 omnibus
2002 1473 2202 1537 rebus
2233 1477 2503 1539 constat

307 1590 448 1636 esse
475 1576 959 1657 praestantius?
1044 1573 1158 1641 An
1187 1576 1517 1643 claritudo
1542 1577 1732 1644 nihili
1758 1574 2123 1662 pendenda
2152 1576 2304 1641 est?
2368 1575 2503 1640 Sed

311 1678 704 1760 sequestrari
722 1689 747 1718 ⁶
787 1679 1017 1764 nequit
1045 1680 1209 1765 quin
1255 1699 1453 1746 omne
1483 1681 1673 1766 quod
1715 1678 2355 1747 excellentissimum
2408 1676 2501 1743 sit

307 1776 371 1841 id
394 1780 596 1846 etiam
612 1780 926 1849 videatur
950 1803 1104 1849 esse
1131 1783 1598 1850 clarissimum.
1676 1783 1861 1850 Nam
1879 1804 2010 1849 non
2040 1803 2197 1848 esse
2227 1780 2503 1848 anxiam

309 1880 694 1969 tristemque
720 1885 1230 1965 beatitudinem,
1257 1907 1387 1953 nec
1435 1886 1786 1953 doloribus
1831 1887 2294 1973 molestiisque
2345 1886 2503 1951 sub-

303 1980 569 2066 jectam,
598 1987 767 2071 quid
791 1988 1024 2055 attinet
1051 1988 1273 2054 dicere
1291 1989 1322 2052 '1
1366 1988 1638 2074 quando
1667 1990 1737 2054 in
1768 1989 2061 2066 minimis
2091 2007 2360 2075 quoque
2399 2007 2504 2054 re-

308 2086 430 2151 bus
461 2089 535 2154 id
583 2093 924 2177 appetitur
954 2092 1131 2179 quod
1158 2093 1401 2158 habere
1429 2092 1702 2177 fruique
1720 2092 2027 2160 delectet.
2110 2089 2328 2177 Atqui
2354 2091 2505 2158 haec

309 2196 456 2257 suut
483 2212 645 2277 quse
674 2194 963 2281 adipisci
1007 2196 1315 2262 homines
1357 2197 1633 2278 volunt3
1678 2216 1899 2280 eaque
1952 2194 2038 2260 de
2093 2214 2304 2264 causa
2332 2193 2509 2260 divi·

306 2290 451 2373 tias,
479 2294 858 2380 dignitateS,
907 2318 1128 2383 regna,
1178 2297 1485 2384 gloriam,
1531 2299 2050 2384 voluptatesque
2102 2294 2506 2376 desiderant,

308 2396 477 2481 quod
521 2419 649 2485 per
684 2399 833 2468 haec
881 2402 1013 2469 sibi
1060 2402 1555 2484 sufficientiam,
1600 2402 2064 2482 reverentiam,
2116 2399 2506 2488 potentiam,

309 2499 783 2584 celebritatem,
838 2505 1147 2572 laetitiam
1197 2506 1483 2571 credunt
1497 2513 1524 2545 ²
1581 2526 1734 2571 esse
1781 2512 2144 2571 venturam.
2233 2503 2506 2569 Bonum

310 2607 409 2667 est
432 2603 634 2688 igitur
664 2607 849 2691 quod
899 2614 1042 2672 tam
1092 2606 1378 2673 diversis
1429 2607 1675 2673 studiis
1692 2608 1720 2646 ⁴
1757 2608 2065 2674 homines
2110 2612 2390 2692 petunt:
2433 2606 2506 2670 in

312 2723 441 2788 quo
485 2716 746 2793 quauta
789 2710 878 2776 sit
918 2718 1179 2777 naturae
1208 2706 1367 2790 vis}
1401 2710 1603 2775 facile
1649 2714 2107 2789 monstratur}
2148 2728 2303 2774 cum
2346 2707 2508 2773 licet

369 2903 395 2936 ⁸
419 2907 712 2974 ludia-ando,
729 2909 783 2960 id
803 2915 895 2976 est,
912 2914 1095 2962 munt.
1223 2915 1244 2942 θ
1279 2906 1490 2971 Negari.
1618 2905 1647 2942 ὅ
1678 2906 2036 2974 Affxtionibus.

1221 3053 1343 3075 0000
1374 3051 1583 3075 000Νο

310 3149 442 3202 Viet.
456 3151 628 3203 bum
646 3169 780 3204 uum
797 3157 987 3219 repetit.
988 3159 1120 3205 -20
1151 3154 1295 3206 Vict.
1327 3153 1622 3206 secundus:
1653 3156 1837 3218 putent.
1840 3156 1935 3201 —1
1969 3150 2167 3201 Thusu-
2205 3149 2421 3214 primus,
2452 3156 2510 3202 et

309 3213 782 3347 wem„
819 3220 1062 3285 Numquid
1098 3220 1494 3273 meinana-2
1529 3220 1663 3270 Mss.
1696 3217 1819 3270 edd.
1851 3217 2041 3283 Delph.
2089 3222 2149 3267 et
2182 3216 2353 3271 Hack·
2383 3218 2510 3268 eeti-

1298 3406 1520 3461 No'rAE

311 3530 363 3577 ts
382 3529 615 3581 externis
637 3527 953 3597 caducisque
986 3530 1158 3594 rebus,
1192 3535 1252 3581 ut
1274 3546 1369 3581 suo
1450 3543 1629 3581 errare
1668 3529 1771 3580 nisi
1808 3528 2140 3580 assumtione.
2225 3528 2307 3578 De
2348 3525 2510 3579 verbo

309 3603 559 3670 principio
575 3616 769 3673 suoque
786 3605 1008 3671 proinde
1026 3605 1119 3657 fini
1136 3605 1370 3657 adhaeret
1447 3607 1465 3636 ⁴
1487 3606 1807 3673 sequestrari
1821 3606 1838 3633 ’
1867 3619 2026 3670 supra
2046 3603 2243 3654 dictum
2264 3609 2367 3654 est.

311 3680 520 3734 immota
538 3699 555 3734 ι
609 3684 939 3750 quamobrem
980 3691 1040 3734 ut
1071 3683 1265 3747 ebrius,
1293 3684 1368 3734 sic
1450 3689 1456 3694 ’
1512 3683 1538 3717 f
1554 3685 1762 3736 Natum
1779 3683 1878 3748 vis]
1925 3683 2129 3746 Nempe
2148 3680 2280 3731 iden
2302 3686 2511 3731 natura·

311 3770 448 3808 mens
482 3760 705 3812 humans
738 3774 841 3810 uon
874 3767 1018 3810 errat
1054 3761 1150 3810 uisi
1170 3775 1366 3813 assum-
1449 3761 1572 3811 liter
1609 3761 1786 3811 insite
1828 3756 2089 3809 mentibus
2132 3756 2401 3808 humanis:
2455 3757 2511 3806 iu

313 3833 450 3884 tione
468 3836 752 3902 precipiti.
1020 3856 1023 3861 >
1449 3853 1553 3904 qua
1594 3838 1944 3903 unusquisque
1995 3834 2138 3885 videt
2175 3835 2511 3899 comprehen-

373 3917 396 3944 0
419 3913 552 3963 Num
572 3913 699 3964 euius
728 3913 952 3963 videntur
979 3927 1143 3964 errore
1162 3913 1235 3978 ht,
1257 3914 1367 3978 &eil
1447 3929 1582 3977 sum,
1604 3912 1752 3978 quod
1765 3912 2035 3979 predictis
2073 3909 2512 3978 propositionibus

312 3985 641 4055 Philosophia
679 3990 904 4056 denique
923 4004 1150 4040 seorsum
1173 4004 1367 4057 expeu—
1447 3989 1714 4041 asseritur.

313 4061 390 4113 dit
435 4065 713 4129 praedictas
752 4065 1132 4130 propositiones
1149 4066 1216 4115 de
1256 4067 1366 4131 opi·
1511 4074 1539 4110 8
1561 4065 1725 4118 Facile
1744 4062 2063 4128 maturatur]
2116 4063 2312 4113 Saltem
2332 4075 2364 4111 a
2385 4072 2509 4110 con·

316 4137 426 4204 bus,
464 4141 762 4207 honoribus,
799 4143 1054 4208 potentis,
1092 4143 1276 4207 gloria,
1313 4150 1371 4195 et
1448 4133 1806 4208 sequentibus,
1843 4141 1973 4204 sive,
2009 4146 2070 4191 ut
2091 4137 2393 4205 Philosophi
2429 4136 2511 4189 lo·

315 4217 683 4283 voluptatibus,
703 4219 900 4285 hasque
922 4218 1111 4284 probat
1131 4233 1251 4269 esse
1286 4228 1370 4270 νε-
1448 4225 1696 4286 quuntur,
1712 4233 1744 4269 a
1766 4216 2062 4286 posteriori.

318 4304 426 4346 rasa
461 4309 526 4347 ex
544 4311 648 4364 quo
670 4295 900 4360 conficit,
914 4296 1148 4349 homiues
1164 4296 1251 4349 hie
1264 4310 1368 4349 nou
