3049 4928
509 360 645 428 346
1220 372 1532 423 nonum
1581 373 1680 422 ns
1725 366 2033 423 consol„

511 537 651 605 Sed
671 537 995 623 qnoniam
1020 535 1168 601 haec
1198 554 1468 620 quoque
1511 540 1578 599 te
1600 554 1826 613 nosse,
1856 533 2170 620 quaedam
2206 532 2563 598 medicinae
2587 539 2717 600 tuae

507 643 735 727 portio
765 645 890 718 est,
935 659 1315 724 quanquam
1334 633 1634 723 'angusto
1666 640 1881 704 limite
1909 636 2238 720 temporis
2268 637 2466 720 septi,
2498 642 2718 702 tamen

514 744 772 830 aliquid
798 743 1133 809 delibare⁸
1157 749 1210 781 ¹²
1254 743 1664 807 conabimur.
1757 739 1964 820 Quod
1997 743 2056 805 si
2103 746 2167 806 te
2209 741 2449 805 musici
2481 741 2721 806 carmi-

511 848 617 912 nis
646 847 1134 911 oblectamenta
1160 844 1517 922 delectant,
1565 842 1740 910 hanc
1770 848 2040 928 oportet
2068 843 2406 929 paulisper
2447 843 2719 908 differas

510 950 955 1033 voluptatem,
983 946 1138 1012 dum
1161 968 1376 1012 nexas
1400 948 1530 1012 sibi
1553 955 1599 994 ¹³
1648 947 1877 1013 ordine
1908 953 2200 1012 contexo
2229 948 2550 1011 rationes.
2630 945 2725 1011 Ut

510 1053 702 1131 libet,
733 1053 1028 1137 inquam.
1113 1051 1287 1115 Tum
1317 1050 1500 1117 velut
1530 1051 1617 1115 ab
1650 1051 1788 1116 alio
1818 1070 1974 1115 orsa
2019 1045 2404 1134 principio}
2439 1049 2543 1115 ita
2585 1049 2721 1114 dis-

511 1156 757 1220 seruit:
792 1153 1106 1218 Omnium
1140 1153 1481 1235 generatio
1506 1172 1747 1233 rerum,
1766 1161 2190 1238 cunctusque
2211 1151 2649 1218 mutabilium
2670 1159 2722 1198 ¹4

511 1264 889 1323 naturarum
936 1276 1346 1341 progressuS,
1376 1261 1444 1320 et
1494 1256 1816 1340 quicquid
1863 1257 2094 1342 aliquo
2137 1263 2442 1322 movetur
2492 1253 2742 1334 modo,-

512 1344 783 1438 causaS,
806 1357 1121 1437 ordinem,
1151 1356 1419 1435 formaS,
1460 1376 1549 1420 ex
1580 1357 1828 1424 divinae
1858 1361 2095 1424 mentis
2125 1358 2494 1424 stabilitate
2514 1366 2533 1396 ‘
2576 1377 2721 1422 sor-

510 1463 693 1528 titur.
784 1462 988 1541 Haec,
1016 1463 1081 1527 in
1113 1480 1255 1526 suae
1290 1461 1751 1544 simplicitatis
1782 1480 1939 1527 arce
1964 1462 2368 1546 composita,
2398 1460 2721 1544 multipli-

511 1585 657 1630 cem
690 1566 887 1631 rebus
918 1563 1222 1647 gerendis
1243 1550 1517 1628 modum
1548 1564 1828 1629 statuit:
1876 1567 1993 1649 qui
2017 1565 2258 1639 modus
2281 1585 2433 1630 cum
2465 1565 2535 1628 in
2566 1564 2720 1648 ipsa

510 1666 759 1735 divinae
775 1668 1238 1752 intelligentiae
1259 1668 1557 1752 puritate
1580 1668 2017 1753 conspicitur,
2044 1667 2479 1735 Providentia
2509 1667 2720 1732 nom-i-

553 1894 596 1942 ‚8
626 1886 822 1937 Leviter
843 1887 1096 1951 attingere.
1225 1890 1243 1921 ⁸
1277 1889 1573 1939 Constantia.

1768 2022 1794 2041 0

577 2104 640 2150 12
663 2101 679 2128 ‘
696 2100 952 2162 Scriptam
975 2102 1252 2153 lectionem
1279 2103 1328 2151 in
1348 2112 1651 2154 contextum
1673 2104 1886 2154 admisi:
1915 2103 2109 2169 vulgati
2136 2101 2328 2151 insulse
2354 2116 2367 2149 :
2402 2100 2585 2164 aliquid
2603 2101 2718 2150 deli-

508 2163 707 2217 berem?
738 2167 983 2218 Bernart.
1004 2168 1181 2219 Sitzm.
1213 2171 1229 2198 ‘
1252 2169 1479 2221 Omnes:
1513 2171 1805 2221 deliber-arel
1826 2171 2154 2220 Vatum—13
2192 2169 2317 2217 Mss.
2339 2167 2582 2217 :iba—14
2617 2167 2717 2216 Ms.

1497 2319 1720 2371 NOTAE

508 2419 844 2473 similitudine
869 2437 1004 2473 nnnc
1029 2423 1191 2475 utitur
1211 2425 1569 2492 Philosophia,

508 2499 899 2565 quinquaginta,
918 2502 1014 2561 vel,
1038 2507 1096 2550 ut
1130 2503 1217 2552 alii
1239 2504 1435 2568 volunt,
1450 2517 1570 2553 cen-

506 2580 617 2624 tum
634 2575 862 2626 habebat
883 2578 1079 2641 capita,
1115 2595 1329 2645 quorum
1356 2595 1455 2629 uno
1481 2582 1570 2630 ab·

507 2651 633 2716 niso,
651 2651 756 2702 duo
782 2654 1211 2720 renascebantur,
1242 2655 1410 2707 donec
1432 2657 1567 2706 Her-

506 2728 674 2790 cules,
716 2738 984 2793 amputato
1028 2746 1339 2798 unoquoque
1373 2734 1568 2797 capite,

504 2805 705 2870 yulneri
744 2807 915 2869 ignem
955 2807 1262 2860 admoverit.
1330 2810 1415 2859 De
1439 2812 1565 2859 Ler-

505 2893 626 2942 naea
647 2883 742 2933 hac
776 2883 945 2933 bestia
977 2884 1118 2934 infra
1156 2886 1359 2936 dicetur
1390 2888 1568 2936 Metro

508 2971 616 3009 vu,
636 2958 790 3023 hujus
811 2958 900 3010 lib.
927 2976 1003 3009 vs.
1028 2966 1117 3011 22.

570 3032 595 3066 f
614 3036 731 3085 Tum
763 3038 894 3087 velut
926 3036 986 3085 ab
1029 3039 1123 3088 alio
1167 3054 1274 3087 orsa
1310 3039 1568 3104 principio]

503 3121 572 3161 ιι.
606 3112 949 3177 Philosophia
985 3113 1182 3165 indicat
1220 3115 1446 3174 modum,
1468 3131 1570 3181 quo

503 3186 752 3253 deinceps
771 3190 1134 3255 disputabitur.
1172 3193 1427 3243 Nimirum
1449 3209 1570 3244 cum

502 3264 654 3328 Deus
697 3280 799 3315 non
845 3267 1011 3318 minus
1057 3270 1129 3318 sit
1183 3285 1339 3320 causa
1384 3271 1571 3335 prima,

503 3356 660 3407 quam
700 3342 816 3392 finis
866 3344 1072 3393 ultimus
1113 3359 1285 3396 rerum
1322 3347 1568 3412 omnium,

503 3417 839 3483 Philosophia
862 3420 925 3469 ad
950 3435 1096 3469 suum
1130 3422 1424 3472 institutum
1448 3438 1568 3488 pro-

503 3493 730 3550 bandum
756 3505 1065 3559 argumenta
1101 3497 1374 3556 desumere
1395 3508 1569 3564 potest

504 3586 537 3621 a
567 3572 689 3621 Deo
711 3571 766 3620 in
792 3579 1008 3637 utroque
1032 3574 1127 3623 hoc
1151 3589 1342 3637 genere
1365 3590 1568 3626 causae:

504 3660 621 3712 qnae
658 3656 833 3696 autem
872 3649 1125 3698 hactenus
1156 3652 1412 3714 expositae
1452 3661 1572 3702 sunt

503 3725 753 3782 rationes,
774 3725 850 3773 hae
875 3740 903 3772 a
928 3725 1048 3774 Deo
1072 3726 1231 3775 veluti
1254 3725 1358 3776 fine
1380 3742 1568 3792 accep-

502 3808 577 3851 tae
613 3811 766 3851 sunt:
817 3817 978 3867 quare
1014 3818 1129 3868 quae
1169 3804 1421 3870 deinceps
1443 3805 1568 3856 affe-

502 3886 705 3943 rentur,
726 3879 850 3943 ipsae
874 3896 903 3928 a
928 3882 1044 3929 Deo
1067 3881 1208 3932 velut
1232 3898 1263 3931 a
1280 3898 1434 3932 causa
1457 3881 1566 3932 effi-

502 3955 679 4005 ciente
702 3956 866 4019 prima
887 3956 1245 4019 accipientur:
1298 3958 1418 4008 hinc
1442 3958 1567 4007 Phi-

501 4033 734 4097 losophia
789 4033 1004 4097 incipit:
1063 4034 1329 4100 quicquid,
1376 4035 1568 4100 inquit,

500 4115 732 4171 creatur,
749 4113 1105 4175 conservatur,
1123 4118 1178 4161 et
1199 4112 1377 4177 aliquo
1409 4111 1566 4161 modo

503 4183 744 4242 afficitur,
767 4187 892 4236 illud
930 4201 962 4235 a
998 4188 1116 4237 Deo
1155 4190 1298 4238 velut
1334 4203 1364 4236 a
1400 4188 1571 4252 prima

503 4279 659 4315 causa
681 4273 901 4331 creatur,
938 4272 1294 4333 conservatur,
1323 4275 1378 4318 et
1401 4265 1564 4317 modi-

1650 2414 1873 2467 ficatur:
1920 2414 2055 2482 quod
2093 2413 2228 2464 enim
2254 2412 2307 2461 id
2327 2412 2515 2461 eodem
2553 2424 2714 2475 eoque

1650 2494 1872 2558 simplici
1891 2507 2096 2557 semper
2120 2491 2273 2540 modo
2295 2489 2407 2549 fiat,
2437 2496 2715 2553 propterea

1651 2570 1716 2621 ab
1739 2586 1844 2621 tina
1873 2583 2037 2635 eaque
2077 2568 2299 2633 simplici
2338 2573 2532 2628 mente,
2570 2565 2715 2616 nimis

1652 2663 1761 2698 rum
1789 2649 1922 2710 Deo,
1942 2646 2054 2707 fiat,
2082 2659 2296 2696 necesse
2321 2651 2418 2694 est.
2488 2644 2573 2692 Sic
2595 2644 2612 2671 ‘
2638 2642 2711 2691 di·

1649 2727 1771 2776 vina
1807 2740 1952 2775 mens
1974 2722 2312 2787 multiplicem
2344 2720 2499 2770 rebus
2536 2733 2713 2783 geren·

1649 2795 1728 2852 dis
1748 2802 1953 2853 modum
1969 2800 2175 2861 statuit,
2192 2797 2280 2865 qui
2300 2797 2504 2861 modus,
2520 2810 2637 2846 cum
2661 2796 2711 2843 iu

1647 2881 1765 2944 ipsa
1816 2879 2006 2929 divina»,
2060 2873 2421 2939 intelligentiae
2487 2874 2713 2938 puritate

1650 2955 1987 3020 conspicitur,
2012 2951 2351 3003 Providentia
2381 2949 2710 3009 nominatur:

1651 3047 1768 3081 cum
1794 3045 1915 3081 vero
1938 3030 2003 3080 ad
2027 3044 2090 3079 ea
2105 3043 2220 3094 quae
2236 3034 2411 3077 movet
2436 3033 2594 3091 atque
2611 3025 2712 3075 dis-

1653 3108 1821 3174 ponit,
1863 3105 2105 3168 refertur‚
2143 3106 2324 3153 Fatum
2362 3118 2395 3151 a
2427 3103 2711 3151 Veteribus

1651 3183 1980 3251 appellatur-⁹
2060 3183 2207 3232 Sitne
2264 3181 2280 3208 ‘
2316 3177 2546 3242 puritas’
2615 3193 2711 3226 vox

1652 3265 1862 3327 Latina,
1901 3261 2187 3312 dubitatur.
2272 3256 2378 3307 Alii
2421 3257 2589 3320 aiunt,
2631 3257 2713 3305 alii

1650 3348 1865 3405 negant.
1928 3336 2200 3400 Scioppius
2235 3334 2288 3382 in
2327 3332 2713 3382 Animadversi-

1647 3418 1832 3469 onibus
1851 3416 1901 3465 iu
1921 3412 2181 3473 vossium,
2197 3426 2342 3460 suum
2361 3410 2479 3459 huic
2503 3408 2715 3459 dictioni

1639 3496 1728 3559 jus
1743 3489 2041 3544 Latinitatis
2060 3487 2340 3537 restituere
2355 3491 2594 3548 conatus,
2608 3484 2681 3535 ait
2697 3500 2710 3534 :

1654 3576 1670 3602 ‘
1694 3572 1772 3621 sin
1791 3575 1963 3619 autem
1999 3564 2350 3628 impuritatem
2379 3562 2598 3612 Vossius
2619 3562 2712 3611 Ln-

1652 3648 1815 3698 tinum
1840 3658 1955 3695 esse
1993 3640 2276 3691 assentitur
2309 3643 2530 3702 propter
2568 3638 2714 3687 Cice-

1650 3724 1784 3773 ronis
1805 3719 2190 3777 auctoritatem,
2213 3715 2374 3780 ipsius
2409 3727 2618 3779 quoque
2629 3714 2712 3777 ju·

1649 3801 1784 3850 dicio
1810 3799 2003 3863 puritas
2025 3795 2234 3844 minime
2252 3792 2526 3841 barbarum
2552 3788 2712 3840 videri

1650 3878 1808 3929 «lebet
1826 3913 1838 3925 .
1853 3912 1867 3925 .
1884 3876 2029 3925 .Meo
2051 3886 2175 3935 ergo
2186 3868 2390 3934 judicio
2415 3875 2590 3932 potest
2603 3867 2709 3931 jam

1645 3954 1859 4003 Vossius
1883 3964 2063 4000 securo
2087 3960 2200 3995 esse
2235 3944 2424 4005 auimo,
2447 3950 2504 3993 et
2540 3940 2711 4009 quam.

1646 4030 1724 4079 vis
1760 4029 1814 4078 iu
1850 4032 2084 4075 veterum
2125 4029 2393 4071 auctorum
2440 4020 2586 4070 libris
2625 4020 2707 4085 qui

1645 4114 1766 4158 suut
1804 4103 1986 4168 reliqui
2033 4102 2171 4166 (cum
2218 4100 2492 4149 maximam
2518 4099 2706 4149 xeorum

1646 4191 1848 4249 partem
1863 4177 2141 4239 interiisse,
2151 4191 2316 4241 eoque
2329 4176 2707 4225 innumerarum

1649 4276 1829 4313 vocum
1878 4258 2179 4310 Latinarum
2209 4257 2472 4319 jacturam
2516 4253 2700 4306 factam
