3049 4928
1049 395 1568 485 rumosormffi
1620 418 1789 487 rainy
1817 440 1865 487 1.

2472 429 2558 496 87

341 597 565 644 mores
594 578 989 646 lacessitam
1043 582 1367 663 perieulis
1399 601 1552 648 esse
1585 586 2035 669 sapientiam?
2086 588 2341 653 'Nonne
2369 592 2556 674 apud

341 687 596 747 veteres
615 687 641 716 ⁸
704 699 999 766 quoque,
1056 689 1206 749 ante
1254 687 1471 750 nostri
1526 686 1830 752 Platonis
1880 688 2201 769 aetatem?
2240 709 2555 773 magnum

341 805 528 870 saepe
601 793 938 853 certamen
1013 805 1168 852 cum
1240 790 1550 856 stultitiae
1612 793 1986 859 temeritate
2050 796 2458 861 certavimus
2484 798 2515 860 ‘l
2532 805 2552 838 6

342 892 723 974 eodemque
776 892 1149 974 superstite,
1218 898 1598 977 praeceptor
1648 897 1799 981 ejus
1877 898 2229 964 Socratesc
2282 899 2552 982 injustae

340 994 703 1058 victoriam
732 995 964 1061 mortis
1003 1016 1111 1060 me
1143 1002 1453 1064 astante·⁸
1495 1001 1934 1083 promeruit?
1999 1000 2212 1087 Cujus
2262 1003 2548 1068 haeredi·

403 1167 419 1195 6
456 1164 565 1215 Nos
587 1165 913 1229 Philosophia.

1063 1175 1092 1200 ⁸⁸
1129 1168 1451 1234 Philosophia.

1346 1269 1558 1361 N'OTAE

337 1403 551 1468 solaque
591 1405 702 1456 late
739 1406 984 1457 Fortunae
1019 1422 1203 1459 secura
1232 1408 1402 1461 nitet.’

338 1480 647 1531 Lacessitur
691 1489 865 1532 tamen
890 1500 904 1534 :
962 1485 1204 1548 quoniam
1249 1487 1404 1538 dictis

334 1553 560 1607 saetisve
597 1558 849 1622 improbis
882 1569 1228 1623 provocatur:
1263 1564 1403 1629 quod

331 1632 573 1684 lacessiri
596 1642 681 1684 est
702 1651 716 1684 ε
740 1636 876 1686 unde
889 1636 1073 1702 Virgil.
1091 1640 1203 1690 Ecl.
1225 1653 1310 1693 ιιι.
1325 1654 1399 1694 vs.

333 1710 417 1759 51.
449 1713 467 1738 6
487 1709 728 1761 Efficiam
761 1712 979 1777 posthac
1011 1729 1078 1764 ne
1110 1729 1401 1782 quenquam

337 1800 464 1837 voce
487 1787 754 1840 lacessas.’
818 1791 1007 1856 Sicque
1036 1793 1282 1845 lacessita
1302 1796 1403 1847 fuit

334 1864 561 1927 primum
580 1865 793 1931 quidem
815 1870 954 1933 apud
970 1877 1195 1935 veteres,
1213 1871 1401 1925 deinde

340 1943 480 2007 apud
506 1945 829 1995 recentiores
854 1946 1212 2013 Philosophus.

396 2025 421 2051 ⁸
455 2020 629 2069 Nonae
650 2024 774 2085 apud
794 2023 1000 2088 veteres]
1051 2038 1090 2074 1.
1111 2025 1399 2089 Sapientia,

333 2110 450 2161 quae
474 2096 543 2146 ah
565 2096 694 2161 ipsis
723 2099 1037 2163 Pythagora·
1062 2102 1399 2166 temporibus,

334 2172 437 2223 dici
457 2173 624 2239 coepit
645 2175 995 2241 Philosophia,
1029 2176 1168 2242 apud
1194 2185 1399 2230 veteres

327 2250 601 2314 sapientes
622 2258 680 2301 et
706 2252 1047 2317 Philosophus
1070 2266 1134 2303 ex
1153 2269 1217 2305 eo
1240 2256 1399 2307 laces·

330 2328 433 2379 sita
469 2328 595 2393 fuit,
632 2330 771 2395 quod
810 2332 1226 2396 praestantissimi
1259 2333 1398 2385 inter

332 2404 445 2455 illos
463 2406 630 2467 exilio
653 2413 708 2456 et
731 2414 895 2458 morte
918 2409 1034 2474 ipsa
1054 2424 1086 2459 a
1107 2411 1281 2461 stultis
1304 2411 1395 2462 im-

331 2483 614 2548 probisque
648 2484 936 2536 hominibus
974 2484 1153 2537 affecti
1183 2486 1395 2541 fuerint.

329 2561 523 2611 Notati
563 2567 741 2624 potest
774 2563 860 2611 hic
896 2560 1141 2628 loquendi
1181 2565 1392 2617 modus=

326 2636 343 2664 ‘
359 2643 635 2687 certamen
659 2637 971 2688 certavimus
984 2637 1021 2688 ι’
1045 2635 1157 2689 'non
1180 2641 1316 2691 enim
1339 2641 1392 2692 id

329 2713 533 2765 Grecis
574 2715 836 2765 duntaxat
877 2714 1134 2766 familiare
1179 2726 1283 2780 est,
1332 2724 1394 2770 ut

325 2793 558 2843 nonnulli
582 2793 748 2854 aiunt,
770 2791 862 2842 sed
885 2792 1041 2842 etiam
1062 2794 1291 2844 Latinis:
1313 2795 1390 2847 sie

324 2870 611 2921 Terentius
634 2871 770 2920 dixit
797 2872 814 2899 ‘
838 2871 1013 2921 vi'vere
1038 2871 1225 2934 vitam3
1263 2887 1388 2936 gau-

327 2946 452 2996 dere
476 2946 723 3011 gaudium
743 2944 780 2997 ι’
812 2946 996 2997 Cicero
1029 2948 1260 2997 ‘servire
1282 2962 1389 2998 ser-

327 3024 544 3074 vitutem
564 3023 599 3085 ;'
633 3023 883 3074 Horatius
915 3026 931 3053 6
952 3024 1134 3074 ludere
1157 3025 1333 3075 ludum
1354 3025 1388 3076 :'

327 3107 384 3151 ut
408 3108 593 3151 noster
629 3108 812 3151 auctor
842 3099 981 3151 infra
1000 3101 1145 3153 dicet
1175 3103 1189 3129 6
1212 3103 1393 3155 ludere

324 3176 537 3242 ludum‚'
567 3177 585 3207 6
601 3192 786 3228 ornare
808 3178 1164 3229 ornamentis.’

385 3255 409 3289 b
428 3257 562 3306 Ante
576 3256 733 3306 nom-i
751 3256 972 3305 Platon-is
992 3255 1207 3319 etatem]
1232 3257 1388 3309 Plato

323 3338 474 3383 natus
495 3340 583 3382 est
603 3332 821 3383 Athenis
839 3335 982 3384 circa
995 3349 1182 3384 aunum
1202 3335 1389 3386 Mundi

322 3413 468 3460 3626.
534 3409 640 3459 Hic
665 3410 719 3460 in
747 3411 884 3460 omni
909 3410 1259 3461 doctrinarum
1299 3425 1386 3476 ge-

319 3499 464 3547 nere,
506 3486 600 3536 sed
638 3486 692 3535 in
730 3486 1067 3552 Philosophia
1096 3490 1388 3552 praesertim

320 3563 568 3614 excelluit
591 3578 605 3613 ε
627 3562 762 3612 unde
787 3563 1125 3628 Philosophia
1143 3579 1277 3616 nnnc
1302 3580 1386 3615 vo·

317 3646 406 3690 cat
424 3643 439 3668 6
453 3638 642 3700 suum,'
665 3640 911 3706 illumque
932 3642 1121 3692 statuit
1142 3648 1388 3709 tanquam

314 3717 640 3767 notissimum
653 3717 1045 3783 Philosophum,
1060 3720 1113 3769 in
1124 3736 1248 3785 quo,
1263 3728 1385 3772 ante

315 3809 494 3860 quem,
529 3801 587 3844 et
627 3801 748 3859 post
785 3806 939 3860 quem
979 3797 1385 3860 sapientiasive

315 3870 659 3935 Philosophia
695 3869 831 3921 male
870 3880 1095 3937 excepta
1132 3872 1250 3925 fuit.
1318 3876 1384 3925 In

313 3948 430 4010 ipso
451 3947 662 4012 quidem
693 3947 918 3998 Platone
957 3950 1213 4013 sapientia
1243 3953 1382 4003 male

313 4032 541 4088 excepta
563 4022 701 4074 fuit:
736 4036 854 4074 nam
887 4026 1000 4089 ipse
1022 4028 1173 4078 Plato
1195 4031 1376 4096 iniqui·

315 4108 424 4152 tate
451 4101 695 4165 Dionysii
718 4101 907 4152 Sicilie
930 4103 1185 4168 Tyranni,
1214 4109 1297 4158 cui
1320 4124 1380 4159 se

315 4177 401 4226 ille
454 4176 804 4240 commiserat,
827 4206 830 4209 -
858 4178 1029 4243 inquit
1068 4182 1273 4248 Cicero,
1324 4185 1376 4235 in

316 4254 551 4304 maximis
588 4253 840 4317 periculis
879 4255 1178 4323 insidiisque
1210 4274 1377 4308 versa-

317 4336 401 4381 tus
422 4337 525 4381 est.
594 4328 735 4380 Ante
758 4330 978 4382 eundem
1002 4332 1279 4386 Platonem
1300 4352 1380 4387 sa-

1485 1405 1684 1475 pientia
1713 1413 1847 1462 male
1883 1413 2041 1463 etiam
2074 1420 2303 1478 excepta
2337 1412 2469 1467 suits
2504 1415 2548 1465 si

1484 1488 1692 1552 quidem
1725 1489 1879 1539 Solon
1903 1490 2253 1549 Atheniensis,
2275 1488 2552 1554 Anaxago·

1486 1580 1588 1632 ras,
1607 1575 1664 1617 et
1686 1568 2015 1633 Pythagoras
2034 1569 2085 1618 in
2106 1569 2318 1619 exilium
2344 1570 2449 1620 acti
2471 1568 2549 1619 fu-

1485 1651 1664 1694 erant:
1702 1641 1844 1695 Zeno
1867 1659 1990 1696 vero
2014 1645 2226 1696 Eleates
2246 1645 2436 1710 aliique
2459 1659 2549 1711 op-

1486 1722 1599 1771 timi
1618 1722 1716 1771 viri
1738 1729 1905 1772 morte
1923 1721 2177 1772 damnatie
2203 1722 2293 1771 sed
2312 1721 2549 1786 ejusdem

1483 1798 1719 1848 Platonis
1743 1806 2040 1863 proeceptor
2059 1798 2333 1849 Socrates:
2361 1806 2417 1848 ut
2442 1807 2548 1850 sta-

1484 1876 1578 1923 tim
1601 1874 1822 1937 dicam,
1845 1876 2027 1925 eodem
2046 1875 2305 1940 supplicio
2323 1874 2544 1928 affectus

1480 1949 1599 2000 fuit.
1636 1951 1874 2017 Denique
1896 1958 2017 2017 post
2031 1952 2250 2002 eundem
2269 1952 2543 2004 Platonem

1482 2027 1738 2090 sapientia
1761 2029 1895 2078 male
1920 2035 2146 2092 excepta
2164 2028 2265 2078 fnit
2284 2029 2334 2078 in
2351 2029 2544 2088 Cauiis,

1481 2104 1533 2154 in
1562 2105 1799 2170 Senecis‚
1832 2107 1884 2156 in
1921 2106 2152 2168 Soranis,
2180 2106 2232 2155 in
2273 2106 2388 2171 ipso
2410 2107 2548 2159 Boe-

1481 2182 1625 2232 thio:
1661 2198 1778 2249 quae
1811 2183 1986 2234 omnia
2018 2197 2250 2234 seorsum
2274 2184 2544 2248 probanda

1479 2267 1618 2311 sunt.

1540 2344 1564 2371 ‘-
1581 2339 1853 2403 Praeceptor
1865 2338 1964 2400 qius
1977 2338 2218 2402 Socrates]
2234 2338 2298 2389 In
2309 2339 2547 2405 Socrate,

1477 2415 1708 2482 inquam,
1746 2426 1866 2470 ante
1907 2420 2144 2471 Platonis
2175 2426 2387 2473 oetatem
2410 2422 2544 2488 sapi·

1477 2497 1619 2546 entia
1642 2498 1775 2548 male
1797 2507 2019 2565 excepta
2038 2498 2142 2551 fuit
2162 2517 2176 2551 ε
2218 2515 2336 2551 nam
2358 2502 2542 2551 Socra·

1475 2579 1574 2639 tes,
1597 2575 1746 2638 cujus
1769 2582 1917 2625 tanta
1930 2578 2189 2642 sapientia
2207 2576 2324 2640 fuit,
2340 2583 2397 2628 ut
2416 2579 2541 2630 hine

1474 2657 1768 2716 praeceptor
1789 2653 2029 2704 Platonis
2051 2652 2233 2717 fuerit,
2270 2656 2393 2705 inde
2415 2670 2540 2706 vero

1474 2729 1721 2793 Epicurei
1757 2744 1817 2778 ac
1850 2731 2016 2780 Stoici
2053 2732 2120 2780 ab
2142 2732 2280 2781 illius
2303 2733 2539 2796 partibus

1471 2814 1612 2856 stare
1623 2809 2060 2872 gloriarentur,ob
2073 2824 2216 2859 suam
2230 2810 2539 2873 sapientiam

1468 2891 1641 2933 morte
1679 2883 1953 2935 damnatus
1993 2892 2098 2936 est.
2161 2888 2392 2937 Primum
2427 2889 2537 2954 qul-

1470 2959 1588 3009 dem
1629 2961 1875 3013 Socrates
1918 2963 2062 3014 circa
2105 2978 2293 3014 anuum
2344 2966 2534 3017 Mundi

1473 3041 1622 3090 86⁰0.
1659 3046 1829 3100 natus,
1871 3041 2109 3106 adeoque
2149 3047 2272 3091 ante
2294 3042 2535 3092 Platonis

1476 3122 1686 3166 aetatem
1714 3116 1928 3182 florens,
1960 3116 2058 3168 fait
2089 3118 2535 3184 sapientissimum

1473 3206 1591 3242 nam
1616 3209 1646 3242 a
1668 3192 1822 3243 rebus
1845 3195 2066 3244 occultis
2099 3201 2156 3245 et
2191 3196 2259 3245 ab
2290 3196 2405 3260 ipsa
2444 3209 2534 3246 na·-

1473 3275 1591 3320 tura
1611 3271 1857 3321 involutis
1872 3272 2113 3323 avocavit
2134 3271 2536 3339 Philosophiam,

1470 3353 1530 3396 ut
1566 3347 1630 3395 de
1667 3347 1944 3397 virtutihus
1984 3356 2041 3399 et
2079 3351 2219 3400 vitiis
2258 3360 2538 3416 quaereret‚

1469 3431 1713 3474 causatus
1734 3438 1848 3490 quae
1872 3438 2028 3492 supra
2049 3441 2165 3491 nos,
2200 3424 2324 3478 nihil
2350 3426 2414 3479 ad
2439 3442 2532 3481 nos

1470 3502 1767 3565 pertinere:
1818 3502 1861 3552 is
1900 3506 2205 3554 non‘sulum
2246 3505 2405 3556 verbo
2442 3508 2532 3557 sed

1468 3581 1711 3645 exemplo
1734 3580 1893 3630 etiam
1915 3580 1981 3630 ad
2015 3581 2231 3632 honeste
2255 3582 2530 3634 vivendum

1467 3669 1588 3706 suos
1636 3656 1902 3707 auditores
1942 3657 2251 3708 hortabatur
2273 3672 2295 3709 τ’
2327 3664 2528 3710 tantam

1467 3732 1662 3797 quippe
1681 3733 1737 3782 iu
1758 3733 1897 3783 omni
1920 3733 2030 3784 vita
2051 3736 2280 3784 servavit
2303 3736 2531 3800 aequabi-

1464 3808 1693 3871 litatem,
1727 3816 1784 3858 ut
1807 3809 1994 3859 sivein
2016 3811 2301 3875 prosperis,
2334 3812 2443 3865 sive
2474 3814 2528 3863 in

1464 3883 1700 3934 adversis
1735 3885 1907 3949 rebus,
1941 3887 2164 3936 eundem
2187 3900 2395 3952 semper
2418 3891 2528 3939 vul·

1464 3966 1594 4021 tum,
1626 3975 1724 4010 nec
1759 3962 1973 4011 hilarem
2012 3964 2194 4028 magis,
2226 3979 2325 4015 nec
2363 3966 2528 4030 magis

1465 4037 1732 4086 turbatum
1771 4038 2077 4090 ostenderit.
2143 4040 2348 4090 Deinde
2387 4042 2525 4091 idem

1458 4113 1706 4164 Socrates
1721 4119 1736 4144 6
1748 4116 2072 4181 praeceptor’
2093 4116 2196 4167 fuit
2212 4120 2228 4147 6
2243 4116 2481 4169 Platonis
2495 4122 2532 4168 τ’

1458 4190 1596 4239 unde
1619 4193 1816 4242 Tullius
1841 4194 2020 4246 unde
2044 4194 2194 4245 Orat.
2217 4195 2530 4258 ‘Socrates,’

1457 4267 1646 4332 iuquit,
1699 4268 1719 4298 6
1748 4269 1898 4333 cnjus
1948 4270 2208 4332 ingenium
2257 4272 2524 4337 variosque

1458 4358 1722 4409 sermones
1762 4345 2139 4398 immortalitati
2173 4348 2383 4414 scriptis
2418 4350 2523 4401 suis
