3049 4928
499 440 603 507 ‘78

1148 530 1151 531 γ
1217 448 1524 500 ΒΟΕΤΗΠ
1577 450 1675 499 ΒΕ
1722 448 2031 498 coNson.

1383 713 1707 780 PROSA
1753 713 1856 778 ΙΙ.

605 896 758 961 SED
789 895 1167 972 medicinae,
1197 893 1466 976 inquit,¹¹
1491 892 1723 976 potins
1745 899 1764 928 ¹
1812 898 2075 972 tempus
2122 885 2270 955 estb
2314 845 2517 969 quam
2561 900 2722 965 que-

514 998 722 1063 telae!

808 999 985 1062 Tum
1012 1017 1170 1063 vero
1231 997 1395 1060 totis
1446 995 1516 1058 in
1564 1013 1667 1056 me
1715 995 1973 1056 intenta
2018 989 2464 1064 luminibuS,⁸⁰
2529 983 2721 1046 Tune

517 1119 598 1167 os
622 1100 835 1179 ille,²⁶
880 1101 998 1178 ait,
1046 1100 1164 1183 qui
1208 1106 1437 1164 nostro
1488 1096 1833 1180 quondam
1888 1095 2068 1159 lacte
2113 1091 2428 1167 nutrituS,
2473 1085 2722 1165 nostris

580 1309 607 1333 ²
639 1300 963 1365 Philosophia.

1117 1309 1144 1342 ⁹
1176 1301 1371 1364 Tempus
1394 1304 1465 1348 est
1486 1296 1706 1361 sanandi,
1727 1312 1822 1346 non
1858 1294 2127 1345 invehendi.

2256 1299 2281 1325 ²
2317 1291 2499 1339 Oculis.

582 1514 610 1559 1
648 1509 783 1560 Edd.
807 1507 1006 1560 eaedem
1033 1509 1281 1559 omittunt
1304 1507 1540 1556 voculam
1569 1507 1745 1570 potius,
1766 1513 1821 1555 et
1851 1519 1951 1569 pro
1973 1518 2113 1568 quam
2146 1504 2328 1566 legunt
2348 1500 2558 1549 nom—2
2593 1496 2725 1547 Τιιιια

1516 1652 1732 1702 NOTAE

582 1771 608 1806 ὓ
643 1771 915 1832 Medicinoe,
949 1770 1125 1835 inquit,
1177 1769 1336 1834 potius
1400 1775 1581 1832 tempus

516 1846 612 1911 est]
645 1848 722 1899 Ut
744 1845 977 1911 corporis
1013 1846 1088 1895 sic
1121 1845 1307 1894 mentis
1327 1859 1434 1893 snae
1459 1850 1581 1892 sunt

517 1923 870 1990 aegritudines,
891 1921 1222 1987 quamobrem
1241 1935 1333 1969 sua
1349 1927 1430 1969 est
1451 1920 1581 1968 utri·

518 2012 679 2065 usqne
704 1999 988 2048 medicina:
1013 1996 1150 2046 unde
1174 1996 1287 2046 Cic.
1311 2010 1401 2046 111.
1419 1996 1579 2046 Tusc-

517 2093 602 2145 qq.
650 2080 665 2105 ‘
700 2075 968 2125 Medicina
1005 2072 1193 2137 animi‚’
1229 2073 1413 2137 inquit,
1447 2073 1463 2101 ‘
1489 2085 1583 2121 cur

454 2188 475 2197 -
519 2169 622 2204 non
648 2161 752 2205 tam
793 2153 1112 2212 desiderata,
1145 2157 1248 2198 tam
1287 2150 1447 2208 culta,
1477 2155 1581 2197 tam

519 2239 688 2296 grata,
737 2237 793 2280 et
837 2229 1061 2293 probata
1099 2242 1248 2294 quam
1293 2226 1526 2289 corporis
1544 2225 1581 2274 ?'

519 2306 855 2370 Philosophia
899 2310 1092 2367 autem,
1139 2308 1323 2365 utpote
1367 2317 1482 2366 qua».
1527 2301 1582 2348 in

518 2383 837 2447 cogitatione
874 2387 1129 2442 versatur,
1162 2379 1349 2429 mentis
1372 2384 1585 2427 exercet

519 2458 857 2519 medicinam3
880 2455 1163 2505 observatis
1186 2461 1362 2504 tamen
1385 2454 1445 2503 iis
1466 2470 1581 2520 qnae

522 2551 561 2585 a·
577 2534 790 2584 medicis
807 2546 1080 2596 corporum
1104 2530 1365 2580 observari
1385 2531 1580 2580 solent:

517 2612 571 2661 hi
610 2611 745 2661 enim
773 2615 821 2659 1.
853 2624 1022 2671 aegros
1062 2607 1314 2657 attentius
1344 2607 1584 2657 conside·

521 2694 673 2738 rant:
710 2701 829 2735 nam
874 2687 893 2713 ‘
935 2684 1142 2733 medico
1181 2682 1454 2747 diligenti,'
1506 2684 1583 2731 in-

525 2765 640 2830 quit
673 2765 866 2814 Tullius
905 2777 969 2812 11.
1004 2761 1070 2811 de
1106 2762 1201 2813 Or.
1246 2767 1261 2791 ‘
1286 2762 1583 2826 priusquam

523 2851 742 2895 conetur
777 2857 917 2906 aegro
961 2840 1206 2890 adhibere
1251 2839 1584 2902 medicinam,

522 2936 626 2974 non
663 2920 827 2972 solum
865 2918 1072 2967 morbus
1096 2918 1229 2982 ejus,
1263 2917 1346 2966 cui
1385 2916 1583 2966 mederi

524 2998 682 3060 volet,
715 2995 807 3045 sed
833 2993 989 3044 etiam
1015 2994 1338 3044 consuetudo
1360 2994 1584 3043 valentis

523 3081 574 3121 et
598 3080 783 3122 natura
809 3070 1040 3134 corporis
1073 3070 1430 3134 cognoscenda
1465 3065 1587 3118 est!

522 3156 572 3206 2.
622 3163 786 3213 aegros
821 3149 1169 3212 alloquuntur,
1210 3153 1271 3196 ut
1310 3140 1445 3209 quod
1491 3159 1584 3195 sua

522 3224 861 3275 meditatione
901 3237 1215 3286 cognoscere
1255 3236 1358 3271 non
1402 3229 1602 3286 potue·x

521 3309 642 3359 runt
665 3308 768 3351 tam
795 3300 861 3349 de
884 3299 1084 3362 morbo,
1104 3313 1256 3363 quam
1279 3298 1346 3347 de
1368 3312 1584 3348 consue·

518 3378 703 3427 tudine
742 3376 961 3425 valentis
1005 3381 1062 3424 et
1107 3384 1296 3423 natura
1338 3374 1588 3437 corporis,

523 3452 912 3517 percunctando
947 3457 1002 3500 et
1038 3449 1406 3513 interrogando
1442 3450 1587 3498 elici·

523 3541 630 3583 ant.
677 3537 726 3581 3.
777 3530 930 3594 aegris
973 3528 1266 3592 praesertim
1311 3528 1584 3581 silentibus

524 3621 726 3670 manum
772 3605 1070 3668 admovent,
1102 3609 1181 3666 ut,
1206 3610 1346 3653 tactu
1382 3603 1585 3666 judice,

526 3685 781 3751 praedicta
829 3680 1123 3730 evidentius
1174 3686 1581 3744 cognoscantur·

525 3763 738 3812 inventa
781 3759 921 3808 enim
960 3756 1126 3810 morbi
1166 3771 1320 3805 causa
1357 3755 1584 3805 curatio-

526 3852 642 3886 nem
667 3849 779 3885 esse
801 3834 1058 3881 inventam
1081 3832 1269 3882 medici
1294 3838 1496 3895 putant.
1530 3835 1581 3886 4.

527 3926 694 3976 egros
716 3908 1071 3969 consolantur,
1103 3909 1304 3958 causati
1336 3916 1435 3964 aut
1470 3909 1583 3966 nul-

525 3990 630 4038 lum
669 4000 782 4035 esse
825 3985 1084 4048 morbum,
1128 3991 1220 4035 aut
1262 3985 1583 4035 curationem

529 4064 645 4127 ejus
687 4075 801 4111 esse
843 4058 1080 4111 facilem:
1127 4063 1143 4091 ‘
1169 4061 1394 4111 Medici’
1426 4062 1585 4124 enim,

527 4138 697 4204 inquit
742 4137 940 4187 Orator
985 4153 1048 4189 ιι.
1094 4139 1158 4188 de
1201 4139 1328 4189 Div.
1368 4140 1385 4167 ‘
1423 4154 1585 4203 quan·

528 4229 681 4280 quam
721 4227 865 4279 saepe
903 4216 1218 4281 intelligunt,
1250 4223 1420 4264 tamen
1457 4229 1586 4263 nun·

530 4306 683 4358 quam
723 4293 878 4357 aegris
922 4292 1124 4356 dicunt,
1172 4306 1236 4342 eo
1277 4290 1453 4340 morbo
1496 4304 1586 4339 eos

1664 1785 1777 1820 esse
1800 1769 2112 1821 morituros.’
2181 1766 2342 1832 Atqui
2381 1765 2456 1813 ita
2492 1761 2609 1811 Phil
2614 1775 2727 1811 oso·

1666 1848 1785 1912 phia
1808 1862 1943 1896 nunc
1969 1862 2023 1896 se
2050 1846 2185 1910 gerit
2211 1857 2338 1906 erga
2362 1839 2656 1890 Boethium.

1728 1931 1750 1957 c
1788 1925 1906 1973 Tum
1936 1940 2045 1973 vero
2081 1923 2197 1972 totis
2214 1923 2264 1969 in
2284 1934 2355 1968 me
2373 1919 2560 1969 intenta
2581 1906 2726 1965 lumi·

1663 2001 1821 2064 nibus]
1874 2015 1914 2049 ι.
1960 1999 2291 2062 Philosophia
2327 1993 2600 2045 Boe'thium
2648 1999 2727 2042 at-

1667 2077 1861 2128 tentius
1900 2076 2229 2126 considerat:
2277 2080 2338 2121 ut
2376 2069 2520 2119 facta
2555 2074 2728 2117 atten-

1666 2155 1805 2203 tione
1828 2168 1930 2203 non
1954 2154 2117 2202 solum
2141 2148 2375 2199 morbum
2393 2142 2622 2204 Boethii,
2640 2142 2726 2191 cni

1663 2230 1859 2280 mederi
1901 2229 2035 2292 vult,
2068 2226 2159 2277 sed
2199 2225 2355 2274 etiam
2401 2214 2727 2270 consuetudi·

1663 2322 1781 2356 nem
1827 2306 2070 2367 valentis,
2122 2311 2175 2353 et
2232 2309 2466 2351 naturam
2531 2297 2722 2345 mentis

1664 2388 1975 2446 cognoscat:
2012 2380 2233 2431 attentio
2255 2378 2449 2442 quippe
2473 2373 2626 2422 animi
2650 2370 2728 2420 ita'

1665 2459 1876 2524 propria
1898 2466 1981 2507 est
2003 2454 2371 2519 Philosophiae,
2391 2457 2450 2501 ut
2473 2450 2568 2499 hac
2592 2463 2727 2512 prae-

1664 2537 1901 2601 cipitatio
1919 2542 1974 2584 et
1991 2532 2366 2598 praejudicium,
2390 2519 2728 2576 infensissimi

1665 2611 1902 2660 veritatis
1946 2607 2271 2659 inveniendae
2321 2605 2515 2664 hostes,
2560 2601 2726 2649 viten-

1666 2696 1782 2737 ture
1819 2702 1963 2736 mens
2006 2699 2156 2750 porro
2204 2682 2398 2731 dicitur
2433 2681 2449 2707 ‘
2475 2679 2599 2727 totis
2641 2674 2733 2740 ἰιιῖ

1662 2764 1861 2829 aliquid
1917 2763 1933 2791 ‘
1977 2763 2180 2811 intenta
2227 2754 2542 2817 luminibu3,’
2609 2768 2726 2802 cnm

1664 2841 1858 2905 aliquid
1883 2841 1954 2891 ita
1978 2839 2195 2903 cogitat,
2228 2835 2353 2884 nihil
2373 2840 2433 2884 ut
2458 2833 2505 2881 ei
2546 2821 2730 2896 super-'

1664 2918 1734 2966 sit
1759 2918 1940 2966 virium
1965 2915 2029 2964 ad
2054 2912 2193 2964 aliud
2219 2908 2573 2975 cogitandum.
2639 2907 2727 2955 Sic

1663 2995 1810 3058 Virg.
1836 2994 1949 3043 AEn.
1974 3008 2050 3042 ιν.
2092 3007 2166 3041 vs,
2187 2993 2300 3039 100.
2367 2990 2382 3016 ‘
2409 2986 2587 3036 Habes
2613 2991 2728 3052 tota

1663 3070 1800 3138 quod
1825 3076 1995 3120 mente
2019 3064 2238 3132 petistiss

1727 3146 1752 3180 ‘¹
1789 3147 1917 3196 Tune
1939 3161 1987 3195 es
2004 3143 2106 3207 ille]
2144 3156 2205 3192 11.
2229 3138 2568 3203 Philosophia
2589 3136 2730 3187 1303-

1664 3223 1826 3288 thium
1868 3222 2165 3286 alloquitur,
2215 3226 2273 3266 ut
2332 3215 2472 3281 qnod
2524 3219 2729 3263 attenta

1663 3281 2002 3349 meditatione
2038 3297 2103 3346 de
2140 3301 2282 3344 statu
2305 3292 2495 3341 mentis
2518 3290 2731 3360 Boethii,

1667 3376 1872 3425 videtur
1895 3390 1996 3423 non
2024 3372 2257 3437 potuisse
2298 3382 2630 3432 cognoscere,
2668 3368 2730 3422 ila

1665 3452 1754 3501 lud
1780 3452 1845 3501 ab
1874 3451 2054 3501 eodem
2090 3448 2311 3498 Boethio
2337 3442 2728 3510 percunctando

1666 3538 1721 3579 et
1745 3526 2113 3591 interrogando
2134 3524 2331 3573 eliciat.
2399 3519 2478 3570 Ac
2505 3519 2725 3582 primum

1666 3604 1875 3669 quidem
1898 3602 2228 3665 Philosophia
2253 3597 2529 3648 Boethium
2566 3595 2729 3644 inter-

1667 3686 1816 3743 rogat
1856 3679 1921 3727 de
1966 3678 2235 3741 praeterito
2279 3672 2467 3721 mentis
2510 3670 2729 3733 philoso-

1665 3756 1836 3822 phiam
1882 3754 2052 3803 doctae
2094 3760 2256 3814 statu,
2308 3748 2455 3812 cujus
2506 3745 2729 3812 initium,

1665 3847 1825 3896 progr
1828 3846 2014 3893 essum,
2046 3836 2100 3878 et
2122 3826 2497 3891 perfectionem
2530 3822 2727 3885 optime

1664 3913 1932 3971 comparat
1956 3920 2071 3953 cum
2113 3901 2341 3961 homine,
2378 3899 2485 3964 qni,
2523 3897 2725 3948 virilem

1666 3990 1876 4033 aetatem
1944 3981 2244 4044 adepturus,
2288 3979 2424 4026 lacte
2486 3973 2729 4038 primum,

1665 4068 1851 4125 postea
1871 4059 1988 4109 cibo
2012 4056 2247 4122 graviore
2273 4053 2461 4101 alitur:
2494 4051 2510 4076 ‘
2532 4051 2727 4099 Nostro

1665 4136 1952 4201 quondam
1947 4135 2083 4183 lacte
2106 4130 2355 4190 nutritus,
2385 4125 2578 4176 nostris
2601 4123 2727 4173 edu·

1666 4218 1813 4262 catus
1848 4207 2123 4270 alimentis,
2161 4205 2214 4253 in
2252 4202 2415 4253 virilis
2449 4198 2606 4249 animi
2646 4212 2726 4247 ro-

1665 4286 1767 4337 bur
1788 4282 2062 4337 evaserasss
2126 4281 2213 4332 Sic
2242 4281 2293 4330 S.
2320 4277 2514 4328 Paulus
2534 4274 2726 4324 similes
