3049 4928
2412 418 2544 487 183

325 579 495 639 tunae
554 575 967 641 instabilitas
1019 578 1323 661 aspirare
1370 597 1506 642 non
1550 578 1824 662 possit.¹‘
1909 575 2023 642 Ad
2070 574 2300 656 haec‚”¹
2347 598 2548 662 quem

327 677 596 744 caduca
647 678 783 744 ista
829 679 1115 745 felicitas
1166 681 1407 758 vehit?
1449 680 1557 744 vel
1606 673 1738 746 scit
1789 701 1963 759 eam,
2013 682 2124 747 vel
2152 682 2369 746 nescit
2399 701 2548 747 esse

321 784 735 849 mutabilem.
828 783 903 847 Si
929 783 1163 860 nescit,
1194 801 1506 866 quaenam
1538 783 1740 848 beata
1786 803 1933 848 sors
1988 803 2138 848 esse
2186 789 2415 868 potest
2444 783 2540 866 ig-

326 887 659 952 norantiae
705 889 774 952 in
818 885 1218 951 oaecitatev
1309 884 1384 949 Si
1437 885 1595 963 scit,
1636 890 1897 951 metuat
1939 904 2223 950 necesse
2274 891 2403 975 est,
2457 905 2542 974 ne

326 988 617 1067 amittat,
648 990 829 1073 quod
875 987 1092 1054 amitti
1143 1006 1350 1071 posse
1397 1007 1530 1051 non
1582 987 1881 1069 dubitat3
1930 1008 2133 1073 quare
2184 988 2544 1052 continuus

320 1091 517 1157 timor
544 1111 677 1156 non
710 1094 873 1158 sinit
903 1111 1051 1157 esse
1082 1090 1372 1155 felicem.
1450 1090 1558 1155 An
1584 1091 1696 1156 vel
1727 1090 1831 1155 si‘
1861 1090 2183 1169 amiserit,
2213 1089 2543 1173 negligen-

324 1193 481 1258 dum
512 1197 756 1279 putat?
847 1195 964 1260 Sic
997 1215 1269 1280 quoque
1298 1195 1599 1279 perexile
1642 1195 1892 1259 bonum
1949 1199 2076 1273 est,
2130 1193 2311 1278 quod
2344 1212 2541 1277 aequo

327 1298 552 1363 animo
600 1297 853 1364 feratur
905 1299 1250 1363 amissum.
1359 1297 1450 1362 Et
1497 1296 1815 1383 quoniam
1840 1303 1881 1331 ¹¹²
1946 1302 2018 1360 tu
2077 1296 2252 1360 idem
2297 1315 2371 1359 es
2428 1296 2540 1359 cui

323 1418 720 1482 persuasum
742 1409 950 1477 esse‚4
967 1408 1167 1484 atque
1183 1399 1455 1464 insitum
1472 1398 1819 1482 permultis
1845 1397 2540 1463 demonstrationibus

322 1504 494 1583 scio,
525 1513 794 1569 mentes
820 1505 1164 1569 hominum
1193 1505 1377 1568 nullo
1407 1503 1609 1567 modo
1640 1521 1795 1566 esse
1840 1500 2163 1565 mortales
2189 1519 2207 1580 3
2254 1519 2542 1583 cumque

320 1607 411 1669 sit
469 1608 785 1687 clarum,⁵
849 1609 1189 1673 fortuitam
1245 1607 1635 1671 felicitatem
1699 1604 2008 1688 corporis
2056 1608 2268 1667 morte
2322 1602 2539 1683 finiri3

324 1708 624 1776 dubitari
653 1713 914 1795 nequit,
947 1711 1009 1775 si
1036 1712 1228 1776 haec⁹
1272 1711 1534 1777 auferre
1563 1708 2040 1776 beatitudinem
2072 1703 2350 1790 potest,⁶
2379 1706 2541 1788 quin

325 1831 531 1877 omne
560 1816 934 1880 mortalium
986 1834 1193 1897 genus
1232 1816 1302 1878 in
1352 1813 1718 1891 miseriam,
1763 1805 2006 1876 mortis
2048 1811 2201 1888 fine,
2253 1810 2536 1874 labatur.

327 1915 607 1993 Quodsi
636 1916 882 1981 multos
913 1916 1165 1981 scimus
1215 1916 1658 1982 beatitudinis
1687 1916 1982 1980 fructum
2012 1934 2142 1978 non
2171 1920 2386 1977 morte
2425 1931 2539 1975 so-

320 2014 491 2096 lum,
526 2038 761 2083 verum
810 2019 1011 2084 etiam
1043 2018 1389 2083 doloribus
1435 2018 1933 2103 suppliciisque
1966 2017 2319 2101 quaesisse,
2375 2033 2537 2098 quo-

319 2139 473 2186 nam
506 2122 708 2186 modo
739 2141 1037 2206 praesens
1068 2123 1214 2188 vita
1241 2122 1460 2187 facere
1487 2122 1727 2187 beatos
1757 2126 1998 2205 potest,
2048 2140 2200 2204 quae
2253 2117 2536 2183 miseros

324 2228 675 2289 transacta
703 2244 840 2289 non
868 2223 1113 2289 efficit'l

1024 433 1549 483 PHILOSOPHIAE
1599 434 1745 484 mn.
1795 435 1875 483 11.

1774 2429 1798 2453 ⁹
1831 2421 2094 2472 Proeterea.
2244 2427 2279 2455 ¹⁰
2314 2418 2412 2476 Qui
2449 2405 2560 2468 hac'

1781 2496 1807 2529 ν
1841 2488 1995 2539 Mors.

380 2425 409 2449 ⁸
448 2415 664 2467 Fortuna
684 2417 958 2468 inconstans
979 2431 1077 2468 esse
1095 2433 1186 2468 non
1206 2421 1355 2485 possit
1377 2421 1633 2473 beatitudo.

343 2482 600 2542 felicitate
631 2485 824 2533 moduli
851 2484 1076 2549 afficitur,
1115 2485 1207 2535 hic.
1361 2495 1388 2519 ⁸
1421 2489 1649 2539 Etiamsi.

1244 2621 1275 2639 O
1279 2623 1303 2641 Ι
1307 2621 1607 2642 Onnum

319 2709 418 2754 -3
454 2704 592 2761 Edd.
615 2704 808 2768 Delph.
832 2711 887 2754 et
911 2705 1084 2755 Hack.
1107 2707 1354 2757 omittunt
1373 2708 1608 2769 voculam
1631 2712 1698 2769 in.
1724 2709 1828 2758 Ms.
1847 2708 2097 2759 Rittersh.
2121 2722 2223 2757 cors
2243 2721 2339 2755 esse
2354 2710 2537 2771 poterit

319 2768 614 2831 ignorantia?
632 2770 685 2818 in
706 2785 749 2818 c.
770 2771 911 2820 Vict.
935 2771 1192 2820 secundus
1215 2773 1454 2822 coecitati:
1490 2788 1605 2836 quae
1630 2781 1684 2823 et
1704 2772 1876 2823 forsan
1901 2787 2024 2822 vera
2047 2773 2205 2822 lectio
2228 2779 2329 2832 est,
2352 2770 2534 2833 judice

317 2836 613 2926 valum—4
650 2834 783 2884 Edd.
807 2836 999 2912 Deum:
1024 2843 1079 2913 et
1103 2836 1276 2885 Hack.
1299 2836 1547 2886 omittunt
1566 2853 1685 2914 esee.
1701 2848 1704 2851 '
1722 2839 1775 2886 M
1784 2855 1824 2888 s.
1847 2838 2045 2887 Erfurt.
2082 2839 2150 2887 Et
2172 2836 2389 2912 quoniam
2410 2836 2536 2948 idelr'n

316 2902 2534 3036 mtammam312223225‘323395atcffffssze-fflzdzsszfssff

312 3035 491 3092 potest.
513 3030 656 3079 vict.
681 3030 894 3094 primus,
926 3038 983 3082 et
1004 3032 1145 3082 Flor.
1168 3031 1364 3096 afferre.

1315 3148 1536 3198 NOTAE

1463 3260 1567 3296 non
1614 3247 1743 3296 sinit
1786 3260 1900 3296 esse
1940 3244 2163 3308 felicem,
2213 3256 2311 3293 nec
2354 3242 2526 3307 magui

1464 3322 1779 3387 faciendum,
1805 3322 1825 3352 ‘
1849 3322 1986 3387 quod
2011 3335 2158 3386 aequo
2192 3319 2362 3370 animo
2396 3317 2529 3368 fera·

1461 3408 1553 3450 tur
1575 3399 1853 3449 amissum!

383 3242 397 3277 ¹
429 3245 512 3295 Aa
530 3245 655 3309 hoec]
687 3245 981 3296 Secundum
1002 3254 1383 3312 argumentum,

319 3321 456 3389 quod
480 3329 660 3385 potest
676 3323 751 3372 sic
775 3324 1003 3374 institui:
1043 3327 1385 3390 Quicumque,

321 3396 537 3447 fortuna
557 3397 730 3462 dante,
762 3398 892 3449 felix
923 3400 1160 3463 habetur,
1193 3402 1276 3451 hic
1303 3401 1383 3450 vel

319 3475 422 3524 scit
443 3476 528 3524 vel
552 3477 737 3539 nescit,
771 3491 826 3526 se
847 3478 1032 3540 invito,
1067 3475 1384 3528 hanc'fortu·

320 3565 401 3601 nae
430 3551 738 3603 felicitatem
775 3569 889 3604 esse
924 3554 1252 3605 mutabilem:
1290 3556 1383 3606 sed

319 3628 501 3692 quovis
536 3628 693 3678 modo
730 3645 788 3679 se
810 3631 1014 3694 habeat,
1046 3647 1229 3688 revera
1247 3631 1385 3681 -felix

318 3718 421 3753 non
460 3705 597 3754 erit:
633 3706 674 3754 si
711 3707 848 3756 enim
889 3708 1076 3771 nescit,
1107 3710 1239 3758 hauc
1282 3709 1384 3758 foi·-

316 3788 455 3851 t'unae
477 3781 790 3832 felicitatem
812 3783 888 3832 sic
913 3799 1026 3833 esse
1060 3785 1381 3848 mutabilem,

319 3856 401 3908 hic
442 3858 736 3908 versabitur
760 3861 813 3908 in
845 3862 860 3888 ‘
885 3860 1190 3923 ignorantiae
1229 3863 1382 3912 caeci·

320 3931 467 3995 tate,'
497 3947 600 3997 qua
633 3941 808 3983 stante
846 3935 988 3984 nulla
1020 3938 1035 3964 ‘
1061 3936 1219 3986 beata
1242 3935 1382 3987 εισι-ε’

318 4024 432 4060 esse
451 4017 648 4074 potest.
713 4010 790 4061 At
814 4012 856 4060 si
875 4013 1137 4076 scit,hanc
1155 4012 1379 4064 fortunae

317 4083 626 4135 felicitatem
647 4087 723 4136 sic
747 4102 861 4137 esse
886 4090 1209 4154 mutabilem,
1241 4091 1380 4141 idem

321 4162 449 4212 hane
471 4161 779 4215 felicitatem
802 4174 892 4216 aut
917 4167 1120 4217 timebit
1143 4169 1381 4217 amitten-

320 4239 455 4303 dam,
487 4248 581 4290 aut
615 4241 831 4305 dolebit,
867 4250 959 4292 aut
997 4245 1182 4294 saltem
1218 4245 1381 4309 negli-

318 4325 406 4382 get
427 4318 700 4382 amissam3
736 4319 828 4374 sed
852 4326 910 4371 ut
930 4321 1100 4387 timor,
1131 4322 1208 4372 sic
1232 4321 1382 4373 dolor

1529 3484 1565 3510 ¹¹²
1599 3479 1669 3525 Et
1700 3476 1932 3540 quoniam,
1965 3475 2074 3540 ξω]
2105 3474 2337 3524 Tertium
2379 3487 2532 3536 argu·

1465 3562 1715 3620 mentum,
1755 3555 1891 3621 quod
1957 3555 2030 3603 sic
2076 3552 2281 3617 disponi
2319 3556 2526 3615 potest:

1468 3634 1822 3696 Quaecumque
1879 3628 2109 3680 felicitas
2170 3636 2342 3679 morte
2389 3627 2527 3677 finiri

1470 3718 1665 3772 potest,
1720 3711 1829 3759 haec
1878 3724 1980 3758 non
2035 3708 2132 3756 uisi
2188 3707 2393 3757 nomine
2450 3714 2527 3755 te-

1466 3801 1563 3834 nus
1600 3784 1831 3835 felicitae
1869 3792 1980 3834 est:
2016 3784 2265 3848 siquidem
2300 3781 2528 3833 felicitas

1465 3877 1605 3925 vera,
1638 3877 1737 3911 nou
1763 3877 1910 3912 secus
1950 3877 2013 3911 ac
2049 3863 2162 3925 ipsa
2182 3875 2327 3910 mens
2350 3860 2528 3909 huma·

1461 3953 1549 4000 na,
1584 3939 1729 4003 cnjus
1750 3946 1851 4001 est,
1876 3951 2132 4003 quamque
2156 3944 2216 3987 ut
2246 3942 2262 3966 ‘
2289 3935 2528 3986 insitum'

1461 4015 1537 4064 sic
1572 4016 1587 4042 ‘
1624 4015 1798 4064 multis
1838 4012 2366 4064 demonstrationibus
2411 4026 2527 4076 per·

1462 4104 1672 4139 suasum
1710 4097 1794 4140 est
1839 4105 1954 4140 esse
2005 4088 2388 4152 immortalem,’
2431 4088 2526 4137 im-

1462 4168 1697 4217 mortalis
1732 4182 1845 4229 esse
1882 4168 2061 4218 debet.
2143 4165 2307 4232 Atqui
2354 4163 2520 4214 felici-

1464 4250 1543 4293 tas
1606 4242 1852 4305 fortunae,
1908 4251 2096 4308 utpote
2152 4258 2267 4307 quae
2337 4255 2522 4305 corpo-

1462 4323 1534 4372 ris
1589 4329 1691 4386 est,
1733 4328 1904 4372 morte
1948 4320 2086 4371 finiri
2131 4325 2337 4385 potestz
2385 4319 2523 4370 uude
