3049 4928
592 391 895 440 ΒΟΒΤΗΙΙ
949 391 1041 440 ΒΕ
1087 390 1396 441 consul..

323 535 454 585 enim
494 534 778 585 Euchiridii
818 549 933 598 cap.
960 548 1057 585 xv.
1089 533 1222 593 Μηδέ
1251 553 1369 585 ποτε

323 612 396 661 ἐπὶ
415 610 608 672 μηδενὸς
629 612 774 677 εἴπῃς,
788 610 860 661 ὅτι
873 611 1098 662 &animoa
1111 611 1242 672 αὐτὸ,
1257 611 1370 662 ἀλλ’

322 689 395 739 ὅτι
413 686 645 739 ἀπέδωκα.
679 687 737 736 τὸ
761 687 942 738 παιδίον
971 687 1221 747 ἅπέθανενς
1257 687 1370 737 ἅπε-

318 765 437 824 saon.
460 766 517 814 τὸ
534 765 704 829 χωρίον
717 764 945 830 ἅφῃρέθης
968 765 1131 814 οὐκοῦν
1150 763 1228 815 καὶ
1241 765 1371 815 τοῦτ’

317 841 511 900 &addon
532 860 547 904 3
567 843 583 870 ‘
607 843 883 907 Nunquam
901 850 953 891 te
972 843 1241 907 quicquam
1261 855 1373 904 per-

318 918 506 968 didisse
528 918 710 980 dicito,
732 917 823 967 sed
857 917 1166 968 reddidisse.
1213 917 1369 967 Filio-

314 995 390 1044 lns
412 995 575 1044 obiit?
597 994 830 1044 redditus
852 1001 951 1043 est.
1007 994 1270 1044 Praedinm
1294 1001 1372 1044 est

316 1070 581 1133 ereptum?
615 1085 783 1120 annon
807 1069 859 1119 id
882 1085 1082 1136 quoque
1107 1070 1369 1120 redditum

315 1153 395 1196 est
410 1145 446 1194 ?'
479 1146 578 1198 Cui
601 1151 774 1195 autem
797 1146 895 1196 nisi
917 1148 1032 1196 Deo
1056 1147 1266 1210 ejusque
1287 1161 1371 1195 vo-

313 1224 516 1283 luntati,
569 1232 628 1274 et
670 1224 892 1274 bonitati
946 1240 1064 1288 qnae
1117 1225 1367 1275 dederat:

313 1299 608 1350 'Aa-arraiirn
635 1303 707 1362 τῷ·
735 1303 839 1363 Ge&
867 1300 899 1352 ἃ
928 1298 1121 1351 δέδωκεν
1151 1302 1268 1352 ἑκὸν
1286 1302 1372 1352 οὐκ

315 1377 592 1439 ἀποδόσεως
610 1377 698 1426 οὐκ
713 1376 934 1443 alwoltum
954 1378 1078 1439 οὔχ,
1097 1378 1157 1427 ὥς
1170 1375 1371 1428 Πλάτων

313 1452 461 1516 λέγει,
485 1451 783 1515 μελε-ἥσω,
815 1452 923 1515 οὐχ’
955 1452 1257 1513 ἀποθνήσκω
1286 1452 1367 1515 μό-

313 1546 405 1585 νον,
427 1528 556 1578 ἀλλὰ
575 1527 655 1580 καὶ
676 1530 1033 1593 στρεβλοῦσθαι,
1059 1528 1136 1579 καὶ
1156 1528 1367 1593 φεύγειν,

311 1604 385 1655 καὶ
405 1605 626 1669 δέρεσθαι,
659 1604 738 1655 καὶ
770 1606 901 1656 rav?
928 1604 1088 1657 ἅπλῶς
1108 1605 1369 1656 ἀποδιδόναι

308 1681 353 1732 τ’
372 1681 631 1746 mih-pam
663 1684 678 1711 ‘
697 1683 827 1733 Cum
852 1684 996 1731 Deus
1019 1695 1102 1745 ea,
1136 1697 1254 1747 quae
1276 1681 1368 1731 de·

313 1757 407 1821 dit,
442 1758 659 1823 repetit,
695 1772 798 1807 non
834 1759 969 1807 ultro
1010 1757 1233 1810 reddes?
1264 1772 1366 1807 non

311 1834 390 1899 (ut
409 1836 564 1886 Plato
588 1833 691 1899 ait)
713 1833 1065 1897 meditaberis,
1087 1848 1192 1883 non
1214 1833 1367 1884 modo

300 1914 455 1974 mori,
477 1913 571 1964 sed
594 1920 653 1964 et
673 1912 983 1975 excruciari,
1023 1918 1079 1961 et
1111 1912 1370 1974 exsulare,

311 1997 365 2040 et
401 1990 708 2041 verberibus
747 1986 903 2050 affici,
940 1989 1110 2037 omnia
1144 1986 1366 2052 denique

311 2067 521 2117 reddere
542 2068 716 2117 aliena
729 2065 766 2114 ?’
790 2066 1063 2129 Epictetus
1077 2064 1215 2121 idem
1227 2065 1366 2128 apud

313 2140 585 2194 Attianum
608 2141 734 2193 diss.
760 2146 806 2191 1.
842 2140 934 2191 lib.
957 2154 1034 2190 lv.
1102 2141 1180 2190 Ut
1201 2140 1269 2189 sit
1291 2140 1368 2190 ni-

312 2218 489 2268 mirum
504 2218 647 2285 quod
666 2219 740 2268 ait
751 2218 786 2269 J
791 2218 942 2278 obus,
961 2219 976 2246 ‘
997 2216 1182 2267 Nudus
1195 2231 1367 2282 egres-

311 2309 394 2344 sus
413 2311 523 2346 sum
547 2296 617 2346 de
640 2301 794 2345 utero
817 2293 998 2343 matris
1020 2308 1173 2355 meae,
1198 2302 1254 2343 et
1273 2307 1366 2342 nn-

311 2369 400 2421 dus
434 2378 677 2422 revertar
709 2370 848 2420 illuc.
912 2369 1163 2419 Dominus
1202 2368 1368 2430 dedit,

310 2445 553 2498 Dominus
577 2445 831 2499 abstulit:
857 2446 992 2497 sicut
1012 2445 1233 2497 Domino
1257 2445 1366 2508 pla-

311 2525 430 2589 cuit,
465 2526 540 2576 ita
577 2524 778 2581 factum
817 2532 925 2574 est:
963 2523 1033 2572 sit
1056 2537 1241 2573 nomen
1262 2523 1366 2572 Do·

309 2599 428 2650 mini
448 2598 821 2652 benedictum.'
867 2599 1045 2650 Vallia.

367 2676 551 2729 Lucum
586 2674 816 2738 ludimus]
858 2675 1079 2728 Plautus
1114 2673 1167 2722 in
1202 2674 1366 2722 Pseu-

310 2748 442 2813 dolo,
465 2752 590 2803 Act.
627 2764 668 2801 1.
696 2751 785 2800 Sc.
812 2753 861 2800 1.
894 2750 910 2778 ⁸
928 2747 1087 2801 Ludis
1124 2762 1208 2797 me
1244 2746 1366 2797 ludo

310 2828 428 2877 tuo?
457 2828 636 2880 Situm

370 2903 544 2955 Rotam
566 2903 763 2963 notabili
781 2902 892 2952 orbe
908 2901 1166 2964 versamus]
1209 2902 1367 2952 Vide-

311 2983 392 3029 tur
414 2981 607 3032 imitari
631 2979 758 3030 illud
779 2980 975 3031 Tibulli
1004 2980 1097 3029 lib.
1129 2993 1195 3029 ιι.
1217 2980 1366 3043 Eleg.

310 3067 363 3104 v.
405 3056 697 3106 ‘Versatur
731 3055 892 3106 celeri
930 3055 1036 3105 fors
1071 3056 1201 3106 levis
1240 3056 1366 3106 orbe

308 3133 471 3184 rotas)
536 3135 780 3195 Veteres,
815 3138 875 3181 ut
913 3133 1156 3187 Fortunae
1188 3132 1364 3183 incon-

310 3210 549 3260 stantiam
572 3209 948 3272 exprimerent,
978 3213 1034 3257 et
1058 3208 1195 3272 quod
1224 3210 1363 3258 volu-

310 3280 482 3334 biliter
521 3283 748 3335 errando
788 3285 928 3333 nullo
971 3284 1024 3332 in
1067 3285 1182 3333 loco
1220 3293 1367 3335 certa

312 3364 568 3426 tenaxque
613 3368 960 3425 permaneret,
1002 3361 1232 3424 apertius
1274 3362 1364 3411 de·

312 3445 681 3502 monstrarent,
703 3444 830 3487 rotae
855 3451 968 3486 eam
990 3436 1218 3487 insidere
1240 3437 1367 3487 finx-

310 3519 479 3576 erunt,
514 3512 837 3578 subindeque
874 3513 1090 3562 revolvi.
1165 3513 1271 3563 Sed
1308 3522 1365 3564 et

312 3587 550 3642 Pittacus
594 3591 838 3641 Fortnnae
881 3590 1069 3640 scalam
1108 3590 1366 3655 Mitylene

309 3663 589 3731 dedicavit,
604 3683 705 3733 quo
721 3666 1053 3717 adumbraret
1068 3667 1364 3730 repentinos

313 3742 418 3804 ejus
473 3759 715 3796 ascensus
767 3750 824 3794 et
877 3743 1174 3793 descensus.
1240 3743 1364 3793 Vid.

313 3816 494 3872 AElian.
533 3821 629 3871 lib.
669 3835 734 3873 11.
772 3821 898 3871 Var.
943 3819 1085 3870 Hist.
1127 3834 1243 3884 cap.
1282 3824 1363 3871 29.

228 3892 237 3903 '
315 3894 460 3947 Idem.

327 4012 333 4019 .
376 3972 631 4037 Nesciebas
666 3975 880 4025 Croesum
900 4005 915 4021 .
934 4007 947 4022 .
970 4008 983 4023 .
1006 3973 1145 4023 misso
1179 3974 1364 4024 celitus

311 4044 456 4097 imbre
491 4050 752 4114 defusum]
803 4049 1064 4103 Ausonius
1102 4051 1170 4100 de
1215 4052 1362 4101 Ludo

314 4121 524 4186 Septem
562 4128 862 4192 Sapieutum
898 4128 1175 4178 succinctis
1204 4128 1361 4179 versi-

312 4197 406 4251 bus
429 4218 578 4266 paene
600 4212 761 4256 totam
783 4205 849 4255 de
873 4206 1052 4256 Croeso
1076 4205 1360 4257 Historiam

315 4288 726 4345 commemorans,
762 4282 900 4332 inter
934 4281 1038 4332 alia
1067 4282 1180 4333 baec
1214 4285 1362 4349 ponit

2375 376 2504 441 457

1451 534 1637 584 verba:
1664 537 1679 565 ‘
1695 535 1932 585 Clamore
1950 549 2137 599 magno
2161 542 2241 584 ter
2262 534 2503 585 Solonem

1447 620 1730 674 nuncupat.
1797 613 1914 664 Qua
1955 626 2081 661 voce
2118 613 2282 675 Cyrus
2319 617 2505 676 motus,

1447 688 1682 751 extingui
1718 688 1875 752 jubet
1908 689 2105 751 Gyrum
2152 702 2245 752 per
2284 703 2506 751 omnem,

1446 774 1502 814 et
1524 766 1727 816 destrui
1749 767 2012 817 ardentem
2039 781 2239 830 pyram.
2281 768 2350 816 Et
2369 782 2506 817 com-

1446 841 1654 891 modam
1693 843 1932 907 profusus
1962 844 2127 893 imber
2147 843 2364 893 nubibus
2399 843 2504 892 Re*-

1445 920 1640 983 pressit
1664 920 1873 984 ignem,’
1892 924 1993 970 διο.
2030 922 2179 970 Idem.

1511 999 1643 1047 Num
1663 1003 1712 1047 te
1731 999 1949 1062 prester-it
1972 997 2214 1060 Paullum]
2255 998 2365 1045 Par
2393 995 2504 1046 fere

1446 1074 1617 1137 pietas
1640 1075 1717 1123 M.
1741 1075 1997 1136 Marcelli,
2019 1075 2082 1123 de
2100 1089 2201 1139 quo
2219 1075 2280 1123 B.
2304 1072 2506 1136 Augus-

1447 1154 1542 1204 tin.
1567 1154 1633 1204 de
1657 1154 1770 1204 Civ.
1797 1154 1893 1203 Dei
1928 1153 2062 1203 libro
2098 1153 2283 1216 primo,
2315 1166 2432 1215 cap.
2454 1155 2505 1199 5.

1447 1236 1462 1261 ⁸
1481 1232 1736 1296 Egregius
1771 1232 1987 1281 Romani
2023 1231 2240 1279 nominis
2266 1231 2339 1279 Μ.
2360 1231 2508 1279 Mar-

1445 1310 1625 1372 cellus,
1648 1309 1736 1373 qni
1758 1310 2054 1372 Syracusas,
2085 1306 2265 1356 urbem
2287 1306 2509 1356 ornatis·

1445 1385 1645 1448 simam,
1663 1384 1825 1448 cepit,
1861 1383 2088 1433 refertur
2110 1398 2223 1432 eam
2248 1383 2390 1445 prius
2412 1380 2502 1431 fle-

1445 1463 1581 1511 visse
1612 1462 1878 1522 ruituram,
1915 1466 1970 1508 et
2004 1467 2125 1508 ante
2158 1458 2266 1522 ejus
2302 1458 2505 1521 sangui-

1442 391 1568 439 1’1-11
1581 389 1882 440 bosom.
1937 393 2004 439 bl
2019 394 2076 439 Β.
2125 391 2205 439 11.

1432 1552 1558 1592 ,nem
1583 1552 1705 1587 suas
1729 1537 1803 1587 illi
1835 1537 2069 1585 lacrimas
2091 1533 2370 1585 effudisse.’
2434 1534 2506 1582 Et

1442 1612 1732 1664 Alexandri
1762 1612 1965 1676 Magni,
1998 1611 2065 1662 de
2084 1626 2187 1675 quo
2210 1612 2279 1662 Q.
2304 1610 2447 1661 Curt.
2468 1610 2507 1662 1.

1443 1703 1533 1741 111.
1554 1691 1571 1717 ⁴
1590 1689 1710 1739 Hoc
1726 1689 1998 1738 mulierum
2016 1702 2191 1737 errore
2212 1695 2503 1750 comperto,

1441 1764 1743 1815 Alexander
1763 1764 1984 1814 fortunae
2020 1764 2189 1825 Darii,
2224 1771 2281 1812 et
2320 1762 2504 1825 pietati

1441 1856 1618 1891 earnm
1641 1840 1974 1890 illacrimasse
1991 1838 2191 1889 fertur.'
2241 1839 2322 1887 De
2346 1837 2505 1886 Lucio

1444 1932 1566 1969 vero
1588 1917 1790 1968 AEmilio
1817 1917 2002 1967 Paullo
2034 1916 2111 1966 ita
2147 1915 2324 1965 scribit
2356 1916 2501 1964 Sext.

1432 1993 1685 2044 -Aurelius
1743 1993 1961 2042 Victor:
2018 1992 2034 2021 ‘
2067 1992 2266 2041 Iterum
2320 1990 2500 2039 consul

1444 2071 1644 2120 Persen
1662 2068 1891 2133 Philippi
1914 2067 2075 2117 filium
2102 2068 2302 2131 Regem
2326 2066 2503 2115 Mace·

1443 2148 1633 2198 donum
1660 2146 1796 2211 apud
1829 2145 2188 2195 Samothracas
2210 2143 2373 2205 cepit,
2399 2142 2501 2190 vic-

1443 2232 1554 2275 tum
1573 2223 1737 2286 flevit,
1757 2231 1815 2273 et
1837 2221 2067 2271 assidere
2085 2219 2182 2268 sibi
2196 2218 2353 2282 jussit
2374 2233 2388 2265 z
2425 2223 2502 2267 ta-

1432 2316 1560 2358 ,men
1586 2302 1636 2350 in
1661 2298 1973 2362 triumphum
1998 2295 2183 2346 duxit.’
2223 2296 2372 2345 Idem.

1505 2377 1678 2428 Persei
1711 2374 1864 2437 regie]
1897 2373 2052 2438 Regis
2089 2372 2292 2422 scilicet
2327 2372 2502 2420 Mace-

1430 2452 1632 2503 -donnm
1658 2449 1854 2501 ultimi:
1890 2448 1957 2499 de
1979 2463 2081 2515 quo
2104 2447 2253 2497 Paul.
2271 2447 2501 2496 AEmilius

1441 2527 1813 2592 triumphavit:
1849 2532 1910 2575 nt
1945 2525 2122 2587 legere
2142 2531 2224 2572 est
2244 2525 2380 2587 apud
2417 2524 2502 2573 Li·

1428 2605 1581 2654 ¹vium
1605 2604 1693 2654 lib.
1719 2615 1852 2652 τιν.
1884 2607 1940 2651 et
1960 2601 2295 2650 Plutarchum
2320 2601 2371 2649 in
2396 2599 2503 2649 vita

1440 2678 1662 2730 AEmilii:
1696 2678 1785 2729 ubi
1812 2676 1986 2726 inedia
2006 2691 2062 2725 se
2083 2674 2388 2736 confecisse,
2412 2682 2503 2725 aut

1440 2763 1588 2806 certe
1621 2755 1689 2804 ob
1723 2760 1964 2816 ereptum
1986 2765 2219 2801 somnum
2242 2750 2502 2800 interiisse

1442 2832 1626 2883 scribit
1647 2829 1975 2881 Plutarchus.
2018 2826 2194 2877 Vallia.

1509 2909 1684 2958 Nonae
1705 2904 2071 2956 adolescentulus
2098 2899 2178 2952 δύο
2198 2899 2307 2950 τοὺς
2326 2898 2505 2963 πίθους]

1441 2985 1723 3050 Apponam
1757 2981 1916 3033 verba
1953 2980 2020 3031 D.
2043 2980 2251 3029 Thomae
2274 2976 2503 3041 Aquina-

1441 3063 1530 3126 tis,
1564 3061 1749 3126 quibus
1773 3057 2079 3122 simpliciter
2101 3056 2335 3119 citraque
2361 3068 2503 3116 pom-

1442 3154 1560 3204 pam
1600 3138 1738 3186 hunc
1775 3136 1942 3185 locum
1964 3133 2041 3183 ita
2062 3133 2317 3196 explicat:
2355 3132 2498 3181 ‘Ho-

1440 3230 1614 3266 merus
1657 3215 1833 3264 volens
1870 3211 2144 3262 ostendere
2185 3206 2503 3258 mutabilita-

1443 3300 1551 3342 tem
1586 3292 1850 3351 Fortunae,
1888 3287 2138 3339 describit
2162 3285 2214 3334 in
2237 3284 2387 3337 domo
2408 3282 2503 3334 Jo-

1441 3371 1517 3419 vis
1529 3369 1711 3434 jacere
1734 3367 1835 3416 duo
1857 3365 1994 3415 dolia
2016 3364 2154 3424 vini;
2182 3374 2335 3411 unum
2360 3358 2499 3422 boni,

1439 3446 1665 3495 alterum
1705 3441 1843 3492 mali.
1925 3442 1997 3490 Et
2033 3453 2210 3488 omues
2252 3436 2501 3486 intrantes

1439 3521 1646 3571 domum
1661 3520 1728 3569 de
1742 3525 1960 3583 utroque
1976 3514 2254 3579 oportebat
2271 3522 2502 3578 gustare,

1439 3597 1533 3648 sed
1557 3596 1805 3662 quosdam
1827 3597 1942 3658 plus
1963 3592 2029 3642 de
2064 3592 2218 3652 bono,
2252 3588 2500 3654 quosdam

1441 3688 1564 3723 vero
1599 3674 1713 3737 plus
1736 3673 1801 3722 de
1824 3673 1979 3720 malo.
2044 3669 2115 3717 Et
2136 3668 2248 3716 baec
2269 3664 2500 3728 descripa

1442 3752 1513 3800 tio
1551 3751 1762 3815 publice
1798 3747 2174 3813 depingebatur
2197 3745 2414 3795 Athenis
2445 3743 2499 3792 in

1439 3829 1636 3892 templo
1657 3826 1825 3885 Jovis,
1864 3825 1953 3874 nbi
1983 3823 2202 3874 Boetius
2222 3820 2427 3871 studuit
2447 3834 2500 3868 a·

1438 3904 1727 3964 dulescens,
1741 3904 1875 3951 sicut
1893 3902 2006 3965 ipse
2028 3907 2251 3949 testatur
2265 3896 2331 3946 de
2346 3897 2501 3946 Scho-

1437 3981 1624 4029 larium
1642 3977 1932 4041 disciplina.
1976 3978 2083 4026 Per
2097 3976 2300 4028 domum
2323 3983 2499 4024 autem

1436 4056 1586 4109 Jovis
1609 4055 1867 4105 Homerus
1886 4053 2212 4116 significabat
2228 4050 2500 4101 mundum:

1438 4147 1536 4197 per
1575 4134 1677 4181 duo
1712 4130 1850 4180 dolia
1886 4130 2283 4192 prosperitatem
2318 4133 2373 4176 et
2408 4127 2497 4175 ad-

1441 4192 1776 4269 versitatem}
1809 4213 1864 4255 et
1901 4220 2077 4254 omnes
2104 4205 2189 4268 qui
2229 4203 2410 4253 vivunt
2443 4201 2496 4250 iu

1435 4285 1627 4337 mundo
1649 4284 1717 4335 de
1746 4290 1967 4346 utroque
2007 4287 2253 4345 gustant:
2290 4278 2496 4344 quidam
