<?xml version="1.0" encoding="UTF-8"?>
<!DOCTYPE html PUBLIC "-//W3C//DTD XHTML 1.0 Transitional//EN"
    "http://www.w3.org/TR/xhtml1/DTD/xhtml1-transitional.dtd">
<html xmlns="http://www.w3.org/1999/xhtml" xml:lang="en" lang="en">
 <head>
  <title>
</title>
<meta http-equiv="Content-Type" content="text/html;charset=utf-8" />
  <meta name='ocr-system' content='tesseract 3.04.00' />
  <meta name='ocr-capabilities' content='ocr_page ocr_carea ocr_par ocr_line ocrx_word'/>
</head>
<body>
  <div class='ocr_page' id='page_1' title='image "./deconsolationep00boetgoog_0155.png"; bbox 0 0 3049 4928; ppageno 0'>
   <div class='ocr_carea' id='block_1_1' title="bbox 987 359 1810 409">
    <p class='ocr_par' dir='ltr' id='par_1_1' title="bbox 987 359 1810 409">
     <span class='ocr_line' id='line_1_1' title="bbox 987 359 1810 409; baseline 0.004 -3"><span class='ocrx_word' id='word_1_1' title='bbox 987 359 1114 407; x_wconf 70' lang='lat' dir='ltr'><strong>Pru</strong></span> <span class='ocrx_word' id='word_1_2' title='bbox 1127 359 1516 408; x_wconf 67' lang='lat' dir='ltr'><strong>bosomuffi</strong></span> <span class='ocrx_word' id='word_1_3' title='bbox 1562 361 1709 409; x_wconf 67' lang='lat'>1018.</span> <span class='ocrx_word' id='word_1_4' title='bbox 1760 362 1810 409; x_wconf 91' lang='lat'><strong>1.</strong></span> 
     </span>
    </p>
   </div>
   <div class='ocr_carea' id='block_1_2' title="bbox 280 504 2502 896">
    <p class='ocr_par' dir='ltr' id='par_1_2' title="bbox 280 504 2502 896">
     <span class='ocr_line' id='line_1_2' title="bbox 292 504 2502 592; baseline 0.001 -21"><span class='ocrx_word' id='word_1_5' title='bbox 292 523 519 571; x_wconf 80' lang='lat' dir='ltr'><strong>verum</strong></span> <span class='ocrx_word' id='word_1_6' title='bbox 549 504 743 570; x_wconf 91' lang='lat' dir='ltr'><strong>illum</strong></span> <span class='ocrx_word' id='word_1_7' title='bbox 771 504 1120 571; x_wconf 86' lang='lat' dir='ltr'><strong>confundit</strong></span> <span class='ocrx_word' id='word_1_8' title='bbox 1169 505 1529 584; x_wconf 88' lang='lat' dir='ltr'><strong>intuitum‚⁰</strong></span> <span class='ocrx_word' id='word_1_9' title='bbox 1573 504 1749 571; x_wconf 85' lang='lat' dir='ltr'><strong>hanc</strong></span> <span class='ocrx_word' id='word_1_10' title='bbox 1800 506 2147 592; x_wconf 80' lang='lat' dir='ltr'><strong>paulisper</strong></span> <span class='ocrx_word' id='word_1_11' title='bbox 2196 507 2502 576; x_wconf 75' lang='lat' dir='ltr'><strong>vlenibusW</strong></span> 
     </span>
     <span class='ocr_line' id='line_1_3' title="bbox 280 607 2497 693; baseline 0 -19"><span class='ocrx_word' id='word_1_12' title='bbox 280 607 878 693; x_wconf 78' lang='lat' dir='ltr'><strong>mediocribusque</strong></span> <span class='ocrx_word' id='word_1_13' title='bbox 931 608 1281 674; x_wconf 63' lang='lat' dir='ltr'><strong>fomentis?</strong></span> <span class='ocrx_word' id='word_1_14' title='bbox 1346 614 1692 674; x_wconf 86' lang='lat' dir='ltr'><strong>attenuare</strong></span> <span class='ocrx_word' id='word_1_15' title='bbox 1743 611 2046 687; x_wconf 85' lang='lat' dir='ltr'><strong>tentabo,</strong></span> <span class='ocrx_word' id='word_1_16' title='bbox 2103 618 2175 677; x_wconf 91' lang='lat' dir='ltr'><strong>ut</strong></span> <span class='ocrx_word' id='word_1_17' title='bbox 2225 611 2497 677; x_wconf 85' lang='lat' dir='ltr'><strong>dimotis</strong></span> 
     </span>
     <span class='ocr_line' id='line_1_4' title="bbox 292 710 2498 799; baseline 0.001 -24"><span class='ocrx_word' id='word_1_18' title='bbox 292 710 637 776; x_wconf 86' lang='lat' dir='ltr'><strong>fallacium</strong></span> <span class='ocrx_word' id='word_1_19' title='bbox 666 711 1092 778; x_wconf 86' lang='lat' dir='ltr'><strong>affectionum</strong></span> <span class='ocrx_word' id='word_1_20' title='bbox 1120 714 1441 792; x_wconf 87' lang='lat' dir='ltr'><strong>tenebris,</strong></span> <span class='ocrx_word' id='word_1_21' title='bbox 1485 711 1910 799; x_wconf 85' lang='lat' dir='ltr'><strong>splendorem</strong></span> <span class='ocrx_word' id='word_1_22' title='bbox 1938 732 2115 778; x_wconf 80' lang='lat' dir='ltr'><strong>verae</strong></span> <span class='ocrx_word' id='word_1_23' title='bbox 2141 714 2310 780; x_wconf 87' lang='lat' dir='ltr'><strong>lucis</strong></span> <span class='ocrx_word' id='word_1_24' title='bbox 2340 734 2498 799; x_wconf 91' lang='lat' dir='ltr'><strong>pos-</strong></span> 
     </span>
     <span class='ocr_line' id='line_1_5' title="bbox 294 833 800 896; baseline 0.004 -20"><span class='ocrx_word' id='word_1_25' title='bbox 294 833 386 877; x_wconf 73' lang='lat' dir='ltr'><strong>sis</strong></span> <span class='ocrx_word' id='word_1_26' title='bbox 415 833 800 896; x_wconf 85' lang='lat' dir='ltr'><strong>agnoscere.</strong></span> 
     </span>
    </p>
   </div>
   <div class='ocr_carea' id='block_1_3' title="bbox 350 980 1068 1031">
    <p class='ocr_par' dir='ltr' id='par_1_3' title="bbox 350 980 1068 1031">
     <span class='ocr_line' id='line_1_6' title="bbox 350 980 1068 1031; baseline 0 0"><span class='ocrx_word' id='word_1_27' title='bbox 350 988 371 1013; x_wconf 71' lang='lat'><em>⁶</em></span> <span class='ocrx_word' id='word_1_28' title='bbox 404 982 613 1031; x_wconf 74' lang='lat' dir='ltr'><strong>Mentis.</strong></span> <span class='ocrx_word' id='word_1_29' title='bbox 741 989 772 1023; x_wconf 78' lang='grc' dir='ltr'><em>Ρ</em></span> <span class='ocrx_word' id='word_1_30' title='bbox 810 980 1068 1031; x_wconf 76' lang='lat' dir='ltr'><strong>Remediis.</strong></span> 
     </span>
    </p>
   </div>
   <div class='ocr_carea' id='block_1_4' title="bbox 1283 1071 1495 1129">
    <p class='ocr_par' dir='ltr' id='par_1_4' title="bbox 1283 1071 1495 1129">
     <span class='ocr_line' id='line_1_7' title="bbox 1283 1071 1495 1129; baseline 0 -1"><span class='ocrx_word' id='word_1_31' title='bbox 1283 1079 1331 1128; x_wconf 91' lang='lat' dir='ltr'>N</span> <span class='ocrx_word' id='word_1_32' title='bbox 1339 1071 1495 1129; x_wconf 71' lang='lat' dir='ltr'><strong>01*AE</strong></span> 
     </span>
    </p>
   </div>
   <div class='ocr_carea' id='block_1_5' title="bbox 286 1175 2497 1471">
    <p class='ocr_par' dir='ltr' id='par_1_5' title="bbox 286 1175 2497 1471">
     <span class='ocr_line' id='line_1_8' title="bbox 349 1175 2497 1240; baseline 0.001 -16"><span class='ocrx_word' id='word_1_33' title='bbox 349 1184 378 1208; x_wconf 78' lang='lat'><strong>&#39;¹</strong></span> <span class='ocrx_word' id='word_1_34' title='bbox 401 1176 550 1225; x_wconf 78' lang='lat' dir='ltr'><strong>Hane</strong></span> <span class='ocrx_word' id='word_1_35' title='bbox 586 1176 829 1239; x_wconf 79' lang='lat' dir='ltr'><strong>paulisper</strong></span> <span class='ocrx_word' id='word_1_36' title='bbox 872 1176 1072 1240; x_wconf 74' lang='lat' dir='ltr'><strong>lenibus]</strong></span> <span class='ocrx_word' id='word_1_37' title='bbox 1130 1179 1353 1227; x_wconf 88' lang='lat' dir='ltr'><strong>Evanes-</strong></span> <span class='ocrx_word' id='word_1_38' title='bbox 1433 1176 1635 1225; x_wconf 89' lang='lat' dir='ltr'><strong>diocria</strong></span> <span class='ocrx_word' id='word_1_39' title='bbox 1672 1176 1913 1239; x_wconf 88' lang='lat' dir='ltr'><strong>primum,</strong></span> <span class='ocrx_word' id='word_1_40' title='bbox 1950 1175 2139 1227; x_wconf 88' lang='lat' dir='ltr'><strong>deinde</strong></span> <span class='ocrx_word' id='word_1_41' title='bbox 2161 1176 2386 1227; x_wconf 83' lang='lat' dir='ltr'><strong>firmiora</strong></span> <span class='ocrx_word' id='word_1_42' title='bbox 2419 1192 2497 1227; x_wconf 86' lang='lat' dir='ltr'><strong>re-</strong></span> 
     </span>
     <span class='ocr_line' id='line_1_9' title="bbox 288 1252 2497 1320; baseline 0.001 -18"><span class='ocrx_word' id='word_1_43' title='bbox 288 1260 433 1302; x_wconf 83' lang='lat' dir='ltr'><strong>cente</strong></span> <span class='ocrx_word' id='word_1_44' title='bbox 474 1252 691 1317; x_wconf 88' lang='lat' dir='ltr'><strong>quidem</strong></span> <span class='ocrx_word' id='word_1_45' title='bbox 729 1253 1180 1315; x_wconf 83' lang='lat' dir='ltr'><strong>perturbationum</strong></span> <span class='ocrx_word' id='word_1_46' title='bbox 1228 1256 1353 1305; x_wconf 85' lang='lat' dir='ltr'><strong>cali·</strong></span> <span class='ocrx_word' id='word_1_47' title='bbox 1434 1254 1607 1304; x_wconf 82' lang='lat' dir='ltr'><strong>media</strong></span> <span class='ocrx_word' id='word_1_48' title='bbox 1648 1253 1944 1306; x_wconf 84' lang='lat' dir='ltr'><strong>adhibenda</strong></span> <span class='ocrx_word' id='word_1_49' title='bbox 1990 1262 2142 1308; x_wconf 83' lang='lat' dir='ltr'><strong>suut:</strong></span> <span class='ocrx_word' id='word_1_50' title='bbox 2209 1255 2344 1305; x_wconf 89' lang='lat' dir='ltr'><strong>sicut</strong></span> <span class='ocrx_word' id='word_1_51' title='bbox 2386 1257 2497 1320; x_wconf 84' lang='lat' dir='ltr'><strong>jam</strong></span> 
     </span>
     <span class='ocr_line' id='line_1_10' title="bbox 290 1327 1754 1393; baseline 0.005 -17"><span class='ocrx_word' id='word_1_52' title='bbox 290 1328 421 1392; x_wconf 79' lang='lat' dir='ltr'><strong>gine,</strong></span> <span class='ocrx_word' id='word_1_53' title='bbox 443 1342 568 1377; x_wconf 82' lang='lat' dir='ltr'><strong>vera</strong></span> <span class='ocrx_word' id='word_1_54' title='bbox 587 1329 680 1377; x_wconf 85' lang='lat' dir='ltr'><strong>lux</strong></span> <span class='ocrx_word' id='word_1_55' title='bbox 705 1329 867 1378; x_wconf 90' lang='lat' dir='ltr'><strong>menti</strong></span> <span class='ocrx_word' id='word_1_56' title='bbox 900 1327 1167 1393; x_wconf 80' lang='lat' dir='ltr'><strong>effulgebit</strong></span> <span class='ocrx_word' id='word_1_57' title='bbox 1189 1347 1202 1380; x_wconf 73' lang='grc' dir='ltr'><strong><em>ε</em></strong></span> <span class='ocrx_word' id='word_1_58' title='bbox 1239 1332 1351 1392; x_wconf 81' lang='lat' dir='ltr'><strong>sed,</strong></span> <span class='ocrx_word' id='word_1_59' title='bbox 1432 1331 1632 1383; x_wconf 83' lang='lat' dir='ltr'><strong>dictum</strong></span> <span class='ocrx_word' id='word_1_60' title='bbox 1655 1338 1754 1383; x_wconf 87' lang='lat' dir='ltr'><strong>est.</strong></span> 
     </span>
     <span class='ocr_line' id='line_1_11' title="bbox 286 1404 1353 1471; baseline 0.004 -17"><span class='ocrx_word' id='word_1_61' title='bbox 286 1405 410 1455; x_wconf 85' lang='lat' dir='ltr'><strong>utin</strong></span> <span class='ocrx_word' id='word_1_62' title='bbox 442 1404 777 1471; x_wconf 81' lang='lat' dir='ltr'><strong>corporibus,</strong></span> <span class='ocrx_word' id='word_1_63' title='bbox 797 1406 871 1455; x_wconf 87' lang='lat' dir='ltr'><strong>sic</strong></span> <span class='ocrx_word' id='word_1_64' title='bbox 892 1404 945 1455; x_wconf 86' lang='lat' dir='ltr'><strong>in</strong></span> <span class='ocrx_word' id='word_1_65' title='bbox 968 1407 1230 1458; x_wconf 87' lang='lat' dir='ltr'><strong>mentibus</strong></span> <span class='ocrx_word' id='word_1_66' title='bbox 1250 1422 1353 1458; x_wconf 91' lang='lat' dir='ltr'><strong>me·</strong></span> 
     </span>
    </p>
   </div>
   <div class='ocr_carea' id='block_1_6' title="bbox 1072 1819 1760 1894">
    <p class='ocr_par' dir='ltr' id='par_1_6' title="bbox 1072 1819 1760 1894">
     <span class='ocr_line' id='line_1_12' title="bbox 1072 1819 1760 1894; baseline 0 -3"><span class='ocrx_word' id='word_1_67' title='bbox 1072 1826 1501 1893; x_wconf 85' lang='lat' dir='ltr'>METRUM</span> <span class='ocrx_word' id='word_1_68' title='bbox 1550 1826 1718 1894; x_wconf 76' lang='lat' dir='ltr'>Vll.</span> <span class='ocrx_word' id='word_1_69' title='bbox 1757 1819 1760 1822; x_wconf 44' lang='grc'>“</span> 
     </span>
    </p>
   </div>
   <div class='ocr_carea' id='block_1_7' title="bbox 980 1979 1618 2350">
    <p class='ocr_par' dir='ltr' id='par_1_7' title="bbox 980 1979 1618 2350">
     <span class='ocr_line' id='line_1_13' title="bbox 988 1979 1579 2045; baseline 0 -1"><span class='ocrx_word' id='word_1_70' title='bbox 988 1979 1337 2045; x_wconf 76' lang='lat' dir='ltr'><strong>Numnns</strong></span> <span class='ocrx_word' id='word_1_71' title='bbox 1372 1981 1534 2045; x_wconf 87' lang='lat' dir='ltr'><strong>atris</strong></span> <span class='ocrx_word' id='word_1_72' title='bbox 1554 1990 1579 2016; x_wconf 80' lang='lat'>¹</span> 
     </span>
     <span class='ocr_line' id='line_1_14' title="bbox 985 2079 1560 2146; baseline 0 0"><span class='ocrx_word' id='word_1_73' title='bbox 985 2079 1278 2146; x_wconf 82' lang='lat' dir='ltr'><strong>Condita</strong></span> <span class='ocrx_word' id='word_1_74' title='bbox 1303 2081 1560 2146; x_wconf 81' lang='lat' dir='ltr'><strong>nullum</strong></span> 
     </span>
     <span class='ocr_line' id='line_1_15' title="bbox 983 2181 1618 2269; baseline 0.008 -24"><span class='ocrx_word' id='word_1_75' title='bbox 983 2181 1296 2247; x_wconf 87' lang='lat' dir='ltr'><strong>Fundere</strong></span> <span class='ocrx_word' id='word_1_76' title='bbox 1327 2192 1618 2269; x_wconf 82' lang='lat' dir='ltr'><strong>possunt</strong></span> 
     </span>
     <span class='ocr_line' id='line_1_16' title="bbox 980 2284 1493 2350; baseline 0.002 -2"><span class='ocrx_word' id='word_1_77' title='bbox 980 2284 1221 2350; x_wconf 84' lang='lat' dir='ltr'><strong>Sidera</strong></span> <span class='ocrx_word' id='word_1_78' title='bbox 1248 2285 1493 2350; x_wconf 88' lang='lat' dir='ltr'><strong>lumen.</strong></span> 
     </span>
    </p>
   </div>
   <div class='ocr_carea' id='block_1_8' title="bbox 343 2446 2565 2518">
    <p class='ocr_par' dir='ltr' id='par_1_8' title="bbox 343 2446 2565 2518">
     <span class='ocr_line' id='line_1_17' title="bbox 343 2446 2565 2518; baseline 0.004 -20"><span class='ocrx_word' id='word_1_79' title='bbox 343 2446 505 2498; x_wconf 74' lang='lat' dir='ltr'><strong>Astra</strong></span> <span class='ocrx_word' id='word_1_80' title='bbox 540 2448 753 2501; x_wconf 75' lang='lat' dir='ltr'><strong>involuta</strong></span> <span class='ocrx_word' id='word_1_81' title='bbox 772 2449 980 2514; x_wconf 72' lang='lat' dir='ltr'><strong>caligine</strong></span> <span class='ocrx_word' id='word_1_82' title='bbox 1015 2450 1159 2516; x_wconf 78' lang='lat' dir='ltr'><strong>nigra</strong></span> <span class='ocrx_word' id='word_1_83' title='bbox 1182 2458 1417 2518; x_wconf 77' lang='lat' dir='ltr'><strong>nequeunt</strong></span> <span class='ocrx_word' id='word_1_84' title='bbox 1438 2453 1629 2506; x_wconf 75' lang='lat' dir='ltr'><strong>mittere</strong></span> <span class='ocrx_word' id='word_1_85' title='bbox 1649 2456 1792 2505; x_wconf 71' lang='lat' dir='ltr'><strong>uuam</strong></span> <span class='ocrx_word' id='word_1_86' title='bbox 1820 2455 1983 2506; x_wconf 72' lang='lat' dir='ltr'><strong>lucem.</strong></span> <span class='ocrx_word' id='word_1_87' title='bbox 2050 2454 2110 2505; x_wconf 73' lang='lat' dir='ltr'><strong>Si</strong></span> <span class='ocrx_word' id='word_1_88' title='bbox 2128 2454 2308 2506; x_wconf 76' lang='lat' dir='ltr'><strong>Auster</strong></span> <span class='ocrx_word' id='word_1_89' title='bbox 2332 2457 2496 2507; x_wconf 76' lang='lat' dir='ltr'><strong>turba·</strong></span> <span class='ocrx_word' id='word_1_90' title='bbox 2560 2504 2565 2507; x_wconf 20' lang='grc' dir='ltr'><em>Α</em></span> 
     </span>
    </p>
   </div>
   <div class='ocr_carea' id='block_1_9' title="bbox 1307 2583 1528 2635">
    <p class='ocr_par' dir='ltr' id='par_1_9' title="bbox 1307 2583 1528 2635">
     <span class='ocr_line' id='line_1_18' title="bbox 1307 2583 1528 2635; baseline 0 -1"><span class='ocrx_word' id='word_1_91' title='bbox 1307 2584 1357 2634; x_wconf 89' lang='lat' dir='ltr'>N</span> <span class='ocrx_word' id='word_1_92' title='bbox 1363 2583 1528 2635; x_wconf 81' lang='lat' dir='ltr'><strong>o&#39;rAE</strong></span> 
     </span>
    </p>
   </div>
   <div class='ocr_carea' id='block_1_10' title="bbox 284 2685 2500 2911">
    <p class='ocr_par' dir='ltr' id='par_1_10' title="bbox 284 2685 2500 2911">
     <span class='ocr_line' id='line_1_19' title="bbox 344 2685 2499 2760; baseline 0.003 -25"><span class='ocrx_word' id='word_1_93' title='bbox 344 2685 507 2736; x_wconf 85' lang='lat' dir='ltr'><strong>Mens</strong></span> <span class='ocrx_word' id='word_1_94' title='bbox 525 2691 727 2760; x_wconf 75' lang='lat' dir='ltr'><strong>nostra,</strong></span> <span class='ocrx_word' id='word_1_95' title='bbox 749 2687 1022 2739; x_wconf 82' lang='lat' dir='ltr'><strong>veritatem</strong></span> <span class='ocrx_word' id='word_1_96' title='bbox 1042 2696 1359 2754; x_wconf 86' lang='lat' dir='ltr'><strong>assecutura,</strong></span> <span class='ocrx_word' id='word_1_97' title='bbox 1437 2706 1558 2742; x_wconf 89' lang='lat' dir='ltr'><strong>suos</strong></span> <span class='ocrx_word' id='word_1_98' title='bbox 1582 2691 1752 2741; x_wconf 85' lang='lat' dir='ltr'><strong>radios</strong></span> <span class='ocrx_word' id='word_1_99' title='bbox 1776 2690 1839 2741; x_wconf 85' lang='lat' dir='ltr'><strong>ad</strong></span> <span class='ocrx_word' id='word_1_100' title='bbox 1856 2696 2026 2741; x_wconf 85' lang='lat' dir='ltr'><strong>terras</strong></span> <span class='ocrx_word' id='word_1_101' title='bbox 2042 2705 2201 2754; x_wconf 87' lang='lat' dir='ltr'><strong>usque</strong></span> <span class='ocrx_word' id='word_1_102' title='bbox 2219 2691 2499 2753; x_wconf 74' lang='lat' dir='ltr'><strong>emittant3</strong></span> 
     </span>
     <span class='ocr_line' id='line_1_20' title="bbox 285 2765 2500 2832; baseline 0 -16"><span class='ocrx_word' id='word_1_103' title='bbox 285 2767 513 2828; x_wconf 83' lang='lat' dir='ltr'><strong>primum</strong></span> <span class='ocrx_word' id='word_1_104' title='bbox 548 2766 614 2817; x_wconf 78' lang='lat' dir='ltr'><strong>ab</strong></span> <span class='ocrx_word' id='word_1_105' title='bbox 652 2767 825 2832; x_wconf 81' lang='lat' dir='ltr'><strong>aliquo</strong></span> <span class='ocrx_word' id='word_1_106' title='bbox 862 2769 1023 2819; x_wconf 90' lang='lat' dir='ltr'><strong>veluti</strong></span> <span class='ocrx_word' id='word_1_107' title='bbox 1055 2771 1175 2820; x_wconf 90' lang='lat' dir='ltr'><strong>Sole</strong></span> <span class='ocrx_word' id='word_1_108' title='bbox 1197 2769 1355 2820; x_wconf 87' lang='lat' dir='ltr'><strong>infor·</strong></span> <span class='ocrx_word' id='word_1_109' title='bbox 1438 2767 1578 2831; x_wconf 90' lang='lat' dir='ltr'><strong>quod</strong></span> <span class='ocrx_word' id='word_1_110' title='bbox 1599 2765 1836 2816; x_wconf 84' lang='lat' dir='ltr'><strong>nimirum</strong></span> <span class='ocrx_word' id='word_1_111' title='bbox 1859 2766 2023 2816; x_wconf 89' lang='lat' dir='ltr'><strong>nubes</strong></span> <span class='ocrx_word' id='word_1_112' title='bbox 2040 2766 2142 2816; x_wconf 85' lang='lat' dir='ltr'><strong>illae</strong></span> <span class='ocrx_word' id='word_1_113' title='bbox 2158 2780 2379 2830; x_wconf 86' lang='lat' dir='ltr'><strong>corpora</strong></span> <span class='ocrx_word' id='word_1_114' title='bbox 2394 2767 2500 2817; x_wconf 85' lang='lat' dir='ltr'><strong>sint</strong></span> 
     </span>
     <span class='ocr_line' id='line_1_21' title="bbox 284 2842 2496 2911; baseline 0 -19"><span class='ocrx_word' id='word_1_115' title='bbox 284 2850 461 2894; x_wconf 73' lang='lat' dir='ltr'><strong>metui·</strong></span> <span class='ocrx_word' id='word_1_116' title='bbox 492 2858 720 2895; x_wconf 85' lang='lat' dir='ltr'><strong>necesse.</strong></span> <span class='ocrx_word' id='word_1_117' title='bbox 746 2850 843 2908; x_wconf 86' lang='lat' dir='ltr'><strong>est,</strong></span> <span class='ocrx_word' id='word_1_118' title='bbox 871 2846 1008 2911; x_wconf 87' lang='lat' dir='ltr'><strong>quod</strong></span> <span class='ocrx_word' id='word_1_119' title='bbox 1029 2846 1144 2910; x_wconf 89' lang='lat' dir='ltr'><strong>ipsa</strong></span> <span class='ocrx_word' id='word_1_120' title='bbox 1165 2846 1242 2896; x_wconf 88' lang='lat' dir='ltr'><strong>sui</strong></span> <span class='ocrx_word' id='word_1_121' title='bbox 1276 2847 1351 2896; x_wconf 86' lang='lat' dir='ltr'><strong>lu·</strong></span> <span class='ocrx_word' id='word_1_122' title='bbox 1434 2858 1619 2907; x_wconf 86' lang='lat' dir='ltr'><strong>opaca,</strong></span> <span class='ocrx_word' id='word_1_123' title='bbox 1641 2856 1856 2907; x_wconf 88' lang='lat' dir='ltr'><strong>quorum</strong></span> <span class='ocrx_word' id='word_1_124' title='bbox 1880 2848 1960 2892; x_wconf 84' lang='lat' dir='ltr'><strong>est</strong></span> <span class='ocrx_word' id='word_1_125' title='bbox 2001 2842 2174 2891; x_wconf 89' lang='lat' dir='ltr'><strong>lumen</strong></span> <span class='ocrx_word' id='word_1_126' title='bbox 2196 2842 2496 2904; x_wconf 80' lang='lat' dir='ltr'><strong>remittere3</strong></span> 
     </span>
    </p>
   </div>
   <div class='ocr_carea' id='block_1_11' title="bbox 2375 348 2603 413">
    <p class='ocr_par' dir='ltr' id='par_1_11' title="bbox 2375 348 2603 413">
     <span class='ocr_line' id='line_1_22' title="bbox 2375 348 2603 413; baseline 0.004 -1"><span class='ocrx_word' id='word_1_127' title='bbox 2375 348 2603 413; x_wconf 78' lang='lat'><strong>145·</strong></span> 
     </span>
    </p>
   </div>
   <div class='ocr_carea' id='block_1_12' title="bbox 283 2918 1355 3756">
    <p class='ocr_par' dir='ltr' id='par_1_12' title="bbox 283 2918 1355 3756">
     <span class='ocr_line' id='line_1_23' title="bbox 283 2918 1352 2986; baseline 0.002 -17"><span class='ocrx_word' id='word_1_128' title='bbox 283 2918 438 2969; x_wconf 79' lang='lat' dir='ltr'><strong>minis</strong></span> <span class='ocrx_word' id='word_1_129' title='bbox 486 2921 634 2984; x_wconf 79' lang='lat' dir='ltr'><strong>origo</strong></span> <span class='ocrx_word' id='word_1_130' title='bbox 690 2934 810 2971; x_wconf 79' lang='lat' dir='ltr'><strong>esse</strong></span> <span class='ocrx_word' id='word_1_131' title='bbox 847 2929 1114 2986; x_wconf 78' lang='lat' dir='ltr'><strong>nequeat:</strong></span> <span class='ocrx_word' id='word_1_132' title='bbox 1163 2921 1352 2972; x_wconf 88' lang='lat' dir='ltr'><strong>deinde</strong></span> 
     </span>
     <span class='ocr_line' id='line_1_24' title="bbox 286 2992 1353 3063; baseline 0.003 -20"><span class='ocrx_word' id='word_1_133' title='bbox 286 2992 436 3059; x_wconf 75' lang='lat' dir='ltr'><strong>hnjus</strong></span> <span class='ocrx_word' id='word_1_134' title='bbox 463 2995 845 3048; x_wconf 80' lang='lat' dir='ltr'><strong>informationis</strong></span> <span class='ocrx_word' id='word_1_135' title='bbox 875 2998 1058 3049; x_wconf 82' lang='lat' dir='ltr'><strong>eadem</strong></span> <span class='ocrx_word' id='word_1_136' title='bbox 1095 2999 1167 3048; x_wconf 89' lang='lat' dir='ltr'><strong>sit</strong></span> <span class='ocrx_word' id='word_1_137' title='bbox 1199 3013 1353 3063; x_wconf 84' lang='lat' dir='ltr'><strong>prox-</strong></span> 
     </span>
     <span class='ocr_line' id='line_1_25' title="bbox 286 3069 1352 3139; baseline 0.001 -18"><span class='ocrx_word' id='word_1_138' title='bbox 286 3069 383 3121; x_wconf 86' lang='lat' dir='ltr'><strong>ime</strong></span> <span class='ocrx_word' id='word_1_139' title='bbox 407 3073 646 3134; x_wconf 88' lang='lat' dir='ltr'><strong>conscia,</strong></span> <span class='ocrx_word' id='word_1_140' title='bbox 665 3074 808 3139; x_wconf 89' lang='lat' dir='ltr'><strong>quod</strong></span> <span class='ocrx_word' id='word_1_141' title='bbox 829 3082 1012 3124; x_wconf 85' lang='lat' dir='ltr'><strong>auctor</strong></span> <span class='ocrx_word' id='word_1_142' title='bbox 1032 3075 1180 3139; x_wconf 81' lang='lat' dir='ltr'><strong>hujus</strong></span> <span class='ocrx_word' id='word_1_143' title='bbox 1194 3072 1352 3123; x_wconf 78' lang='lat' dir='ltr'><strong>insor-</strong></span> 
     </span>
     <span class='ocr_line' id='line_1_26' title="bbox 286 3149 1349 3205; baseline 0.001 -7"><span class='ocrx_word' id='word_1_144' title='bbox 286 3149 529 3198; x_wconf 81' lang='lat' dir='ltr'><strong>mationis</strong></span> <span class='ocrx_word' id='word_1_145' title='bbox 553 3164 657 3199; x_wconf 91' lang='lat' dir='ltr'><strong>non</strong></span> <span class='ocrx_word' id='word_1_146' title='bbox 677 3150 921 3205; x_wconf 81' lang='lat' dir='ltr'><strong>informet</strong></span> <span class='ocrx_word' id='word_1_147' title='bbox 942 3152 1042 3201; x_wconf 87' lang='lat' dir='ltr'><strong>nisi</strong></span> <span class='ocrx_word' id='word_1_148' title='bbox 1070 3153 1349 3203; x_wconf 82' lang='lat' dir='ltr'><strong>monendo:</strong></span> 
     </span>
     <span class='ocr_line' id='line_1_27' title="bbox 285 3226 1355 3291; baseline 0.004 -17"><span class='ocrx_word' id='word_1_149' title='bbox 285 3232 552 3286; x_wconf 78' lang='lat' dir='ltr'><strong>postremo</strong></span> <span class='ocrx_word' id='word_1_150' title='bbox 567 3227 686 3291; x_wconf 85' lang='lat' dir='ltr'><strong>ipsa</strong></span> <span class='ocrx_word' id='word_1_151' title='bbox 700 3226 1075 3279; x_wconf 79' lang='lat' dir='ltr'><strong>informationis</strong></span> <span class='ocrx_word' id='word_1_152' title='bbox 1091 3228 1355 3278; x_wconf 85' lang='lat' dir='ltr'><strong>evidentia</strong></span> 
     </span>
     <span class='ocr_line' id='line_1_28' title="bbox 288 3301 1354 3369; baseline 0.006 -20"><span class='ocrx_word' id='word_1_153' title='bbox 288 3301 549 3364; x_wconf 82' lang='lat' dir='ltr'><strong>convicta,</strong></span> <span class='ocrx_word' id='word_1_154' title='bbox 588 3319 692 3368; x_wconf 89' lang='lat' dir='ltr'><strong>quo</strong></span> <span class='ocrx_word' id='word_1_155' title='bbox 735 3312 921 3356; x_wconf 80' lang='lat' dir='ltr'><strong>auctor</strong></span> <span class='ocrx_word' id='word_1_156' title='bbox 962 3306 1113 3369; x_wconf 73' lang='lat' dir='ltr'><strong>huJus</strong></span> <span class='ocrx_word' id='word_1_157' title='bbox 1148 3306 1354 3356; x_wconf 88' lang='lat' dir='ltr'><strong>luminis</strong></span> 
     </span>
     <span class='ocr_line' id='line_1_29' title="bbox 290 3378 1353 3446; baseline 0.004 -18"><span class='ocrx_word' id='word_1_158' title='bbox 290 3378 455 3445; x_wconf 80' lang='lat' dir='ltr'><strong>ducit,</strong></span> <span class='ocrx_word' id='word_1_159' title='bbox 492 3395 560 3431; x_wconf 90' lang='lat' dir='ltr'><strong>eo</strong></span> <span class='ocrx_word' id='word_1_160' title='bbox 588 3382 800 3446; x_wconf 89' lang='lat' dir='ltr'><strong>proprio</strong></span> <span class='ocrx_word' id='word_1_161' title='bbox 834 3392 966 3432; x_wconf 87' lang='lat' dir='ltr'><strong>nutu</strong></span> <span class='ocrx_word' id='word_1_162' title='bbox 999 3381 1197 3432; x_wconf 88' lang='lat' dir='ltr'><strong>feratur</strong></span> <span class='ocrx_word' id='word_1_163' title='bbox 1231 3397 1353 3432; x_wconf 86' lang='lat' dir='ltr'><strong>con·</strong></span> 
     </span>
     <span class='ocr_line' id='line_1_30' title="bbox 288 3457 1349 3524; baseline 0.002 -18"><span class='ocrx_word' id='word_1_164' title='bbox 288 3457 517 3508; x_wconf 85' lang='lat' dir='ltr'><strong>sentiens</strong></span> <span class='ocrx_word' id='word_1_165' title='bbox 543 3475 559 3520; x_wconf 80' lang='lat'><em>3</em></span> <span class='ocrx_word' id='word_1_166' title='bbox 595 3460 733 3524; x_wconf 89' lang='lat' dir='ltr'><strong>quod</strong></span> <span class='ocrx_word' id='word_1_167' title='bbox 751 3461 805 3509; x_wconf 89' lang='lat' dir='ltr'><strong>in</strong></span> <span class='ocrx_word' id='word_1_168' title='bbox 827 3461 921 3510; x_wconf 80' lang='lat' dir='ltr'><strong>boc</strong></span> <span class='ocrx_word' id='word_1_169' title='bbox 946 3474 1203 3510; x_wconf 87' lang='lat' dir='ltr'><strong>consensu</strong></span> <span class='ocrx_word' id='word_1_170' title='bbox 1234 3474 1349 3509; x_wconf 79' lang='lat' dir='ltr'><strong>ver-</strong></span> 
     </span>
     <span class='ocr_line' id='line_1_31' title="bbox 289 3535 1351 3602; baseline 0.003 -19"><span class='ocrx_word' id='word_1_171' title='bbox 289 3541 431 3586; x_wconf 84' lang='lat' dir='ltr'><strong>setur</strong></span> <span class='ocrx_word' id='word_1_172' title='bbox 469 3536 636 3600; x_wconf 86' lang='lat' dir='ltr'><strong>ipsius</strong></span> <span class='ocrx_word' id='word_1_173' title='bbox 668 3537 902 3587; x_wconf 82' lang='lat' dir='ltr'><strong>veritatis</strong></span> <span class='ocrx_word' id='word_1_174' title='bbox 941 3535 1121 3587; x_wconf 79' lang='lat' dir='ltr'><strong>forma.</strong></span> <span class='ocrx_word' id='word_1_175' title='bbox 1186 3536 1351 3602; x_wconf 86' lang='lat' dir='ltr'><strong>Atqui</strong></span> 
     </span>
     <span class='ocr_line' id='line_1_32' title="bbox 287 3613 1349 3685; baseline 0.001 -22"><span class='ocrx_word' id='word_1_176' title='bbox 287 3614 713 3685; x_wconf 78' lang='lat' dir='ltr'><strong>perturbationes</strong></span> <span class='ocrx_word' id='word_1_177' title='bbox 728 3614 839 3665; x_wconf 71' lang='lat' dir='ltr'><strong>haec</strong></span> <span class='ocrx_word' id='word_1_178' title='bbox 852 3615 1022 3664; x_wconf 86' lang='lat' dir='ltr'><strong>omnia</strong></span> <span class='ocrx_word' id='word_1_179' title='bbox 1034 3613 1349 3678; x_wconf 81' lang='lat' dir='ltr'><strong>impediunt:</strong></span> 
     </span>
     <span class='ocr_line' id='line_1_33' title="bbox 291 3689 1351 3756; baseline 0.002 -17"><span class='ocrx_word' id='word_1_180' title='bbox 291 3689 425 3742; x_wconf 90' lang='lat' dir='ltr'><strong>sicut</strong></span> <span class='ocrx_word' id='word_1_181' title='bbox 469 3692 666 3755; x_wconf 89' lang='lat' dir='ltr'><strong>triplici</strong></span> <span class='ocrx_word' id='word_1_182' title='bbox 704 3694 943 3756; x_wconf 82' lang='lat' dir='ltr'><strong>exemplo</strong></span> <span class='ocrx_word' id='word_1_183' title='bbox 974 3693 1221 3756; x_wconf 81' lang='lat' dir='ltr'><strong>deinceps</strong></span> <span class='ocrx_word' id='word_1_184' title='bbox 1261 3693 1351 3741; x_wconf 90' lang='lat' dir='ltr'><strong>de-</strong></span> 
     </span>
    </p>
   </div>
   <div class='ocr_carea' id='block_1_13' title="bbox 189 3767 1352 3834">
    <p class='ocr_par' dir='ltr' id='par_1_13' title="bbox 189 3767 1352 3834">
     <span class='ocr_line' id='line_1_34' title="bbox 189 3767 1352 3834; baseline 0.002 -19"><span class='ocrx_word' id='word_1_185' title='bbox 189 3774 205 3784; x_wconf 82' lang='grc'><em>“</em></span> <span class='ocrx_word' id='word_1_186' title='bbox 292 3767 696 3819; x_wconf 81' lang='lat' dir='ltr'><strong>monstrabitur:</strong></span> <span class='ocrx_word' id='word_1_187' title='bbox 721 3769 1049 3834; x_wconf 82' lang='lat' dir='ltr'><strong>quamobrem</strong></span> <span class='ocrx_word' id='word_1_188' title='bbox 1066 3775 1212 3819; x_wconf 89' lang='lat' dir='ltr'><strong>recte</strong></span> <span class='ocrx_word' id='word_1_189' title='bbox 1229 3783 1352 3818; x_wconf 91' lang='lat' dir='ltr'><strong>con-</strong></span> 
     </span>
    </p>
   </div>
   <div class='ocr_carea' id='block_1_14' title="bbox 291 3843 1356 4065">
    <p class='ocr_par' dir='ltr' id='par_1_14' title="bbox 291 3843 1356 4065">
     <span class='ocr_line' id='line_1_35' title="bbox 291 3843 1356 3910; baseline -0.005 -13"><span class='ocrx_word' id='word_1_190' title='bbox 291 3843 452 3898; x_wconf 71' lang='lat' dir='ltr'><strong>cludit</strong></span> <span class='ocrx_word' id='word_1_191' title='bbox 463 3845 816 3909; x_wconf 77' lang='lat' dir='ltr'><strong>Philosophia,</strong></span> <span class='ocrx_word' id='word_1_192' title='bbox 829 3845 1068 3896; x_wconf 82' lang='lat' dir='ltr'><strong>veritatis</strong></span> <span class='ocrx_word' id='word_1_193' title='bbox 1082 3859 1356 3910; x_wconf 80' lang='lat' dir='ltr'><strong>assequen-</strong></span> 
     </span>
     <span class='ocr_line' id='line_1_36' title="bbox 295 3920 1355 3985; baseline 0 -16"><span class='ocrx_word' id='word_1_194' title='bbox 295 3920 373 3973; x_wconf 73' lang='lat' dir='ltr'><strong>dae</strong></span> <span class='ocrx_word' id='word_1_195' title='bbox 416 3936 600 3985; x_wconf 86' lang='lat' dir='ltr'><strong>causa,</strong></span> <span class='ocrx_word' id='word_1_196' title='bbox 642 3930 872 3972; x_wconf 87' lang='lat' dir='ltr'><strong>mentem</strong></span> <span class='ocrx_word' id='word_1_197' title='bbox 909 3921 1197 3972; x_wconf 80' lang='lat' dir='ltr'><strong>exuendam</strong></span> <span class='ocrx_word' id='word_1_198' title='bbox 1240 3934 1355 3971; x_wconf 86' lang='lat' dir='ltr'><strong>esse</strong></span> 
     </span>
     <span class='ocr_line' id='line_1_37' title="bbox 294 3999 1073 4065; baseline 0.003 -19"><span class='ocrx_word' id='word_1_199' title='bbox 294 3999 547 4065; x_wconf 59' lang='lat' dir='ltr'><strong>eiusmodi</strong></span> <span class='ocrx_word' id='word_1_200' title='bbox 572 3999 1073 4064; x_wconf 84' lang='lat' dir='ltr'><strong>perturbationibus.</strong></span> 
     </span>
    </p>
   </div>
   <div class='ocr_carea' id='block_1_15' title="bbox 294 4076 1358 4205">
    <p class='ocr_par' dir='ltr' id='par_1_15' title="bbox 294 4076 1358 4205">
     <span class='ocr_line' id='line_1_38' title="bbox 354 4076 1358 4140; baseline -0.004 -12"><span class='ocrx_word' id='word_1_201' title='bbox 354 4083 382 4109; x_wconf 82' lang='lat'>¹</span> <span class='ocrx_word' id='word_1_202' title='bbox 403 4076 629 4128; x_wconf 69' lang='lat' dir='ltr'><strong>Nubibus</strong></span> <span class='ocrx_word' id='word_1_203' title='bbox 646 4076 793 4139; x_wconf 77' lang='lat' dir='ltr'><strong>atris]</strong></span> <span class='ocrx_word' id='word_1_204' title='bbox 809 4090 848 4127; x_wconf 86' lang='lat'><strong>1.</strong></span> <span class='ocrx_word' id='word_1_205' title='bbox 874 4077 1063 4140; x_wconf 78' lang='lat' dir='ltr'><strong>Igitur,</strong></span> <span class='ocrx_word' id='word_1_206' title='bbox 1079 4077 1219 4128; x_wconf 89' lang='lat' dir='ltr'><strong>sicut</strong></span> <span class='ocrx_word' id='word_1_207' title='bbox 1235 4077 1251 4104; x_wconf 89' lang='lat'>‘</span> <span class='ocrx_word' id='word_1_208' title='bbox 1266 4090 1358 4125; x_wconf 90' lang='lat' dir='ltr'><strong>uu·</strong></span> 
     </span>
     <span class='ocr_line' id='line_1_39' title="bbox 294 4153 1357 4205; baseline -0.002 -1"><span class='ocrx_word' id='word_1_209' title='bbox 294 4154 384 4204; x_wconf 85' lang='lat' dir='ltr'><strong>bes</strong></span> <span class='ocrx_word' id='word_1_210' title='bbox 400 4162 534 4205; x_wconf 78' lang='lat' dir='ltr'><strong>atrae</strong></span> <span class='ocrx_word' id='word_1_211' title='bbox 547 4153 562 4176; x_wconf 91' lang='lat'>’</span> <span class='ocrx_word' id='word_1_212' title='bbox 586 4155 773 4205; x_wconf 86' lang='lat' dir='ltr'><strong>coelum</strong></span> <span class='ocrx_word' id='word_1_213' title='bbox 796 4154 932 4204; x_wconf 88' lang='lat' dir='ltr'><strong>iuter</strong></span> <span class='ocrx_word' id='word_1_214' title='bbox 948 4162 1005 4204; x_wconf 87' lang='lat' dir='ltr'><strong>et</strong></span> <span class='ocrx_word' id='word_1_215' title='bbox 1018 4161 1181 4204; x_wconf 86' lang='lat' dir='ltr'><strong>terras</strong></span> <span class='ocrx_word' id='word_1_216' title='bbox 1198 4154 1357 4204; x_wconf 89' lang='lat' dir='ltr'><strong>inter-</strong></span> 
     </span>
    </p>
   </div>
   <div class='ocr_carea' id='block_1_16' title="bbox 1429 2920 2505 3986">
    <p class='ocr_par' dir='ltr' id='par_1_16' title="bbox 1429 2920 2505 3986">
     <span class='ocr_line' id='line_1_40' title="bbox 1432 2920 2499 2986; baseline 0 -15"><span class='ocrx_word' id='word_1_217' title='bbox 1432 2921 1510 2971; x_wconf 91' lang='lat' dir='ltr'><strong>ita</strong></span> <span class='ocrx_word' id='word_1_218' title='bbox 1519 2921 1940 2986; x_wconf 82' lang='lat' dir='ltr'><strong>perturbationes</strong></span> <span class='ocrx_word' id='word_1_219' title='bbox 1951 2921 2125 2971; x_wconf 83' lang='lat' dir='ltr'><strong>Deum</strong></span> <span class='ocrx_word' id='word_1_220' title='bbox 2139 2920 2281 2970; x_wconf 85' lang='lat' dir='ltr'><strong>inter</strong></span> <span class='ocrx_word' id='word_1_221' title='bbox 2290 2928 2346 2970; x_wconf 92' lang='lat' dir='ltr'><strong>et</strong></span> <span class='ocrx_word' id='word_1_222' title='bbox 2356 2935 2499 2971; x_wconf 87' lang='lat' dir='ltr'><strong>men·</strong></span> 
     </span>
     <span class='ocr_line' id='line_1_41' title="bbox 1432 2999 2498 3063; baseline -0.001 -13"><span class='ocrx_word' id='word_1_223' title='bbox 1432 3005 1540 3050; x_wconf 85' lang='lat' dir='ltr'><strong>tem</strong></span> <span class='ocrx_word' id='word_1_224' title='bbox 1574 3001 1849 3050; x_wconf 86' lang='lat' dir='ltr'><strong>humanam</strong></span> <span class='ocrx_word' id='word_1_225' title='bbox 1883 3000 2043 3049; x_wconf 82' lang='lat' dir='ltr'><strong>veluti</strong></span> <span class='ocrx_word' id='word_1_226' title='bbox 2077 2999 2369 3063; x_wconf 64' lang='lat' dir='ltr'><strong>interjecta</strong></span> <span class='ocrx_word' id='word_1_227' title='bbox 2402 3000 2498 3049; x_wconf 89' lang='lat' dir='ltr'><strong>im-</strong></span> 
     </span>
     <span class='ocr_line' id='line_1_42' title="bbox 1433 3070 2499 3141; baseline -0.002 -15"><span class='ocrx_word' id='word_1_228' title='bbox 1433 3076 1673 3141; x_wconf 83' lang='lat' dir='ltr'><strong>pediunt,</strong></span> <span class='ocrx_word' id='word_1_229' title='bbox 1704 3070 1993 3141; x_wconf 70' lang='lat' dir='ltr'><strong>quominus&#39;</strong></span> <span class='ocrx_word' id='word_1_230' title='bbox 2017 3075 2180 3124; x_wconf 88' lang='lat' dir='ltr'><strong>Pater</strong></span> <span class='ocrx_word' id='word_1_231' title='bbox 2220 3073 2307 3123; x_wconf 85' lang='lat' dir='ltr'><strong>ille</strong></span> <span class='ocrx_word' id='word_1_232' title='bbox 2349 3075 2499 3124; x_wconf 88' lang='lat' dir='ltr'><strong>lumi-</strong></span> 
     </span>
     <span class='ocr_line' id='line_1_43' title="bbox 1432 3148 2498 3217; baseline -0.001 -14"><span class='ocrx_word' id='word_1_233' title='bbox 1432 3168 1574 3217; x_wconf 90' lang='lat' dir='ltr'><strong>num,</strong></span> <span class='ocrx_word' id='word_1_234' title='bbox 1605 3156 1776 3214; x_wconf 90' lang='lat' dir='ltr'><strong>Deus,</strong></span> <span class='ocrx_word' id='word_1_235' title='bbox 1814 3168 1933 3203; x_wconf 88' lang='lat' dir='ltr'><strong>suos</strong></span> <span class='ocrx_word' id='word_1_236' title='bbox 1964 3151 2135 3201; x_wconf 86' lang='lat' dir='ltr'><strong>radios</strong></span> <span class='ocrx_word' id='word_1_237' title='bbox 2170 3151 2238 3200; x_wconf 90' lang='lat' dir='ltr'><strong>ad</strong></span> <span class='ocrx_word' id='word_1_238' title='bbox 2269 3148 2498 3202; x_wconf 72' lang='lat' dir='ltr'><strong>mentem</strong></span> 
     </span>
     <span class='ocr_line' id='line_1_44' title="bbox 1433 3227 2498 3296; baseline -0.001 -15"><span class='ocrx_word' id='word_1_239' title='bbox 1433 3245 1598 3296; x_wconf 87' lang='lat' dir='ltr'><strong>usque</strong></span> <span class='ocrx_word' id='word_1_240' title='bbox 1620 3231 1892 3280; x_wconf 80' lang='lat' dir='ltr'><strong>humanam</strong></span> <span class='ocrx_word' id='word_1_241' title='bbox 1912 3229 2154 3292; x_wconf 80' lang='lat' dir='ltr'><strong>emittat3</strong></span> <span class='ocrx_word' id='word_1_242' title='bbox 2200 3227 2343 3294; x_wconf 88' lang='lat' dir='ltr'><strong>qnod</strong></span> <span class='ocrx_word' id='word_1_243' title='bbox 2364 3243 2498 3292; x_wconf 84' lang='lat' dir='ltr'><strong>prae-</strong></span> 
     </span>
     <span class='ocr_line' id='line_1_45' title="bbox 1432 3308 2497 3374; baseline -0.002 -14"><span class='ocrx_word' id='word_1_244' title='bbox 1432 3309 1589 3360; x_wconf 82' lang='lat' dir='ltr'><strong>dictae</strong></span> <span class='ocrx_word' id='word_1_245' title='bbox 1616 3308 2054 3373; x_wconf 87' lang='lat' dir='ltr'><strong>perturbationes,</strong></span> <span class='ocrx_word' id='word_1_246' title='bbox 2067 3322 2163 3361; x_wconf 87' lang='lat' dir='ltr'><strong>ceu</strong></span> <span class='ocrx_word' id='word_1_247' title='bbox 2179 3323 2346 3373; x_wconf 79' lang='lat' dir='ltr'><strong>opaca</strong></span> <span class='ocrx_word' id='word_1_248' title='bbox 2360 3314 2497 3374; x_wconf 71' lang='lat' dir='ltr'><strong>qute-</strong></span> 
     </span>
     <span class='ocr_line' id='line_1_46' title="bbox 1434 3385 2505 3448; baseline -0.001 -13"><span class='ocrx_word' id='word_1_249' title='bbox 1434 3385 1555 3435; x_wconf 86' lang='lat' dir='ltr'><strong>dam</strong></span> <span class='ocrx_word' id='word_1_250' title='bbox 1573 3399 1814 3448; x_wconf 83' lang='lat' dir='ltr'><strong>corpora,</strong></span> <span class='ocrx_word' id='word_1_251' title='bbox 1837 3386 2005 3434; x_wconf 81' lang='lat' dir='ltr'><strong>lucem</strong></span> <span class='ocrx_word' id='word_1_252' title='bbox 2032 3385 2293 3435; x_wconf 86' lang='lat' dir='ltr'><strong>coelestem</strong></span> <span class='ocrx_word' id='word_1_253' title='bbox 2317 3385 2505 3434; x_wconf 86' lang='lat' dir='ltr'><strong>remit-&#39;</strong></span> 
     </span>
     <span class='ocr_line' id='line_1_47' title="bbox 1429 3461 2497 3527; baseline -0.001 -15"><span class='ocrx_word' id='word_1_254' title='bbox 1429 3468 1566 3512; x_wconf 87' lang='lat' dir='ltr'><strong>tant.</strong></span> <span class='ocrx_word' id='word_1_255' title='bbox 1635 3461 1755 3510; x_wconf 87' lang='lat' dir='ltr'><strong>Huc</strong></span> <span class='ocrx_word' id='word_1_256' title='bbox 1794 3461 1979 3512; x_wconf 82' lang='lat' dir='ltr'><strong>referri</strong></span> <span class='ocrx_word' id='word_1_257' title='bbox 2004 3469 2183 3525; x_wconf 89' lang='lat' dir='ltr'><strong>potest</strong></span> <span class='ocrx_word' id='word_1_258' title='bbox 2207 3462 2345 3527; x_wconf 91' lang='lat' dir='ltr'><strong>quod</strong></span> <span class='ocrx_word' id='word_1_259' title='bbox 2368 3461 2497 3511; x_wconf 87' lang='lat' dir='ltr'><strong>dici-</strong></span> 
     </span>
     <span class='ocr_line' id='line_1_48' title="bbox 1433 3537 2497 3603; baseline -0.001 -14"><span class='ocrx_word' id='word_1_260' title='bbox 1433 3544 1520 3589; x_wconf 89' lang='lat' dir='ltr'><strong>tur</strong></span> <span class='ocrx_word' id='word_1_261' title='bbox 1538 3539 1667 3603; x_wconf 84' lang='lat' dir='ltr'><strong>Sap.</strong></span> <span class='ocrx_word' id='word_1_262' title='bbox 1685 3550 1768 3589; x_wconf 76' lang='lat' dir='ltr'><strong>tx.</strong></span> <span class='ocrx_word' id='word_1_263' title='bbox 1833 3539 1848 3566; x_wconf 92' lang='lat'>‘</span> <span class='ocrx_word' id='word_1_264' title='bbox 1872 3537 1984 3589; x_wconf 89' lang='lat' dir='ltr'><strong>Etsi</strong></span> <span class='ocrx_word' id='word_1_265' title='bbox 2004 3538 2120 3602; x_wconf 89' lang='lat' dir='ltr'><strong>quis</strong></span> <span class='ocrx_word' id='word_1_266' title='bbox 2135 3539 2240 3587; x_wconf 90' lang='lat' dir='ltr'><strong>erit</strong></span> <span class='ocrx_word' id='word_1_267' title='bbox 2261 3548 2497 3588; x_wconf 83' lang='lat' dir='ltr'><strong>consum-</strong></span> 
     </span>
     <span class='ocr_line' id='line_1_49' title="bbox 1431 3614 2497 3678; baseline -0.002 -10"><span class='ocrx_word' id='word_1_268' title='bbox 1431 3622 1601 3668; x_wconf 82' lang='lat' dir='ltr'><strong>matus</strong></span> <span class='ocrx_word' id='word_1_269' title='bbox 1624 3616 1762 3666; x_wconf 87' lang='lat' dir='ltr'><strong>inter</strong></span> <span class='ocrx_word' id='word_1_270' title='bbox 1781 3614 1920 3668; x_wconf 82' lang='lat' dir='ltr'><strong>filios</strong></span> <span class='ocrx_word' id='word_1_271' title='bbox 1941 3616 2222 3678; x_wconf 85' lang='lat' dir='ltr'><strong>bominum,</strong></span> <span class='ocrx_word' id='word_1_272' title='bbox 2245 3614 2289 3665; x_wconf 88' lang='lat' dir='ltr'><strong>si</strong></span> <span class='ocrx_word' id='word_1_273' title='bbox 2311 3614 2378 3663; x_wconf 91' lang='lat' dir='ltr'><strong>ab</strong></span> <span class='ocrx_word' id='word_1_274' title='bbox 2404 3614 2497 3666; x_wconf 88' lang='lat' dir='ltr'><strong>illo</strong></span> 
     </span>
     <span class='ocr_line' id='line_1_50' title="bbox 1433 3690 2496 3756; baseline 0 -15"><span class='ocrx_word' id='word_1_275' title='bbox 1433 3691 1664 3743; x_wconf 86' lang='lat' dir='ltr'><strong>abfuerit</strong></span> <span class='ocrx_word' id='word_1_276' title='bbox 1707 3691 1966 3756; x_wconf 85' lang='lat' dir='ltr'><strong>sapientia</strong></span> <span class='ocrx_word' id='word_1_277' title='bbox 2020 3697 2139 3754; x_wconf 71' lang='lat' dir='ltr'><strong>tua,</strong></span> <span class='ocrx_word' id='word_1_278' title='bbox 2174 3690 2232 3740; x_wconf 88' lang='lat' dir='ltr'><strong>in</strong></span> <span class='ocrx_word' id='word_1_279' title='bbox 2285 3690 2496 3741; x_wconf 80' lang='lat' dir='ltr'><strong>nihilum</strong></span> 
     </span>
     <span class='ocr_line' id='line_1_51' title="bbox 1433 3767 2499 3833; baseline 0 -15"><span class='ocrx_word' id='word_1_280' title='bbox 1433 3768 1868 3833; x_wconf 85' lang='lat' dir='ltr'><strong>computabitur..</strong></span> <span class='ocrx_word' id='word_1_281' title='bbox 1883 3802 1897 3819; x_wconf 91' lang='lat'><strong>.</strong></span> <span class='ocrx_word' id='word_1_282' title='bbox 1927 3767 2088 3817; x_wconf 87' lang='lat' dir='ltr'><strong>Mitte</strong></span> <span class='ocrx_word' id='word_1_283' title='bbox 2103 3767 2244 3831; x_wconf 74' lang='lat' dir='ltr'><strong>iilam</strong></span> <span class='ocrx_word' id='word_1_284' title='bbox 2264 3767 2330 3817; x_wconf 87' lang='lat' dir='ltr'><strong>de</strong></span> <span class='ocrx_word' id='word_1_285' title='bbox 2352 3767 2499 3819; x_wconf 84' lang='lat' dir='ltr'><strong>coelis</strong></span> 
     </span>
     <span class='ocr_line' id='line_1_52' title="bbox 1429 3842 2500 3911; baseline -0.004 -15"><span class='ocrx_word' id='word_1_286' title='bbox 1429 3846 1630 3896; x_wconf 81' lang='lat' dir='ltr'><strong>sanctis</strong></span> <span class='ocrx_word' id='word_1_287' title='bbox 1672 3847 1773 3897; x_wconf 87' lang='lat' dir='ltr'><strong>tuis</strong></span> <span class='ocrx_word' id='word_1_288' title='bbox 1810 3852 1866 3896; x_wconf 83' lang='lat' dir='ltr'><strong>et</strong></span> <span class='ocrx_word' id='word_1_289' title='bbox 1901 3860 1934 3894; x_wconf 86' lang='lat' dir='ltr'><strong>a</strong></span> <span class='ocrx_word' id='word_1_290' title='bbox 1965 3844 2093 3896; x_wconf 83' lang='lat' dir='ltr'><strong>sede</strong></span> <span class='ocrx_word' id='word_1_291' title='bbox 2128 3842 2500 3911; x_wconf 74' lang='lat' dir='ltr'><strong>magnitudinis</strong></span> 
     </span>
     <span class='ocr_line' id='line_1_53' title="bbox 1436 3921 2502 3986; baseline -0.001 -14"><span class='ocrx_word' id='word_1_292' title='bbox 1436 3929 1566 3986; x_wconf 77' lang='lat' dir='ltr'><strong>tuae,</strong></span> <span class='ocrx_word' id='word_1_293' title='bbox 1586 3930 1646 3972; x_wconf 91' lang='lat' dir='ltr'><strong>ut</strong></span> <span class='ocrx_word' id='word_1_294' title='bbox 1668 3937 1870 3972; x_wconf 89' lang='lat' dir='ltr'><strong>mecum</strong></span> <span class='ocrx_word' id='word_1_295' title='bbox 1893 3921 1962 3972; x_wconf 90' lang='lat' dir='ltr'><strong>sit</strong></span> <span class='ocrx_word' id='word_1_296' title='bbox 1983 3928 2039 3971; x_wconf 88' lang='lat' dir='ltr'><strong>et</strong></span> <span class='ocrx_word' id='word_1_297' title='bbox 2061 3936 2261 3971; x_wconf 89' lang='lat' dir='ltr'><strong>mecum</strong></span> <span class='ocrx_word' id='word_1_298' title='bbox 2279 3921 2502 3984; x_wconf 83' lang='lat' dir='ltr'><strong>laboret,</strong></span> 
     </span>
    </p>
   </div>
   <div class='ocr_carea' id='block_1_17' title="bbox 1361 3996 2497 4063">
    <p class='ocr_par' dir='ltr' id='par_1_17' title="bbox 1361 3996 2497 4063">
     <span class='ocr_line' id='line_1_54' title="bbox 1361 3996 2497 4063; baseline 0 -15"><span class='ocrx_word' id='word_1_299' title='bbox 1361 4018 1367 4025; x_wconf 93' lang='lat'><strong>·</strong></span> <span class='ocrx_word' id='word_1_300' title='bbox 1436 4009 1495 4050; x_wconf 91' lang='lat' dir='ltr'><strong>ut</strong></span> <span class='ocrx_word' id='word_1_301' title='bbox 1517 3999 1672 4049; x_wconf 89' lang='lat' dir='ltr'><strong>sciam</strong></span> <span class='ocrx_word' id='word_1_302' title='bbox 1697 3999 1820 4063; x_wconf 90' lang='lat' dir='ltr'><strong>quid</strong></span> <span class='ocrx_word' id='word_1_303' title='bbox 1861 4004 2139 4060; x_wconf 88' lang='lat' dir='ltr'><strong>acceptum</strong></span> <span class='ocrx_word' id='word_1_304' title='bbox 2175 3997 2245 4048; x_wconf 90' lang='lat' dir='ltr'><strong>sit</strong></span> <span class='ocrx_word' id='word_1_305' title='bbox 2267 3996 2405 4062; x_wconf 90' lang='lat' dir='ltr'><strong>apud</strong></span> <span class='ocrx_word' id='word_1_306' title='bbox 2424 4004 2497 4048; x_wconf 88' lang='lat' dir='ltr'><strong>te.</strong></span> 
     </span>
    </p>
   </div>
   <div class='ocr_carea' id='block_1_18' title="bbox 1436 4074 2498 4216">
    <p class='ocr_par' dir='ltr' id='par_1_18' title="bbox 1436 4074 2498 4216">
     <span class='ocr_line' id='line_1_55' title="bbox 1438 4074 2498 4137; baseline -0.004 -11"><span class='ocrx_word' id='word_1_307' title='bbox 1438 4111 1479 4126; x_wconf 88' lang='lat'><strong>..</strong></span> <span class='ocrx_word' id='word_1_308' title='bbox 1495 4075 1656 4128; x_wconf 75' lang='lat' dir='ltr'><strong>,Quis</strong></span> <span class='ocrx_word' id='word_1_309' title='bbox 1690 4075 1826 4124; x_wconf 89' lang='lat' dir='ltr'><strong>enim</strong></span> <span class='ocrx_word' id='word_1_310' title='bbox 1844 4074 2121 4123; x_wconf 75' lang='lat' dir='ltr'><strong>&#39;hominum</strong></span> <span class='ocrx_word' id='word_1_311' title='bbox 2146 4074 2345 4137; x_wconf 88' lang='lat' dir='ltr'><strong>poterit</strong></span> <span class='ocrx_word' id='word_1_312' title='bbox 2365 4074 2498 4123; x_wconf 74' lang='lat' dir='ltr'><strong>scire</strong></span> 
     </span>
     <span class='ocr_line' id='line_1_56' title="bbox 1436 4150 2496 4216; baseline -0.005 -14"><span class='ocrx_word' id='word_1_313' title='bbox 1436 4152 1709 4205; x_wconf 88' lang='lat' dir='ltr'><strong>consilium</strong></span> <span class='ocrx_word' id='word_1_314' title='bbox 1739 4151 1878 4200; x_wconf 82' lang='lat' dir='ltr'><strong>Dei?</strong></span> <span class='ocrx_word' id='word_1_315' title='bbox 1923 4157 2019 4199; x_wconf 89' lang='lat' dir='ltr'><strong>aut</strong></span> <span class='ocrx_word' id='word_1_316' title='bbox 2050 4150 2164 4216; x_wconf 87' lang='lat' dir='ltr'><strong>quis</strong></span> <span class='ocrx_word' id='word_1_317' title='bbox 2196 4151 2393 4214; x_wconf 85' lang='lat' dir='ltr'><strong>poterit</strong></span> <span class='ocrx_word' id='word_1_318' title='bbox 2411 4162 2496 4198; x_wconf 88' lang='lat' dir='ltr'><strong>co-</strong></span> 
     </span>
    </p>
   </div>
   <div class='ocr_carea' id='block_1_19' title="bbox 290 4225 2498 4299">
    <p class='ocr_par' dir='ltr' id='par_1_19' title="bbox 290 4225 2498 4299">
     <span class='ocr_line' id='line_1_57' title="bbox 290 4225 2498 4299; baseline -0.004 -18"><span class='ocrx_word' id='word_1_319' title='bbox 290 4231 449 4292; x_wconf 74' lang='lat' dir='ltr'><strong>jectae</strong></span> <span class='ocrx_word' id='word_1_320' title='bbox 500 4230 811 4299; x_wconf 79' lang='lat' dir='ltr'><strong>impediunt,</strong></span> <span class='ocrx_word' id='word_1_321' title='bbox 860 4229 1128 4295; x_wconf 87' lang='lat' dir='ltr'><strong>quominus</strong></span> <span class='ocrx_word' id='word_1_322' title='bbox 1183 4229 1359 4279; x_wconf 83' lang='lat' dir='ltr'><strong>sidera</strong></span> <span class='ocrx_word' id='word_1_323' title='bbox 1437 4229 1604 4292; x_wconf 85' lang='lat' dir='ltr'><strong>gitare</strong></span> <span class='ocrx_word' id='word_1_324' title='bbox 1626 4229 1750 4295; x_wconf 87' lang='lat' dir='ltr'><strong>quid</strong></span> <span class='ocrx_word' id='word_1_325' title='bbox 1788 4229 1916 4277; x_wconf 84' lang='lat' dir='ltr'><strong>velit</strong></span> <span class='ocrx_word' id='word_1_326' title='bbox 1940 4227 2120 4277; x_wconf 85' lang='lat' dir='ltr'><strong>Deus?</strong></span> <span class='ocrx_word' id='word_1_327' title='bbox 2153 4225 2498 4298; x_wconf 80' lang='lat' dir='ltr'><strong>cogitationes</strong></span> 
     </span>
    </p>
   </div>
   <div class='ocr_carea' id='block_1_20' title="bbox 423 4309 971 4374">
    <p class='ocr_par' dir='ltr' id='par_1_20' title="bbox 423 4309 971 4374">
     <span class='ocr_line' id='line_1_58' title="bbox 423 4309 971 4374; baseline -0.004 -14"><span class='ocrx_word' id='word_1_328' title='bbox 423 4310 602 4374; x_wconf 62' lang='lat' dir='ltr'><strong>velpa.</strong></span> <span class='ocrx_word' id='word_1_329' title='bbox 621 4315 671 4358; x_wconf 73' lang='lat' dir='ltr'><strong>et</strong></span> <span class='ocrx_word' id='word_1_330' title='bbox 701 4309 814 4360; x_wconf 81' lang='lat' dir='ltr'><strong>Var.</strong></span> <span class='ocrx_word' id='word_1_331' title='bbox 840 4312 971 4359; x_wconf 80' lang='lat' dir='ltr'><strong>Clas.</strong></span> 
     </span>
    </p>
   </div>
   <div class='ocr_carea' id='block_1_21' title="bbox 1311 4305 2367 4363">
    <p class='ocr_par' dir='ltr' id='par_1_21' title="bbox 1311 4305 2367 4363">
     <span class='ocr_line' id='line_1_59' title="bbox 1311 4305 2367 4363; baseline 0.005 -5"><span class='ocrx_word' id='word_1_332' title='bbox 1311 4309 1486 4358; x_wconf 48' lang='lat' dir='ltr'><strong>Rueck.</strong></span> <span class='ocrx_word' id='word_1_333' title='bbox 2314 4305 2367 4363; x_wconf 70' lang='lat' dir='ltr'>K</span> 
     </span>
    </p>
   </div>
  </div>
 </body>
</html>
