3049 4928
555 419 693 487 392
1249 435 1558 485 non‘rnn
1605 435 1705 486 nn
1751 435 2060 488 consor„

556 585 764 662 uiant,
789 580 957 648 nihil
988 588 1232 661 tamen,
1262 587 1339 647 ut
1364 582 1729 660 evenirent,
1766 584 1869 647 sui
1891 591 2144 668 ‚natura
2169 587 2602 653 necessitatis
2628 588 2737 654 ha-

555 687 821 753 buisse:
868 687 1051 770 quod
1079 686 1234 751 hinc
1262 686 1459 751 facile
1492 687 1870 772 perpendas
1899 688 2150 751 licebit.
2235 689 2442 755 Plura
2470 692 2735 770 etenim,

555 790 715 855 dum
743 789 930 869 fiunt,
962 789 1265 875 subjecta
1292 790 1506 854 oculis
1552 791 1919 855 intuemur:
1984 797 2059 854 ut
2107 809 2191 855 ea
2219 809 2372 876 quse
2420 794 2486 856 in
2532 795 2737 877 quad-

553 894 754 978 rigis‘
793 893 1220 959 moderandis
1267 901 1472 977 atque
1523 893 1874 958 flectendis
1903 894 2119 959 facere
2150 903 2545 979 spectantur
2573 898 2739 961 auri·

551 1017 692 1080 gae:
739 1003 943 1081 atque
974 997 1060 1063 ad
1089 998 1264 1063 hunc
1290 998 1562 1062 modum
1601 1005 1846 1062 cetera.
1936 999 2125 1063 Num
2151 1000 2352 1082 igitur
2380 1000 2737 1082 quicquam

551 1101 819 1165 illorum
849 1102 952 1166 ita
979 1100 1118 1167 fieri
1146 1102 1518 1168 necessitas
1550 1101 1695 1167 ulla
1725 1102 2114 1186 compellit?
2161 1102 2465 1167 Minime.
2543 1102 2738 1166 Frus-

551 1210 659 1268 tra
685 1204 856 1268 enirn
889 1209 1111 1270 esset⁵
1155 1208 1315 1271 artis
1345 1206 1650 1285 effectuS,
1682 1207 1743 1270 si
1773 1206 1999 1271 omnia
2030 1211 2267 1271 coacta
2292 1210 2734 1269 moverentur.

556 1305 732 1386 Quae
764 1308 979 1391 igitur,
1004 1328 1160 1373 cum
1185 1307 1379 1388 fiunt,
1404 1315 1628 1375 carent
1660 1310 2001 1374 existendi
2021 1310 2453 1385 necessitate,
2485 1308 2739 1385 eadem,

550 1411 744 1495 prius
803 1431 1006 1495 quam
1056 1413 1243 1491 fiant,
1306 1415 1452 1478 sine
1503 1416 1915 1479 necessitate
1979 1415 2198 1479 futura
2244 1419 2416 1479 sunt.
2514 1410 2737 1491 Quare

548 1521 700 1579 sunt
728 1517 1037 1599 quaedam
1065 1521 1385 1583 eventura
1412 1536 1692 1601 quorum
1726 1519 1955 1581 exitus
1987 1518 2073 1582 ab
2116 1517 2299 1581 omni
2337 1515 2738 1580 necessitate

550 1617 642 1682 sit
670 1620 1039 1688 absolutus.
1145 1621 1328 1686 Nam
1388 1620 1556 1685 illud
1614 1621 1880 1705 quidem
1937 1621 2194 1684 nullum
2254 1620 2539 1685 arbitror
2590 1636 2737 1683 esse

547 1720 904 1800 dicturum,
937 1724 1120 1808 quod
1148 1743 1305 1809 quae
1336 1744 1509 1790 nunc
1538 1722 1723 1801 fiunt,
1767 1725 1954 1809 prius
1983 1743 2188 1809 quam
2239 1722 2492 1799 fierent,
2542 1741 2736 1786 even-

547 1831 699 1889 tura
722 1844 860 1891 non
891 1827 1157 1891 fuerint.
1269 1827 1469 1893 Haec*
1509 1828 1712 1912 igitur
1768 1830 1972 1893 etiam
2026 1828 2438 1913 praecognita
2489 1827 2738 1890 liberos

546 1927 794 1994 habent
843 1936 1139 1995 eventus,
1234 1931 1416 1996 Nam
1472 1933 1651 1997 sicut
1709 1932 1986 1996 scicntia
2038 1931 2471 2016 praesentium
2489 1927 2518 1969 ⁶
2574 1928 2738 1993 nihil

545 2030 655 2094 his
679 2049 831 2114 quae
860 2033 1044 2111 fiunt,
1071 2033 1168 2098 ita
1194 2035 1622 2117 praescientia
1653 2034 2026 2098 futurorum
2067 2033 2237 2097 nihil
2261 2033 2367 2097 his
2397 2052 2552 2116 quae
2584 2051 2735 2097 ven-

545 2139 696 2198 tura
725 2142 899 2213 sunt,
931 2138 1364 2202 necessitatis
1403 2137 1773 2221 importat!
1860 2137 1997 2202 Sed
2024 2137 2181 2216 hoc,
2213 2136 2462 2221 inquiS,
2515 2135 2736 2218 ipsum

544 2236 904 2318 dubitatur,
960 2260 1043 2305 an
1092 2260 1321 2306 earum
1377 2261 1614 2320 rerum,
1664 2262 1822 2325 quae
1867 2242 2290 2305 necessarios
2338 2241 2569 2304 exitus
2609 2247 2734 2302 non

540 2339 804 2419 habent,
834 2342 969 2407 ulla
1020 2343 1239 2426 possit
1281 2364 1428 2410 esse
1456 2346 1808 2428 praenotio.
1905 2344 2269 2408 Dissonare
2292 2353 2315 2383 ⁶
2358 2344 2607 2407 etenim
2634 2341 2732 2406 vi·-

542 2442 813 2512 dentur:
856 2454 1218 2532 putasque,
1242 2447 1304 2513 si
1323 2447 1851 2532 prae-videantur,
1881 2446 2200 2530 consequi
2227 2445 2733 2524 necessitatem}

542 2547 605 2611 si
632 2553 995 2616 necessitas
1026 2550 1215 2629 desit,
1241 2552 1510 2616 minime
1541 2550 1852 2635 praesciri
1879 2571 1898 2631 ;
1938 2550 2233 2633 nihilque
2257 2549 2538 2615 scientia
2556 2567 2731 2613 com-

540 2651 864 2732 prehendi
893 2673 1100 2737 posse
1152 2655 1286 2718 nisi
1337 2659 1616 2720 certum.
1708 2652 1914 2733 Quod
1945 2654 2003 2717 si
2056 2672 2206 2736 qnae
2247 2652 2535 2717 incerti⁷
2578 2655 2732 2715 sunt

537 2754 782 2834 exituS,
810 2775 891 2821 ea
936 2756 1132 2841 quasi
1181 2763 1366 2822 certa
1418 2757 1867 2842 providentur,
1922 2756 2261 2840 opinionis
2311 2752 2617 2819 constat⁸
2660 2752 2728 2817 id

537 2873 691 2922 esse
740 2857 1143 2942 caliginems
1186 2879 1324 2924 non
1373 2861 1677 2926 scientiae
1708 2860 2087 2925 veritatem.
2179 2857 2403 2922 Aliter
2439 2857 2611 2921 enim
2644 2876 2723 2921 ac

474 2980 481 2987 ⁸
539 2978 695 3025 sese
725 2981 834 3026 res
869 2962 1164 3029 habeat⁹
1206 2964 1559 3040 arbitrari‚⁸
1600 2963 1688 3027 ab
1736 2963 2117 3046 integritate
2169 2960 2467 3026 scientiae
2516 2959 2726 3024 credis

434 3108 444 3118 .
489 3081 684 3157 ‘esse
712 3062 1068 3130 diversum.
1174 3062 1390 3150 Cujus
1444 3066 1682 3129 erroris
1739 3072 2032 3129 causa'-
2081 3068 2205 3143 est,
2266 3062 2452 3148 quod
2511 3062 2723 3128 omnia

539 3185 694 3249 quae
728 3167 1014 3252 quisque
1066 3169 1280 3246 novit,
1332 3188 1421 3234 ex
1463 3168 1759 3253 ipsorum
1810 3173 2071 3233 tantum
2121 3168 2193 3233 vi
2249 3174 2453 3250 atque
2499 3172 2727 3232 natura

533 3271 857 3351 cognosci
881 3272 1223 3337 existimat
1252 3292 1407 3357 quae
1439 3272 1787 3349 sciuntur:
1853 3271 2038 3358 quod
2077 3278 2292 3338 totum
2326 3276 2560 3336 contra
2605 3274 2717 3334 est.

526 3487 546 3513 ⁶
584 3480 832 3532 Curribus.
993 3480 1021 3515 ‘¹
1055 3483 1233 3545 Infert.
1394 3493 1414 3519 ⁰
1452 3485 1697 3547 Pugnare.
1842 3481 1877 3528 s
1904 3482 2290 3555 Obscum-itatem,
2421 3491 2451 3526 t
2480 3483 2712 3533 Juaimre.

1447 3630 1479 3650 θ

1689 3630 1808 3651 mO

525 3723 648 3773 enim
669 3739 765 3775 esse
786 3725 980 3789 Delph.
1005 3725 1278 3778 Hack.—e
1309 3727 1439 3777 Mes.
1476 3732 1532 3776 et
1570 3727 1687 3778 edd.
1724 3726 2025 3791 praedictae:
2060 3742 2103 3777 ε.
2137 3726 2447 3792 praesentium
2483 3741 2712 3776 rernm.—

515 3793 560 3839 ··1
595 3796 611 3819 ‘
633 3790 837 3840 Timan.
873 3792 1160 3841 secundus:
1193 3791 1360 3856 quibus
1387 3792 1590 3843 incerti:
1625 3804 1728 3843 non
1751 3792 1917 3843 rimie?
1961 3793 2235 3843 Vallia—8
2267 3793 2504 3858 Uterque
2526 3792 2709 3841 Thuan.

526 3855 660 3921 Reg.
681 3857 827 3908 Vict.
864 3856 1140 3923 secundus,
1169 3865 1226 3908 et
1262 3857 1384 3908 edd.
1416 3858 1612 3923 Delph.
1646 3864 1706 3908 et
1734 3858 1909 3909 Hack.
1951 3857 2199 3909 omittunt
2232 3871 2415 3907 vocem
2458 3861 2710 3907 constat.—

1510 3988 1563 4038 N
1568 3988 1733 4040 01*AE

585 4108 620 4134 ¹¹
642 4101 793 4164 Gaius
821 4103 999 4153 moris
1024 4102 1188 4168 eoum]
1231 4118 1310 4154 Π.
1341 4103 1580 4153 Philoso-
1660 4115 1989 4168 cognoscens,
2010 4108 2121 4152 tum
2153 4102 2372 4152 materia
2408 4115 2707 4169 cognoscen-

518 4179 641 4245 phia
672 4180 925 4242 ostendit,
962 4182 1200 4246 praedicti
1232 4179 1422 4232 erroris
1455 4194 1577 4230 cau·
1662 4179 1749 4242 da,
1782 4178 2019 4243 praedicti
2040 4177 2395 4228 Providentiae
2418 4179 2604 4230 divinae
2626 4178 2709 4228 ad·

519 4270 626 4307 sam
656 4258 708 4306 in
732 4273 794 4308 eo
827 4258 1040 4321 versari,
1061 4258 1196 4323 quod
1223 4272 1336 4308 cum
1361 4256 1427 4306 ad
1452 4269 1577 4320 cog·
1655 4255 1871 4306 versarii
1906 4255 2283 4320 praenotionem
2321 4255 2550 4305 divinam
2584 4253 2707 4304 acci·

521 4335 835 4388 noscendum
872 4335 1163 4391 necessaria
1199 4335 1269 4386 sit
1289 4348 1408 4385 cum
1430 4347 1576 4386 mem
1655 4332 1801 4402 piant
1855 4331 2136 4384 secundum
2193 4336 2432 4383 naturam
2484 4329 2701 4385 materia
