3049 4928
578 436 882 485 Bon'rffll
934 395 1030 484 1513
1077 432 1389 486 consol„

2381 407 2513 484 503

1435 431 1873 480 PHlLOSOPH.
1923 429 2079 494 1218,
2113 427 2226 475 111.

314 594 445 634 acu:
501 586 732 629 veterem
787 593 891 643 qua
939 579 1058 640 lege
1101 577 1380 628 tumultum
1447 575 1619 636 genda
1662 539 2038 638 formandaqne
2082 573 2220 632 fuit3
2272 571 2513 626 Animam

311 654 580 704 Discrevit
618 660 800 703 natura
836 665 1045 715 pareus,
1084 659 1137 700 et
1182 652 1380 700 semina
1447 652 1609 714 Deus,
1632 667 1733 718 qua
1748 652 1909 702 moles
1932 652 2019 704 illa
2036 651 2256 709 viveret,
2272 663 2373 712 qua
2393 645 2509 700 flui-

300 728 468 793 jnstis
487 729 792 778 Discessere
811 727 967 777 locis:
996 726 1236 790 quicquid
1259 725 1374 776 leve

310 803 485 855 fertur
505 805 562 854 in
584 805 773 854 altum:
812 803 872 852 In
891 802 1112 852 medium
1137 802 1375 865 graviora

312 880 539 931 cadunt:
576 880 843 931 incanduit
865 880 1056 931 aetber:
1085 877 1207 942 Egit
1228 876 1372 927 flam-

310 972 398 1008 ma
419 958 591 1021 polum
612 973 626 1006 ε
651 955 802 1007 fluxit
820 970 956 1006 mare
976 972 989 1004 ι
1017 963 1155 1006 terra
1176 970 1374 1020 pepen-

312 1031 424 1082 dit-⁹
456 1034 607 1083 Idem.

379 1110 451 1158 Tu
489 1108 696 1157 numeris
734 1110 962 1160 elementa
994 1107 1144 1171 ligas]
1200 1108 1374 1158 Verba

307 1184 424 1248 ipsa
476 1186 713 1235 Platonis
765 1186 818 1234 in
872 1186 1065 1236 Timaeo
1113 1185 1366 1235 videnda:

307 1278 530 1328 qnaeque
553 1269 807 1313 annotant
828 1262 894 1316 ad
918 1277 983 1313 ea
1006 1263 1203 1313 Mai-sil.
1237 1263 1369 1312 Fici-

306 1353 425 1401 nus,
473 1339 597 1389 Seb.
641 1340 852 1399 Fortius,
889 1347 945 1389 et
984 1338 1281 1394 Macrobius
1318 1340 1368 1388 iu

303 1416 485 1468 Somu.
510 1416 658 1478 Scip.
679 1416 772 1465 lib.
794 1430 832 1464 1.
857 1430 972 1479 cap.
998 1428 1075 1464 vi.
1115 1415 1286 1468 Vauin.

372 1493 448 1542 Tu
467 1493 675 1556 trifflicis
695 1492 917 1556 mium]
952 1493 1175 1544 Ventum
1200 1501 1281 1542 est
1299 1492 1366 1546 ad

304 1572 510 1632 partem
543 1567 776 1632 suscepti
798 1567 972 1631 operis
993 1566 1376 1628 difficillimam„

301 1644 361 1698 in
396 1659 499 1708 qua
530 1643 861 1708 explananda
892 1650 973 1694 tot
1005 1641 1195 1694 frustra
1215 1643 1372 1697 sudu

301 1727 429 1770 runt
450 1720 545 1769 viri
569 1719 774 1772 eruditi.
808 1718 1026 1768 Animus
1045 1733 1248 1784 quoque
1266 1725 1368 1782 est,

299 1796 442 1854 idem
467 1796 750 1859 periculum
783 1796 975 1856 subire,
1010 1802 1167 1859 atque
1190 1809 1220 1844 e
1245 1794 1365 1848 Pla·

303 1880 434 1928 tone
455 1874 530 1925 sic
554 1882 720 1923 totum
742 1873 909 1926 locum
932 1873 1211 1938 illustrare,
1238 1879 1295 1924 ut
1319 1872 1366 1924 si

302 1949 628 2014 satisfactum
651 1950 859 2000 minime
896 1950 966 1999 sit
1002 1948 1169 1998 doctis
1206 1948 1362 1998 omni·

300 2026 420 2086 bns,
442 2033 586 2078 certe
605 2026 896 2078 Platonicis
916 2026 978 2075 iri
998 2025 1269 2078 confidam.
1340 2073 1347 2079 .

366 2106 600 2155 Primum
635 2104 749 2155 baec
790 2118 903 2154 esse
947 2101 1263 2154 nobilissima
1306 2109 1363 2152 et

300 2181 551 2245 primaria
574 2181 971 2231 substantiarum
1008 2191 1200 2241 genera
1223 2177 1362 2241 apud

299 2257 603 2310 Platonicos
638 2255 917 2307 noandum
957 2261 1068 2304 est:
1105 2261 1164 2304 ut
1199 2255 1363 2318 primo

300 2333 373 2385 sit
392 2332 440 2382 τ’
462 2331 653 2395 ἀγαθὸν,
674 2331 733 2381 τὸ
751 2333 888 2394 θεῖον,
901 2331 957 2380 τὸ
976 2329 1141 2395 καλὸν,
1164 2330 1195 2389 ἦ
1214 2331 1362 2382 etum·

297 2408 456 2473 μανία,
474 2409 507 2470 ἦ
527 2409 688 2471 ceeia,
720 2411 735 2438 ‘
759 2409 924 2476 ipsum
950 2408 1155 2468 bonurn,
1180 2408 1361 2460 divini-

297 2496 403 2550 tas,
439 2488 728 2552 pulchrum,
752 2478 1040 2549 beatitudo,
1061 2486 1313 2550 sapientia
1329 2485 1363 2549 ς’

298 2565 528 2629 denique
551 2565 578 2612 ὁ
605 2563 750 2626 Θεὸς,
780 2564 889 2627 ipse
911 2565 1078 2625 Deus,
1111 2578 1202 2615 seu
1225 2577 1360 2615 sum·

297 2655 389 2693 ma
438 2647 671 2705 potestas
713 2653 775 2690 ac
824 2654 1023 2689 summa
1072 2638 1361 2691 divinitatis

297 2716 611 2780 substantia,
642 2716 868 2766 omnium
895 2724 1100 2780 potens,
1134 2717 1358 2769 omnium

295 2789 558 2853 effectrix,
591 2795 641 2842 in
664 2808 723 2844 se
746 2808 1074 2857 permanens,
1112 2793 1359 2858 ὑπερουρη-

297 2867 424 2935 vtes,
456 2885 614 2934 supra
650 2871 843 2921 entium
877 2869 1102 2921 omnium
1135 2876 1192 2921 et
1211 2878 1359 2921 natu·

296 2963 408 2999 ram
431 2956 485 2996 et
519 2955 749 3010 captum.
814 2946 1018 2997 Deinde
1054 2947 1178 3011 νοῦς,
1208 2947 1358 3011 ψυχὴ,

296 3027 435 3085 σῶμα
453 3023 486 3082 ἡ
509 3023 617 3085 ὕλη,
636 3027 651 3051 6
669 3038 832 3084 mens,
849 3023 1038 3084 anima,
1058 3037 1243 3086 corpus
1265 3039 1357 3073 seu

294 3101 518 3155 materia
535 3101 564 3147 ι’
589 3101 776 3166 quibus
799 3099 972 3151 mundi
991 3099 1199 3164 εὐταξίαν
1217 3101 1355 3152 illam

295 3179 650 3233 admirabilem
690 3179 937 3231 constitui
973 3181 1134 3229 voluit
1177 3182 1354 3233 Deus:

296 3270 417 3306 cum
439 3255 596 3305 vellet
618 3255 716 3305 boc
739 3255 978 3307 Universi
999 3271 1150 3320 opus,
1174 3257 1357 3320 νοητὸν,

296 3327 508 3395 ἔμψυχον
518 3328 597 3381 καὶ
609 3328 932 3393 σωματοειδὲς,
941 3333 957 3358 6
972 3333 1355 3399 intelligentiae,

295 3409 590 3471 aniinaeque
614 3409 892 3472 particeps,
920 3410 1355 3475 corporeumque'

294 3484 535 3537 efficere:
568 3483 705 3549 quod
741 3484 816 3533 sic
852 3486 1068 3548 exponit
1108 3486 1261 3537 Plato
1301 3488 1352 3537 in

291 3565 507 3617 'mma-o.
567 3563 696 3613 Cum
720 3562 826 3613 sola
844 3577 937 3613 sua
961 3563 1193 3615 bonitate
1212 3568 1356 3617 Deus

292 3640 543 3693 mundum
575 3639 746 3690 facere
778 3640 1065 3703 statuisset,
1104 3642 1168 3694 ad
1204 3657 1354 3693 suum

293 3726 348 3771 et
367 3716 518 3768 ἀΐδιον
535 3715 844 3781 παράδειγμα,
874 3719 890 3745 6
907 3724 1159 3769 aeternum
1179 3733 1354 3769 exem-

291 3793 450 3860 plat-,⁹
484 3801 541 3844 et
564 3794 761 3856 qualem
785 3794 987 3845 scilicet
1010 3802 1186 3845 mente
1208 3808 1353 3858 gere·

290 3871 410 3933 bat,
439 3871 539 3922 hoc
580 3877 683 3934 est,
723 3870 910 3923 bonum
957 3869 1353 3936 perfectumque

291 3958 346 4003 et
368 3951 385 3979 ‘
403 3949 672 4013 pulchrum
693 3949 1069 4012 pulcherrimus
1090 3951 1237 4015 ipse,’
1254 3950 1354 4003 for·

290 4026 474 4079 mavit.
541 4026 623 4074 Ex
657 4025 873 4075 materia
907 4033 1081 4077 autem
1101 4042 1348 4089 σωματοει.

291 4101 370 4155 δὶς
387 4101 472 4153 καὶ
489 4099 711 4160 αἰσθητὸν
740 4101 757 4129 6
772 4115 1073 4165 corporeum
1096 4118 1211 4154 esse
1232 4105 1352 4155 sub·

290 4195 393 4245 qne
411 4193 618 4229 sensum
634 4178 822 4231 cadere
838 4177 853 4200 '
877 4179 1058 4231 voluit.
1108 4182 1208 4233 Sed
1232 4181 1356 4246 quia

290 4255 512 4307 materia
534 4253 619 4307 iila
643 4254 783 4305 rudis
805 4261 859 4305 et
880 4253 1206 4319 figurationis
1229 4273 1351 4323 qua-

286 4334 440 4385 litate
473 4330 704 4391 viduata,
736 4327 946 4381 fluitans
980 4332 1226 4401 alioquin,
1258 4334 1352 4386 fin.

1446 736 1564 780 tans
1600 728 1892 788 sisteretur,
1925 741 2131 794 quaque
2150 724 2385 778 informis
2409 722 2510 772 sor-

1443 813 1694 867 maretur,
1738 803 2010 858 infundere
2049 803 2299 867 optimum
2338 800 2511 852 duxit.

1443 881 1583 933 Quia
1619 896 1772 943 porro
1811 888 1917 934 tum
1956 880 2183 934 animata
2220 879 2310 932 illa
2345 877 2508 932 moles

1443 958 1605 1010 errori
1634 958 1800 1012 adhuc
1825 956 2244 1022 corruptionique
2266 953 2510 1008 manebat

1443 1034 1672 1096 innoxia,
1708 1050 1874 1099 neque
1898 1043 2014 1092 erat
2035 1031 2347 1098 exemplaria
2365 1046 2505 1084 men·

1442 1110 1514 1158 tis
1531 1109 1723 1160 divinae
1742 1109 2138 1174 perfectissimae
2154 1111 2344 1173 imago,
2363 1108 2507 1173 quod

1440 1186 1678 1240 nimirum
1703 1194 1845 1238 esset
1863 1186 2074 1250 sunna,
2107 1186 2306 1237 addidit
2331 1185 2407 1236 illi
2427 1186 2507 1236 in·

1445 1262 1786 1325 telligentiam
1818 1263 1987 1327 Deus„
2023 1263 2370 1327 mundumque
2405 1263 2505 1316 hac

1443 1339 1644 1390 ratione
1670 1338 2105 1403 perfectissimum
2127 1339 2382 1392 absolvit:
2417 1340 2509 1403 qui

1441 1430 1505 1467 ea
1541 1415 1728 1481 anima,
1766 1417 1851 1472 eui
1884 1417 2120 1472 adheret
2142 1417 2504 1481 intelligentia,

1441 1489 1711 1556 praeditus,
1749 1494 2035 1546 subsistens
2067 1494 2179 1558 jam
2217 1493 2403 1546 mirum
2424 1506 2506 1542 or-

1439 1569 1614 1624 dinem
1631 1570 1964 1635 speciemque
1986 1575 2373 1634 assequeretur-2
2395 1570 2503 1622 wi·

1440 1660 1524 1698 nia
1548 1645 1683 1696 enim
1709 1653 2048 1710 praeterquam
2073 1644 2209 1709 quod
2232 1644 2503 1696 materiam

1439 1722 1582 1774 illam
1603 1737 1691 1773 seu
1715 1736 1903 1786 corpus
1940 1727 2187 1792 tanquam
2224 1718 2391 1772 forma
2426 1718 2502 1772 in·

1437 1796 1655 1859 format,
1671 1798 1829 1852 etiam
1846 1795 2101 1850 vinculum
2124 1804 2206 1852 est
2226 1810 2333 1861 quo
2354 1797 2503 1850 ‘een-

1441 1875 1700 1926 uectitur’
1732 1874 2108 1939 intelligentia3
2143 1887 2260 1937 quie
2299 1871 2500 1936 absque

1438 1951 1610 2004 media
1640 1951 1723 2002 illa
1747 1958 1936 2004 natura
1968 1965 2083 2006 eum
2125 1962 2347 2012 corpore
2378 1962 2500 2001 eou-

1425 2027 1580 2092 jungi
1601 2041 1702 2078 non
1728 2033 1961 2089 poterat=
1976 2024 2283 2089 Jamdudum
2304 2023 2501 2078 Proclu

1436 2111 1682 2154 censente
1703 2118 1821 2154 cum
1844 2103 2068 2156 Platone
2090 2102 2197 2156 νοῦν
2217 2100 2329 2154 ἄνευ
2345 2099 2501 2165 ψυχῆς

1435 2179 1664 2234 ἀδύνατον
1700 2178 2039 2247 παραγενέσθαι
2089 2182 2176 2245 τῷ,
2229 2179 2245 2206 ‘
2267 2187 2499 2232 mentem

1437 2258 1594 2310 alicui
1618 2258 1729 2310 sine
1752 2259 1922 2310 anima
1941 2257 2124 2310 adesse
2143 2254 2498 2321 impossibile-⁹

1435 2332 1468 2397 ἡ
1486 2334 1580 2402 γὰρ
1601 2332 1845 2399 ἀμέριστος
1865 2334 2000 2386 οὐσία
2019 2335 2106 2385 τοῦ
2141 2335 2238 2392 νοῦ,
2276 2331 2500 2386 talamos

1435 2409 1615 2475 ὀμέσωε
1636 2410 1977 2464 συντάττεσθαι
1995 2413 2064 2475 τῷ·
2083 2412 2386 2474 σωματοειδεῖ
2399 2413 2498 2464 πῶς

1435 2489 1493 2543 ἂν
1513 2489 1725 2552 Buram-⁰5
1745 2491 1761 2518 6
1781 2489 2056 2543 Individua
2072 2489 2209 2541 enim
2227 2495 2287 2541 et
2301 2493 2498 2541 &terna

1434 2568 1635 2621 Mentis
1676 2568 1897 2618 essentia
1943 2565 2196 2631 quomodo
2247 2579 2364 2617 cum
2411 2577 2495 2626 eo,

1433 2644 1572 2708 quod
1602 2643 1834 2708 corporis
1852 2641 2070 2699 formam
2105 2642 2281 2703 habet,
2316 2640 2496 2695 imme-

1434 2720 1577 2769 diate
1620 2719 1858 2785 componi
1901 2719 2067 2783 possit
2081 2717 2117 2767 ?'
2162 2717 2297 2771 Haec
2338 2717 2496 2779 igitur

1432 2805 1516 2849 est
1534 2796 1737 2847 Animae
1761 2795 1947 2850 Mundi
1965 2802 2155 2848 natura
2169 2802 2227 2847 et
2243 2793 2496 2857 dignitas:
2602 2790 2603 2793 ’

1433 2886 1535 2937 qua
1557 2871 1760 2923 scilicet
1789 2871 1956 2923 utitur
1994 2872 2157 2933 Deus,
2188 2884 2293 2923 non
2326 2870 2495 2921 solum

1432 2955 1675 3014 tauquam
1709 2947 1894 3015 spiritu
1929 2946 1996 3001 ad
2018 2947 2180 3000 vitam
2204 2945 2496 2999 viventibus

1434 3024 1780 3087 tribuendam,
1816 3023 1907 3075 sed
1929 3024 2086 3075 etiam
2108 3029 2352 3086 tauquam
2375 3021 2491 3077 sub-

1432 3103 1646 3166 stantia,
1681 3117 1796 3167 quae
1836 3100 2101 3166 particeps
2135 3096 2494 3159 intelligentias

1434 3179 1788 3240 imitatrixque
1810 3175 1998 3228 divinae
2019 3175 2209 3229 mentis
2231 3180 2285 3223 et
2312 3172 2397 3223 τοῦ
2417 3170 2491 3220 ὄιο-

1428 3273 1511 3305 τος
1533 3254 1624 3316 ἀεὶ,
1657 3255 1673 3282 6
1692 3254 1804 3317 ejus
1819 3252 1956 3318 quod
1986 3265 2190 3315 semper
2215 3248 2327 3313 est,’
2358 3248 2492 3301 eoelu

1429 3333 1577 3399 ignes
1593 3329 1850 3393 accendit,
1869 3328 1994 3378 aera
2011 3343 2074 3379 ac
2094 3334 2233 3383 mare
2256 3329 2372 3377 luce
2397 3340 2492 3379 aes·

1430 3424 1592 3475 tuque
1639 3411 1806 3474 replet
1849 3416 2008 3473 atque
2052 3406 2268 3467 attollit,
2321 3412 2491 3461 terra·

1429 3486 1731 3537 animalibus
1752 3485 2051 3549 plantisque
2070 3481 2356 3544 foecundat,
2397 3480 2495 3535 tel-

1428 3567 1591 3615 lurem
1615 3563 1837 3629 denique
1866 3564 2068 3615 alterna
2100 3561 2154 3611 in
2188 3574 2356 3615 aevum
2380 3559 2494 3613 vice

1428 3656 1564 3693 nnnc
1615 3641 1829 3705 pruinis,
1882 3655 2016 3690 nunc
2057 3637 2270 3689 floribus
2313 3635 2492 3695 vestit,

1428 3719 1553 3769 nihil
1574 3719 1820 3768 videlicet
1838 3732 1868 3766 a
1889 3717 2137 3781 primaevo
2155 3713 2490 3780 permanendi

1426 3797 1707 3849 etiamnum
1751 3803 1933 3849 tenore
1976 3792 2266 3866 discedens.
2348 3790 2489 3847 Hinc

1427 3882 1509 3925 est
1524 3873 1663 3938 quod
1683 3871 1819 3936 apud
1839 3870 2116 3936 Apuleium
2137 3870 2248 3933 [lib.
2264 3868 2330 3921 de
2349 3868 2490 3923 Plat.

1425 3959 1594 4001 natur.
1636 3948 1788 4013 phil-J
1826 3951 1842 3977 6
1866 3948 2006 4002 illam
2049 3948 2322 3999 Caelestem
2362 3943 2490 4001 Ani·

1424 4042 1580 4088 mam,
1600 4024 1797 4079 fontem
1820 4024 2102 4077 animarum
2125 4023 2371 4085 omnium,
2393 4037 2486 4086 op-

1429 4105 1606 4155 timam
1645 4110 1700 4153 et
1740 4100 2196 4166 sapientissimam,
2239 4101 2486 4152 virtutem

1418 4195 1539 4230 esse
1560 4179 1882 4243 genitricem,
1915 4177 2208 4233 subservire
2227 4177 2388 4231 etiam
2411 4175 2486 4226 fa·

1424 4260 1672 4317 bricatori
1700 4260 1832 4321 Deo,
1861 4265 1917 4308 et
1940 4263 2130 4322 praesto
2151 4272 2266 4307 esse
2290 4255 2354 4307 ad
2378 4269 2485 4307 om·

1425 4338 1509 4393 nia
1530 4338 1743 4391 iuventa
1765 4334 1878 4399 ejus
1893 4334 1908 4356 ’
1935 4335 2090 4385 Plato
2113 4332 2130 4360 ‘
2146 4329 2485 4398 pronuntiat!
