3049 4928
1171 444 1477 492 Bon'rnn
1529 443 1626 492 DE
1675 442 1983 493 coNsoL.

1287 723 1604 789 PnosA
1648 683 1859 791 vm.

563 871 717 939 SED
749 894 833 939 ne
872 895 983 940 me
1008 876 1474 942 inexorabiles
1511 882 1741 943 contra
1768 878 2099 944 fortunam
2132 896 2353 960 gerere
2381 876 2631 940 bellurn
2652 868 2675 907 f

476 980 696 1060 puteS,
722 983 825 1042 est
852 978 1213 1062 aliquando
1238 999 1387 1045 cum
1415 979 1497 1043 de
1518 980 1901 1045 hominibus
1932 981 2048 1045 illa
2076 980 2290 1044 fallax
2312 988 2363 1029 ¹⁷
2406 999 2540 1043 non
2571 976 2671 1039 ni-

475 1077 571 1143 hil
601 1080 769 1143 bene
797 1086 1125 1146 mereatur
1148 1102 1164 1162 3
1185 1089 1212 1127 ὅ
1253 1088 1394 1145 tum
1443 1082 1710 1148 scilicet
1757 1101 1909 1147 cum
1938 1102 2012 1146 se
2045 1084 2279 1166 aperit,
2310 1101 2457 1147 cum
2489 1079 2668 1144 fron-

476 1188 614 1245 tem
644 1181 907 1265 detegit,
937 1202 1293 1267 moresque
1324 1183 1692 1267 profitetur.
1782 1183 2103 1249 Nondum
2150 1186 2319 1250 forte
2363 1181 2523 1267 quid
2569 1181 2673 1245 lo-

479 1303 667 1366 quar,
715 1284 1052 1369 intelligis
1165 1286 1414 1350 Mirum
1459 1291 1564 1351 est
1615 1287 1802 1370 quod
1850 1286 2073 1351 dicere
2126 1289 2363 1369 gestie,
2413 1295 2676 1367 eoquee

479 1387 878 1452 sententiam
904 1389 1128 1455 verbis
1159 1390 1502 1473 explicare
1533 1390 1653 1457 vix
1682 1411 1873 1475 queo.
1965 1391 2233 1455 Etenim
2265 1390 2422 1473 plus
2465 1387 2676 1452 homi-

474 1489 673 1553 nibus
719 1509 867 1555 reor
894 1492 920 1528 ¹⁶
982 1492 1343 1557 adversam
1390 1511 1597 1577 quam
1645 1513 2049 1577 prosperam
2096 1492 2419 1577 prodesse
2468 1489 2678 1554 fortu-

475 1590 681 1658 nam.¹¹
770 1595 937 1661 Illa⁶
980 1598 1161 1662 enim
1207 1617 1473 1682 semper
1521 1600 1751 1682 specie
1798 1594 2191 1677 felicitatiS,i
2234 1616 2387 1661 cum
2415 1595 2680 1660 videtur

474 1696 749 1788 blanda,
797 1701 1146 1766 mentitur:
1194 1700 1385 1766 haec*
1427 1711 1694 1785 semper
1737 1721 1894 1765 vera
1919 1697 1943 1735 ¹¹
1980 1701 2108 1778 est,
2152 1719 2307 1764 cum
2353 1718 2428 1762 se
2471 1699 2678 1764 insta-

477 1799 685 1864 bilem
721 1802 1090 1867 mutatione
1138 1803 1569 1868 demonstrat.
1661 1802 1825 1868 Illa¹
1864 1803 2077 1882 fallit3
2123 1802 2330 1867 haecm
2371 1800 2675 1866 instruit:

475 1901 642 1967 illa’·
697 1903 1118 1969 mendacium
1167 1906 1402 1988 specie
1423 1903 1472 1942 ¹⁸
1518 1906 1845 1970 bonorum
1897 1912 2152 1971 mentes
2197 1905 2554 1969 fruentium
2597 1902 2684 1965 lia

475 2012 630 2086 gat3
673 2004 860 2069 haec⁰
905 2005 1285 2087 cognitione
1337 2006 1595 2090 fragilis
1642 2006 1987 2072 felicitatis
2036 2008 2349 2072 absolvit.
2440 2005 2681 2089 Itaque

473 2105 706 2170 illam?
747 2105 981 2170 videas
1008 2111 1378 2186 ventosam,
1407 2108 1743 2187 fluentem,
1775 2111 2015 2194 suique
2042 2129 2308 2193 semper
2342 2110 2679 2191 ignaram:

474 2208 690 2274 hanc⁹
736 2208 1052 2291 sobriam,
1085 2212 1656 2298 succinctamque,
1682 2219 1750 2279 et
1778 2213 1997 2297 ipsius
2029 2213 2457 2284 adversitatis
2488 2230 2681 2284 exer-

532 2428 566 2473 s
590 2429 906 2494 Implacabile.
1033 2442 1062 2477 ἔ
1093 2434 1309 2505 Ideoque.
1438 2434 1464 2469 '⁸
1500 2437 1647 2487 Puto.
1776 2435 1793 2470 ⁶
1827 2438 2293 2502 Prosperofortuna.
2408 2436 2433 2470 ’ὃ
2464 2434 2682 2493 Adverm

465 2494 683 2554 fortuna.
804 2544 807 2547 .
878 2498 895 2533 ²
926 2498 1182 2563 Prospero.
1377 2509 1416 2535 ”⁸
1447 2502 1681 2553 Adversa.
1878 2512 1906 2536 '⁸
1942 2505 2197 2568 Prospera.
2395 2510 2417 2534 ⁰
2448 2501 2681 2552 Adversas

470 2567 501 2600 P
532 2560 834 2624 Pro-speram.
995 2573 1019 2607 ⁹
1051 2566 1334 2616 Adversum.

1397 2663 1757 2685 COOOOOOOOOOO

541 2743 601 2789 17
635 2741 812 2792 Fallax
848 2743 934 2792 illa
969 2743 1166 2809 Delph-
1200 2743 1508 2797 Hack.—-18
1559 2749 1666 2798 Ms.
1709 2747 1964 2797 Rittersh.
2009 2746 2106 2797 Illa
2150 2748 2353 2796 mendax
2381 2744 2682 2810 specim—19

1468 2873 1683 2925 NOTAE

540 2978 563 3011 f
590 2981 768 3032 Gerere
821 2982 1014 3048 bellum]
1065 2982 1428 3035 Declamando
1481 2984 1537 3035 in

473 3056 750 3110 fortunam.

537 3143 563 3177 8
595 3135 728 3187 Bene
748 3136 1008 3200 mereatur]
1041 3137 1237 3187 Meteri
1256 3135 1401 3186 estid
1416 3152 1538 3201 age·

471 3226 550 3276 re,
571 3221 791 3278 propter
813 3213 950 3278 quod
974 3214 1238 3278 praemium
1262 3220 1354 3263 aut
1382 3228 1538 3278 poena

473 3288 692 3352 rependi
736 3290 925 3339 debet:
967 3290 1084 3340 hinc
1130 3290 1274 3340 cibus
1319 3290 1537 3354 prandio

473 3365 752 3429 posterior,
790 3380 937 3415 coena
974 3374 1149 3416 antem
1195 3366 1358 3431 prior,
1398 3365 1539 3432 quod

471 3443 558 3492 hic
590 3442 846 3492 debeatur
883 3445 1319 3495 mercenariorum
1348 3444 1539 3494 labori-

475 3519 590 3582 bus,
610 3518 856 3571 merenda
877 3520 1206 3584 appellatur:
1239 3521 1361 3571 hinc
1379 3520 1539 3572 etiam

475 3596 562 3659 qui
597 3601 813 3658 propter
835 3595 1031 3647 crimen
1061 3595 1270 3660 aliquod
1303 3597 1540 3659 punitur,

474 3685 651 3735 poenas
695 3671 887 3720 dicitur
926 3670 1070 3735 dare,
1113 3672 1261 3736 quasi
1305 3671 1540 3722 debitum

475 3748 717 3798 reddens.
781 3747 868 3798 Sic
892 3747 1004 3798 Cic.
1030 3763 1118 3799 ιιι.
1143 3748 1208 3797 de
1232 3750 1358 3813 Leg.
1381 3749 1399 3781 ‘
1424 3763 1542 3814 pere

476 3824 708 3895 niciose,’
728 3823 912 3889 inquit,
931 3823 947 3852 ‘
965 3830 1234 3875 merentur
1249 3826 1313 3875 de
1330 3825 1539 3889 Repub-

474 3901 579 3951 lica
600 3900 771 3950 vitiosi
795 3899 1094 3964 principes!

538 3973 564 4008 ἲ·
600 3977 716 4025 Plus
730 3975 993 4026 hominibus
1017 3991 1125 4026 reor
1137 3978 1383 4026 adversam
1406 3991 1546 4040 quam

473 4067 749 4117 prosperam
773 4054 992 4116 prodesse
1019 4052 1294 4117 fortunam]
1348 4054 1545 4117 Homo,

477 4136 538 4180 ut
582 4129 771 4194 saepius
826 4129 1024 4180 dictum
1067 4137 1170 4192 est,
1214 4135 1423 4180 constat
1476 4144 1544 4178 ex

478 4213 653 4258 mente
696 4214 754 4256 et
792 4220 1031 4270 corpore,
1060 4219 1276 4270 quorum
1314 4205 1406 4257 illa
1443 4204 1543 4255 hoc

485 4286 637 4350 longe
660 4283 879 4342 nobilior
898 4289 1014 4334 est:
1047 4296 1208 4358 quare
1231 4281 1372 4346 quod
1392 4281 1554 4332 menti

1619 2985 1851 3049 prodest,
1871 2986 1997 3036 illud
2022 2990 2238 3051 praestat
2258 2985 2431 3046 alteri,
2452 2982 2588 3051 quod
2614 2984 2686 3033 al-

1620 3069 1788 3113 terum
1822 3064 1867 3113 si
1888 3064 2051 3114 menti
2072 3079 2176 3114 non
2208 3070 2411 3126 noceat,
2431 3062 2529 3111 soli
2553 3060 2680 3110 dun·

1619 3145 1770 3189 taxat
1819 3140 2023 3204 corpori
2071 3139 2305 3204 prodest.
2373 3136 2533 3202 Atqui
2577 3134 2683 3185 for-

1623 3221 1749 3265 tuna
1787 3214 2003 3266 adversa
2048 3214 2212 3264 menti
2259 3214 2502 3278 prodest3
2539 3226 2687 3275 pros·

1622 3304 1751 3355 pera
1774 3306 1918 3353 vero,
1938 3292 1981 3340 si
2013 3292 2175 3341 menti
2210 3305 2313 3340 non
2347 3297 2553 3352 noceat,
2584 3288 2687 3353 ipsi

1621 3372 1822 3417 tantum
1846 3367 2052 3430 corpori
2086 3366 2337 3430 prodestx
2373 3365 2509 3431 quod
2543 3364 2688 3414 dein·

1621 3458 1746 3507 ceps
1766 3442 2105 3506 probandum.

1683 3517 1699 3551 ¹
1729 3520 1827 3570 lua
1854 3519 1979 3568 enim
2010 3533 2189 3582 semper
2226 3517 2379 3582 specie
2402 3515 2687 3586 felicitatis]

1620 3596 1889 3659 Prospera
1926 3595 2063 3644 enim
2103 3594 2315 3644 fortuna
2345 3595 2553 3648 notione
2593 3592 2686 3642 ob·

1622 3684 1776 3720 scura
1798 3667 2137 3734 confusaque,
2154 3684 2256 3734 qua
2278 3675 2505 3726 mentem
2528 3667 2689 3716 infor·

1622 3753 1760 3815 inat,
1798 3745 2014 3805 eandem
2058 3752 2285 3794 mentem
2326 3744 2544 3806 inducit,
2582 3742 2686 3808 pri-

1622 3839 1761 3874 mum
1779 3824 1988 3889 quidem
2013 3823 2079 3873 ad
2102 3837 2348 3885 errorem,
2363 3837 2463 3888 quo
2479 3822 2690 3887 judicet

1625 3899 1760 3950 bona
1798 3899 1997 3950 caduca
2039 3900 2222 3949 summi
2267 3899 2387 3948 boni
2432 3899 2686 3948 rationem

1624 3977 1834 4040 habere,
1857 3977 2046 4026 deinde
2065 3977 2130 4026 ad
2155 3977 2357 4037 vitium,
2377 3990 2479 4040 quo
2502 3975 2686 4024 eadem

1624 4070 1790 4118 mens,
1834 4060 2097 4104 contemto
2138 4053 2275 4116 Deo,
2312 4052 2495 4102 iisdem
2539 4051 2685 4101 bonis

1625 4131 1780 4181 unice
1802 4129 2081 4180 adhaereat.

1690 4204 1715 4239 k
1748 4206 1873 4255 Hoee
1893 4220 2072 4270 semper
2089 4203 2226 4267 vera]
2259 4202 2498 4255 Adversa
2517 4213 2687 4255 autem

1633 4281 1841 4334 fortuna
1878 4282 2109 4346 notione,
2151 4296 2304 4347 quam
2342 4288 2434 4333 aut
2476 4281 2693 4344 invenit,
