3049 4928
472 434 560 499 40
1108 448 1575 499 'rusvmoum
1628 450 2025 502 vAmonuM

474 611 602 657 sua
630 592 1045 658 clarissimus
1094 593 1263 657 libro
1295 595 1580 676 septimo
1615 593 2094 677 Epistularum,
2141 594 2456 679 Epistola
2484 596 2669 663 deci-

474 713 585 759 ma
633 695 822 760 tertia
870 694 1181 774 Boethio,
1242 700 1261 730 ‘
1290 695 1440 772 Tu,’
1493 697 1731 781 inquit,
1789 702 1810 731 ‘
1836 699 1902 761 in
1956 717 2082 777 me,
2129 698 2671 765 emendatissime

474 798 840 878 hominum,
899 799 1192 882 dignaris
1276 799 1644 884 praedicare
1721 801 2025 878 virtutes,
2096 821 2292 886 quem
2348 802 2416 865 in
2474 804 2669 867 annis

474 902 871 984 puerilibuS,
898 903 1042 967 sine
1068 902 1293 968 aetatis
1319 902 1736 987 praejudicio,
1756 903 2087 968 industria
2106 903 2271 969 fecit
2293 904 2667 988 antiquum:

475 1003 589 1087 qui
619 1022 742 1087 per
786 1003 1202 1087 diligentiam
1242 1005 1487 1087 imples
1536 1012 1733 1070 o'mne
1785 1006 1963 1088 quod
2011 1008 2310 1089 cogitur3
2356 1008 2467 1072 cui
2496 1008 2670 1074 inter

472 1105 636 1171 vitae
667 1106 949 1172 exordia
979 1107 1183 1172 ludus
1209 1114 1315 1171 est
1360 1107 1681 1173 lectionis
1731 1109 2124 1187 assiduitas,
2158 1116 2225 1175 et
2264 1109 2528 1174 deliciae
2558 1129 2668 1176 su·
2763 1192 2774 1203 „

474 1207 598 1273 dor
628 1209 909 1275 alienuS.
999 1210 1083 1276 In
1116 1210 1309 1295 cujus
1337 1212 1652 1276 manibus
1684 1212 2032 1295 duplicato
2064 1212 2216 1294 igne
2248 1212 2500 1291 rutilat,
2532 1230 2668 1295 qua

471 1310 761 1377 Veteres
818 1311 970 1377 face
1020 1312 1386 1383 fulserunt:
1460 1332 1614 1378 nam
1660 1313 1842 1397 quod
1893 1315 2013 1380 vix
2067 1314 2441 1401 majoribus
2487 1315 2668 1380 circa

471 1416 963 1480 extremitatem
989 1418 1145 1481 vitae
1173 1418 1474 1500 contigit,
1499 1418 1632 1482 hoc
1664 1418 1786 1482 tibi
1818 1418 2115 1485 abundat
2144 1417 2214 1481 in
2241 1415 2533 1482 lumine!

557 1517 875 1600 Ejusdem
906 1519 1258 1605 Episcopi,
1306 1520 1480 1585 libro
1523 1525 1768 1586 octavo
1822 1520 2302 1604 Epistolarum,
2348 1518 2667 1603 Epistola

466 1620 690 1704 prima
743 1622 961 1687 eidem
1010 1622 1302 1689 Boethio
1353 1622 1633 1690 Consuli
1680 1624 1888 1701 facto,
1933 1629 1954 1658 ‘
1977 1622 2270 1708 Optimae
2320 1624 2466 1706 spei
2519 1622 2663 1707 ple·

469 1723 646 1802 nus,'
675 1724 916 1808 inquit,
947 1729 968 1758 ‘
991 1726 1100 1790 cui
1131 1725 1387 1791 fautum
1414 1729 1642 1811 cupio,
1671 1728 1759 1792 ad
1788 1746 2016 1792 curam
2047 1725 2246 1791 officii
2274 1725 2659 1810 epistolaris

467 1828 718 1909 aspiro.
805 1827 1027 1892 Decet
1076 1829 1257 1891 enim
1299 1830 1541 1894 vestris
1571 1829 1868 1895 fascibus
1898 1829 2029 1894 hac
2059 1828 2467 1895 Praefatione
2497 1827 2663 1894 deli-

466 1929 652 2010 bari;
697 1938 766 1997 et
793 1931 963 1995 inter
990 1949 1323 2015 purpuras
1359 1932 1782 2015 possessoris
1825 1931 1984 1997 luce
2026 1936 2422 2008 crescentes,
2445 1931 2664 2013 quali-

467 2050 754 2114 cumque
798 2053 928 2097 non
975 2034 1304 2097 abstinere
1331 2034 1696 2117 colloquio.
1789 2033 2140 2118 Numquid
2169 2031 2378 2096 solius
2408 2033 2660 2100 doctri-

464 2153 573 2201 nae
630 2134 981 2199 beneficiis
1042 2155 1230 2200 amor
1274 2137 1681 2218 agnoscitur,
1725 2155 1850 2200 nec
1903 2134 2010 2200 fas
2054 2154 2204 2199 esse
2252 2134 2659 2200 credendum

463 2240 594 2314 est,
634 2238 904 2320 prodire
942 2239 1009 2301 in
1059 2238 1355 2303 medium
1383 2239 1740 2304 ‘desideria
1781 2238 2219 2304 rusticantis?
2264 2238 2660 2322 Simplicius

462 2340 891 2407 innotescunt
916 2347 1084 2406 vota
1111 2342 1297 2406 nullo
1326 2342 1581 2426 peritiae
1611 2341 1831 2407 velata
1869 2340 2235 2425 praestigio.
2324 2339 2501 2422 Ergo
2537 2360 2662 2406 nos

460 2440 592 2507 hoc
622 2460 855 2509 sumus
902 2452 1040 2524 ore,
1070 2445 1248 2529 quod
1278 2449 1571 2530 pectore.
1662 2443 1821 2510 Non
1865 2461 2094 2509 amara
2134 2442 2659 2526 praecordiorum

462 2541 831 2612 delenificis
862 2566 1222 2631 possumus
1252 2554 1512 2612 mutare
1540 2547 1980 2612 sermonibus·
2057 2545 2334 2611 Pudens
2356 2545 2659 2611 laudator

461 2657 592 2730 est,
611 2653 719 2721 cui
747 2653 814 2717 in
842 2654 1352 2718 concinnatione
1375 2654 1809 2717 blandimenti
1832 2651 2120 2717 dicenda
2137 2669 2326 2715 mens
2350 2652 2655 2733 suggerit.

464 2753 616 2818 Deo
669 2774 823 2835 ergo
864 2756 1305 2839 omnipotenti
1364 2756 1642 2839 gratiaS,
1675 2756 1794 2839 qui
1842 2756 1915 2819 in
1959 2754 2179 2831 vobiS,
2226 2753 2384 2818 dum
2427 2760 2659 2818 vetera

459 2854 735 2923 familiae
781 2864 1023 2925 vestrae
1067 2860 1250 2926 bona
1289 2859 1606 2936 custodit,
1653 2878 1837 2924 nova
1878 2857 2315 2940 multiplicat;
2360 2862 2430 2920 et
2472 2855 2657 2940 quod

456 2958 614 3043 plus
663 2969 771 3027 est
826 2963 1022 3046 apice
1077 2962 1445 3046 dignitatiS,
1504 2961 1741 3045 dignos
1800 2961 1965 3025 facit
2017 2978 2170 3024 esse
2221 2957 2656 3023 culminibus.

424 3061 797 3152 ,Redditur
822 3065 1096 3148 quidem
1138 3074 1379 3128 vestrae
1423 3063 1634 3145 gloria
1694 3063 1830 3127 ista
1869 3060 2127 3145 origini,
2173 3061 2292 3126 sed
2340 3059 2522 3145 quod
2552 3068 2658 3125 est

457 3163 727 3244 clariuS,
786 3167 1027 3233 merito
1084 3168 1482 3252 impetante
1541 3185 1873 3250 personae.
1993 3163 2227 3228 Fuerit
2277 3163 2344 3228 in
2402 3181 2655 3229 morem

456 3264 833 3347 VeteribuS,
863 3269 1190 3334 curulium
1219 3268 1685 3334 celsitudinem
1729 3266 1953 3352 campi
1984 3265 2230 3332 sudore
2256 3264 2559 3356 mercari,
2587 3270 2657 3330 et

458 3374 795 3436 contemtu
863 3371 1040 3436 lucis
1099 3372 1428 3436 honorum
1474 3372 1625 3438 luce
1678 3371 1969 3454 fulgere3
1999 3431 2002 3434 .
2036 3369 2154 3435 sed
2206 3369 2394 3434 aliud
2440 3385 2656 3451 genus.

456 3472 716 3537 virtutis
767 3472 1104 3558 quaeritur,
1174 3479 1535 3557 postquam
1596 3473 1947 3558 praemium
2003 3471 2185 3536 facta
2239 3478 2346 3536 est
2423 3470 2653 3536 Roma

454 3574 809 3639 victorum.
900 3572 1159 3641 Noster
1187 3574 1588 3641 candidatus
1617 3581 1769 3659 post
1808 3574 2227 3658 manifestam
2253 3573 2654 3638 decertatio-

451 3697 630 3756 nem,
689 3676 986 3741 debitum
1038 3677 1467 3761 triumphurn,
1528 3678 1683 3742 dum
1742 3697 2081 3761 nunquam
2148 3677 2391 3741 viderit
2439 3674 2648 3754 bella,

453 3780 748 3844 sortitur.
833 3779 879 3844 J
885 3778 1114 3844 udicio
1144 3765 1354 3862 exigit
1380 3781 1668 3859 laureaS,
1697 3783 1766 3844 et
1793 3778 2115 3862 congredi
2143 3797 2280 3842 non
2328 3797 2646 3843 necessa-

451 3884 620 3947 rium
647 3883 844 3947 duxit
873 3881 1169 3948 armatis.
1213 3881 1397 3947 Inter
1427 3881 1771 3946 Ciceronis
1792 3881 2055 3964 gladios
2085 3887 2150 3945 et
2179 3880 2648 3945 Demosthenis

452 3985 716 4063 enituit,
747 3992 818 4052 et
835 3985 1180 4068 utriusque
1212 3983 1543 4069 propositi
1574 3985 1909 4063 acumina,
1940 3983 2137 4068 quasi
2167 3988 2366 4047 natus
2397 3982 2467 4045 in
2488 3981 2647 4064 ipsa

456 4087 697 4154 artium
748 4107 940 4172 pace,
990 4089 1282 4171 collegit.
1376 4087 1598 4153 Nemo
1654 4087 2138 4155 dissonantiam
2183 4084 2436 4150 Atticae
2493 4103 2644 4168 per·

450 4191 771 4256 fectionis
802 4196 1052 4257 metuat
1079 4198 1149 4257 et
1180 4191 1514 4256 Romanae
1540 4209 1558 4269 3
1600 4208 1725 4253 nec
1754 4188 2099 4273 praecipua
2128 4187 2428 4269 gentium
2456 4187 2643 4275 bona

439 4295 514 4359 ‘in
565 4294 960 4362 societatem
1012 4296 1267 4361 dubitet
1317 4294 1695 4365 convenire.
1783 4289 1975 4357 Unus
2028 4309 2101 4357 es
2146 4290 2262 4374 qui
2289 4294 2641 4374 utrumque
