<?xml version="1.0" encoding="UTF-8"?>
<!DOCTYPE html PUBLIC "-//W3C//DTD XHTML 1.0 Transitional//EN"
    "http://www.w3.org/TR/xhtml1/DTD/xhtml1-transitional.dtd">
<html xmlns="http://www.w3.org/1999/xhtml" xml:lang="en" lang="en">
 <head>
  <title>
</title>
<meta http-equiv="Content-Type" content="text/html;charset=utf-8" />
  <meta name='ocr-system' content='tesseract 3.04.00' />
  <meta name='ocr-capabilities' content='ocr_page ocr_carea ocr_par ocr_line ocrx_word'/>
</head>
<body>
  <div class='ocr_page' id='page_1' title='image "./deconsolationep00boetgoog_0338.png"; bbox 0 0 3049 4928; ppageno 0'>
   <div class='ocr_carea' id='block_1_1' title="bbox 523 376 652 444">
    <p class='ocr_par' dir='ltr' id='par_1_1' title="bbox 523 376 652 444">
     <span class='ocr_line' id='line_1_1' title="bbox 523 376 652 444; baseline -0.008 0"><span class='ocrx_word' id='word_1_1' title='bbox 523 376 652 444; x_wconf 75' lang='lat'><strong>328</strong></span> 
     </span>
    </p>
   </div>
   <div class='ocr_carea' id='block_1_2' title="bbox 525 537 1438 707">
    <p class='ocr_par' dir='ltr' id='par_1_2' title="bbox 525 537 1438 707">
     <span class='ocr_line' id='line_1_2' title="bbox 526 537 1438 603; baseline -0.002 -1"><span class='ocrx_word' id='word_1_2' title='bbox 526 538 744 603; x_wconf 88' lang='lat' dir='ltr'><strong>cervis</strong></span> <span class='ocrx_word' id='word_1_3' title='bbox 802 537 1042 603; x_wconf 87' lang='lat' dir='ltr'><strong>similis</strong></span> <span class='ocrx_word' id='word_1_4' title='bbox 1092 538 1438 603; x_wconf 81' lang='lat' dir='ltr'><strong>habeatur.</strong></span> 
     </span>
     <span class='ocr_line' id='line_1_3' title="bbox 525 641 1057 707; baseline -0.002 -1"><span class='ocrx_word' id='word_1_5' title='bbox 525 641 810 706; x_wconf 73' lang='lat' dir='ltr'><strong>usinum‘</strong></span> <span class='ocrx_word' id='word_1_6' title='bbox 843 642 1057 707; x_wconf 69' lang='lat' dir='ltr'><strong>vivit.⁸</strong></span> 
     </span>
    </p>
   </div>
   <div class='ocr_carea' id='block_1_3' title="bbox 1219 393 2026 443">
    <p class='ocr_par' dir='ltr' id='par_1_3' title="bbox 1219 393 2026 443">
     <span class='ocr_line' id='line_1_4' title="bbox 1219 393 2026 443; baseline 0.004 -3"><span class='ocrx_word' id='word_1_7' title='bbox 1219 394 1304 441; x_wconf 81' lang='lat' dir='ltr'><strong>Bo</strong></span> <span class='ocrx_word' id='word_1_8' title='bbox 1319 393 1522 441; x_wconf 66' lang='lat'><em>13&#39;1&#39;1111</em></span> <span class='ocrx_word' id='word_1_9' title='bbox 1580 394 1673 442; x_wconf 71' lang='lat' dir='ltr'><strong>DE</strong></span> <span class='ocrx_word' id='word_1_10' title='bbox 1721 394 2026 443; x_wconf 73' lang='lat' dir='ltr'><strong>coNsoL.</strong></span> 
     </span>
    </p>
   </div>
   <div class='ocr_carea' id='block_1_4' title="bbox 1146 538 2704 728">
    <p class='ocr_par' dir='ltr' id='par_1_4' title="bbox 1146 538 2704 728">
     <span class='ocr_line' id='line_1_5' title="bbox 1578 538 2704 624; baseline 0.002 -21"><span class='ocrx_word' id='word_1_11' title='bbox 1578 538 1814 621; x_wconf 86' lang='lat' dir='ltr'><strong>Segnis</strong></span> <span class='ocrx_word' id='word_1_12' title='bbox 1873 560 1955 604; x_wconf 83' lang='lat' dir='ltr'><strong>ac</strong></span> <span class='ocrx_word' id='word_1_13' title='bbox 2006 539 2357 623; x_wconf 82' lang='lat' dir='ltr'><strong>stupidus⁰</strong></span> <span class='ocrx_word' id='word_1_14' title='bbox 2430 542 2704 624; x_wconf 76' lang='lat' dir='ltr'><strong>&#39;torpet‘l</strong></span> 
     </span>
     <span class='ocr_line' id='line_1_6' title="bbox 1146 642 2704 728; baseline 0.001 -22"><span class='ocrx_word' id='word_1_15' title='bbox 1146 642 1355 707; x_wconf 85' lang='lat' dir='ltr'><strong>Levis</strong></span> <span class='ocrx_word' id='word_1_16' title='bbox 1384 654 1510 707; x_wconf 62' lang='lat' dir='ltr'><strong>ac?</strong></span> <span class='ocrx_word' id='word_1_17' title='bbox 1553 644 2010 708; x_wconf 82' lang='lat' dir='ltr'><strong>inconstans¹⁷</strong></span> <span class='ocrx_word' id='word_1_18' title='bbox 2057 643 2279 709; x_wconf 82' lang='lat' dir='ltr'><strong>studia</strong></span> <span class='ocrx_word' id='word_1_19' title='bbox 2319 645 2704 728; x_wconf 69' lang='lat' dir='ltr'><strong>permutat?</strong></span> 
     </span>
    </p>
   </div>
   <div class='ocr_carea' id='block_1_5' title="bbox 518 743 2705 830">
    <p class='ocr_par' dir='ltr' id='par_1_5' title="bbox 518 743 2705 830">
     <span class='ocr_line' id='line_1_7' title="bbox 518 743 2705 830; baseline 0.001 -22"><span class='ocrx_word' id='word_1_20' title='bbox 518 743 681 810; x_wconf 84' lang='lat' dir='ltr'><strong>nihil</strong></span> <span class='ocrx_word' id='word_1_21' title='bbox 709 745 795 808; x_wconf 86' lang='lat' dir='ltr'><strong>ab</strong></span> <span class='ocrx_word' id='word_1_22' title='bbox 826 746 1066 810; x_wconf 85' lang='lat' dir='ltr'><strong>avibus</strong></span> <span class='ocrx_word' id='word_1_23' title='bbox 1089 745 1136 784; x_wconf 81' lang='lat'><strong>¹⁸</strong></span> <span class='ocrx_word' id='word_1_24' title='bbox 1181 745 1416 810; x_wconf 86' lang='lat' dir='ltr'><strong>differt.</strong></span> <span class='ocrx_word' id='word_1_25' title='bbox 1487 746 1723 812; x_wconf 87' lang='lat' dir='ltr'><strong>Foedis</strong></span> <span class='ocrx_word' id='word_1_26' title='bbox 1756 745 2246 830; x_wconf 78' lang='lat' dir='ltr'><strong>immundisque</strong></span> <span class='ocrx_word' id='word_1_27' title='bbox 2273 746 2705 812; x_wconf 72' lang='lat' dir='ltr'><strong>libidinibus⁹</strong></span> 
     </span>
    </p>
   </div>
   <div class='ocr_carea' id='block_1_6' title="bbox 520 846 2271 931">
    <p class='ocr_par' dir='ltr' id='par_1_6' title="bbox 520 846 2271 931">
     <span class='ocr_line' id='line_1_8' title="bbox 520 846 2271 931; baseline 0.002 -22"><span class='ocrx_word' id='word_1_28' title='bbox 520 846 963 929; x_wconf 64' lang='lat' dir='ltr'><strong>immergitur?</strong></span> <span class='ocrx_word' id='word_1_29' title='bbox 1008 846 1293 914; x_wconf 75' lang='lat' dir='ltr'><strong>sordidae</strong></span> <span class='ocrx_word' id='word_1_30' title='bbox 1340 848 1482 912; x_wconf 90' lang='lat' dir='ltr'><strong>suis</strong></span> <span class='ocrx_word' id='word_1_31' title='bbox 1532 847 1880 931; x_wconf 84' lang='lat' dir='ltr'><strong>voluptate</strong></span> <span class='ocrx_word' id='word_1_32' title='bbox 1927 848 2271 913; x_wconf 80' lang='lat' dir='ltr'>detinetur.</span> 
     </span>
    </p>
   </div>
   <div class='ocr_carea' id='block_1_7' title="bbox 2363 846 2706 913">
    <p class='ocr_par' dir='ltr' id='par_1_7' title="bbox 2363 846 2706 913">
     <span class='ocr_line' id='line_1_9' title="bbox 2363 846 2706 913; baseline -0.009 -1"><span class='ocrx_word' id='word_1_33' title='bbox 2363 846 2472 913; x_wconf 75' lang='lat' dir='ltr'><strong>Ita</strong></span> <span class='ocrx_word' id='word_1_34' title='bbox 2516 847 2596 911; x_wconf 87' lang='lat' dir='ltr'><strong>fit</strong></span> <span class='ocrx_word' id='word_1_35' title='bbox 2636 852 2706 910; x_wconf 88' lang='lat' dir='ltr'><strong>ut</strong></span> 
     </span>
    </p>
   </div>
   <div class='ocr_carea' id='block_1_8' title="bbox 517 948 2704 1140">
    <p class='ocr_par' dir='ltr' id='par_1_8' title="bbox 517 948 2704 1140">
     <span class='ocr_line' id='line_1_10' title="bbox 522 948 2703 1032; baseline 0 -21"><span class='ocrx_word' id='word_1_36' title='bbox 522 950 660 1032; x_wconf 91' lang='lat' dir='ltr'><strong>qui,</strong></span> <span class='ocrx_word' id='word_1_37' title='bbox 705 950 1045 1032; x_wconf 77' lang='lat' dir='ltr'><strong>probitate</strong></span> <span class='ocrx_word' id='word_1_38' title='bbox 1095 949 1380 1028; x_wconf 85' lang='lat' dir='ltr'><strong>deserta,</strong></span> <span class='ocrx_word' id='word_1_39' title='bbox 1448 950 1649 1015; x_wconf 80' lang='lat' dir='ltr'><strong>h&#39;omo</strong></span> <span class='ocrx_word' id='word_1_40' title='bbox 1701 958 1849 1014; x_wconf 83' lang='lat' dir='ltr'><strong>esse</strong></span> <span class='ocrx_word' id='word_1_41' title='bbox 1910 950 2208 1026; x_wconf 81' lang='lat' dir='ltr'><strong>desierit,</strong></span> <span class='ocrx_word' id='word_1_42' title='bbox 2260 969 2416 1014; x_wconf 88' lang='lat' dir='ltr'><strong>cum</strong></span> <span class='ocrx_word' id='word_1_43' title='bbox 2482 950 2552 1013; x_wconf 91' lang='lat' dir='ltr'><strong>in</strong></span> <span class='ocrx_word' id='word_1_44' title='bbox 2606 948 2703 1012; x_wconf 92' lang='lat' dir='ltr'><strong>di-</strong></span> 
     </span>
     <span class='ocr_line' id='line_1_11' title="bbox 517 1052 2704 1140; baseline 0.001 -27"><span class='ocrx_word' id='word_1_45' title='bbox 517 1052 737 1115; x_wconf 84' lang='lat' dir='ltr'><strong>vinam</strong></span> <span class='ocrx_word' id='word_1_46' title='bbox 795 1052 1240 1118; x_wconf 88' lang='lat' dir='ltr'><strong>conditionem</strong></span> <span class='ocrx_word' id='word_1_47' title='bbox 1301 1054 1577 1118; x_wconf 82' lang='lat' dir='ltr'><strong>transire</strong></span> <span class='ocrx_word' id='word_1_48' title='bbox 1630 1062 1789 1119; x_wconf 80' lang='lat' dir='ltr'><strong>&#39;non&#39;</strong></span> <span class='ocrx_word' id='word_1_49' title='bbox 1823 1055 2060 1140; x_wconf 88' lang='lat' dir='ltr'><strong>possit,</strong></span> <span class='ocrx_word' id='word_1_50' title='bbox 2123 1060 2409 1120; x_wconf 79' lang='lat' dir='ltr'><strong>vertatur</strong></span> <span class='ocrx_word' id='word_1_51' title='bbox 2454 1055 2523 1118; x_wconf 91' lang='lat' dir='ltr'><strong>in</strong></span> <span class='ocrx_word' id='word_1_52' title='bbox 2569 1052 2704 1117; x_wconf 89' lang='lat' dir='ltr'><strong>bel-</strong></span> 
     </span>
    </p>
   </div>
   <div class='ocr_carea' id='block_1_9' title="bbox 520 1154 728 1219">
    <p class='ocr_par' dir='ltr' id='par_1_9' title="bbox 520 1154 728 1219">
     <span class='ocr_line' id='line_1_12' title="bbox 520 1154 728 1219; baseline 0.01 -2"><span class='ocrx_word' id='word_1_53' title='bbox 520 1154 728 1219; x_wconf 61' lang='lat' dir='ltr'><strong>luamss</strong></span> 
     </span>
    </p>
   </div>
   <div class='ocr_carea' id='block_1_10' title="bbox 582 1321 1565 1384">
    <p class='ocr_par' dir='ltr' id='par_1_10' title="bbox 582 1321 1565 1384">
     <span class='ocr_line' id='line_1_13' title="bbox 582 1321 1565 1384; baseline 0.004 -13"><span class='ocrx_word' id='word_1_54' title='bbox 582 1327 605 1352; x_wconf 72' lang='lat'><em>⁶</em></span> <span class='ocrx_word' id='word_1_55' title='bbox 636 1321 791 1384; x_wconf 73' lang='lat' dir='ltr'><strong>Piger</strong></span> <span class='ocrx_word' id='word_1_56' title='bbox 809 1322 956 1373; x_wconf 75' lang='lat' dir='ltr'><strong>asino.</strong></span> <span class='ocrx_word' id='word_1_57' title='bbox 1144 1332 1175 1365; x_wconf 70' lang='grc' dir='ltr'><em>Ρ</em></span> <span class='ocrx_word' id='word_1_58' title='bbox 1216 1325 1448 1374; x_wconf 73' lang='lat' dir='ltr'><strong>Volaticus</strong></span> <span class='ocrx_word' id='word_1_59' title='bbox 1468 1327 1565 1376; x_wconf 78' lang='lat' dir='ltr'><strong>avi.</strong></span> 
     </span>
    </p>
   </div>
   <div class='ocr_carea' id='block_1_11' title="bbox 1756 1323 2475 1390">
    <p class='ocr_par' dir='ltr' id='par_1_11' title="bbox 1756 1323 2475 1390">
     <span class='ocr_line' id='line_1_14' title="bbox 1756 1323 2475 1390; baseline -0.01 -12"><span class='ocrx_word' id='word_1_60' title='bbox 1756 1336 1779 1369; x_wconf 73' lang='lat'><strong>⁹</strong></span> <span class='ocrx_word' id='word_1_61' title='bbox 1820 1325 2122 1390; x_wconf 76' lang='lat' dir='ltr'><strong>Voluptarius</strong></span> <span class='ocrx_word' id='word_1_62' title='bbox 2137 1340 2275 1390; x_wconf 74' lang='lat' dir='ltr'><strong>por-co</strong></span> <span class='ocrx_word' id='word_1_63' title='bbox 2290 1323 2475 1374; x_wconf 76' lang='lat' dir='ltr'><strong>similis.</strong></span> 
     </span>
    </p>
   </div>
   <div class='ocr_carea' id='block_1_12' title="bbox 1431 1469 1786 1490">
    <p class='ocr_par' dir='ltr' id='par_1_12' title="bbox 1431 1469 1786 1490">
     <span class='ocr_line' id='line_1_15' title="bbox 1431 1469 1786 1490; baseline 0.006 -2"><span class='ocrx_word' id='word_1_64' title='bbox 1431 1469 1726 1490; x_wconf 56' lang='lat' dir='ltr'><strong>OOOO‘OOOOO</strong></span> <span class='ocrx_word' id='word_1_65' title='bbox 1733 1472 1786 1490; x_wconf 60' lang='lat' dir='ltr'><strong>‘O</strong></span> 
     </span>
    </p>
   </div>
   <div class='ocr_carea' id='block_1_13' title="bbox 511 1564 2479 1744">
    <p class='ocr_par' dir='ltr' id='par_1_13' title="bbox 511 1564 2479 1744">
     <span class='ocr_line' id='line_1_16' title="bbox 511 1564 2479 1637; baseline 0.003 -23"><span class='ocrx_word' id='word_1_66' title='bbox 511 1564 705 1629; x_wconf 83' lang='lat' dir='ltr'><strong>Delph.</strong></span> <span class='ocrx_word' id='word_1_67' title='bbox 727 1565 1034 1619; x_wconf 60' lang='lat' dir='ltr'><strong>flach—18</strong></span> <span class='ocrx_word' id='word_1_68' title='bbox 1065 1569 1298 1636; x_wconf 83' lang='lat' dir='ltr'><strong>Uterque</strong></span> <span class='ocrx_word' id='word_1_69' title='bbox 1319 1569 1512 1621; x_wconf 80' lang='lat' dir='ltr'><strong>Thuan.</strong></span> <span class='ocrx_word' id='word_1_70' title='bbox 1533 1571 1670 1620; x_wconf 88' lang='lat' dir='ltr'><strong>Vict.</strong></span> <span class='ocrx_word' id='word_1_71' title='bbox 1695 1570 1908 1637; x_wconf 83' lang='lat' dir='ltr'><strong>primus,</strong></span> <span class='ocrx_word' id='word_1_72' title='bbox 1925 1578 1979 1622; x_wconf 90' lang='lat' dir='ltr'><strong>et</strong></span> <span class='ocrx_word' id='word_1_73' title='bbox 2009 1572 2141 1636; x_wconf 83' lang='lat' dir='ltr'><strong>Reg.</strong></span> <span class='ocrx_word' id='word_1_74' title='bbox 2163 1570 2285 1621; x_wconf 71' lang='lat' dir='ltr'><strong>nihil</strong></span> <span class='ocrx_word' id='word_1_75' title='bbox 2298 1569 2479 1620; x_wconf 72' lang='lat' dir='ltr'><strong>aribus.</strong></span> 
     </span>
     <span class='ocr_line' id='line_1_17' title="bbox 1501 1695 1722 1744; baseline 0 0"><span class='ocrx_word' id='word_1_76' title='bbox 1501 1695 1722 1744; x_wconf 83' lang='lat' dir='ltr'>NOTAE</span> 
     </span>
    </p>
   </div>
   <div class='ocr_carea' id='block_1_14' title="bbox 501 1802 1571 2949">
    <p class='ocr_par' dir='ltr' id='par_1_14' title="bbox 501 1802 1571 2949">
     <span class='ocr_line' id='line_1_18' title="bbox 513 1802 1571 1869; baseline 0.003 -18"><span class='ocrx_word' id='word_1_77' title='bbox 513 1808 648 1852; x_wconf 87' lang='lat' dir='ltr'><strong>teste</strong></span> <span class='ocrx_word' id='word_1_78' title='bbox 661 1802 1052 1868; x_wconf 78' lang='lat' dir='ltr'><strong>Isidoro‚dictae</strong></span> <span class='ocrx_word' id='word_1_79' title='bbox 1069 1812 1192 1854; x_wconf 89' lang='lat' dir='ltr'><strong>sunt</strong></span> <span class='ocrx_word' id='word_1_80' title='bbox 1207 1807 1364 1869; x_wconf 81' lang='lat' dir='ltr'><strong>‘lupae</strong></span> <span class='ocrx_word' id='word_1_81' title='bbox 1376 1804 1408 1853; x_wconf 62' lang='grc' dir='ltr'><strong>εἴ</strong></span> <span class='ocrx_word' id='word_1_82' title='bbox 1423 1804 1571 1854; x_wconf 83' lang='lat' dir='ltr'><strong>ferox</strong></span> 
     </span>
     <span class='ocr_line' id='line_1_19' title="bbox 511 1880 1569 1948; baseline 0.005 -21"><span class='ocrx_word' id='word_1_83' title='bbox 511 1885 671 1943; x_wconf 71' lang='lat' dir='ltr'><strong>atque</strong></span> <span class='ocrx_word' id='word_1_84' title='bbox 689 1880 887 1945; x_wconf 81' lang='lat' dir='ltr'><strong>inquies</strong></span> <span class='ocrx_word' id='word_1_85' title='bbox 911 1882 1017 1931; x_wconf 85' lang='lat' dir='ltr'><strong>sive</strong></span> <span class='ocrx_word' id='word_1_86' title='bbox 1033 1883 1454 1947; x_wconf 82' lang='lat' dir='ltr'><strong>inquietus‚cani,</strong></span> <span class='ocrx_word' id='word_1_87' title='bbox 1466 1897 1569 1948; x_wconf 90' lang='lat' dir='ltr'><strong>quo</strong></span> 
     </span>
     <span class='ocr_line' id='line_1_20' title="bbox 510 1955 1567 2020; baseline 0.005 -17"><span class='ocrx_word' id='word_1_88' title='bbox 510 1955 635 2005; x_wconf 87' lang='lat' dir='ltr'><strong>nihil</strong></span> <span class='ocrx_word' id='word_1_89' title='bbox 646 1956 993 2020; x_wconf 75' lang='lat' dir='ltr'><strong>impudentius</strong></span> <span class='ocrx_word' id='word_1_90' title='bbox 1016 1968 1131 2008; x_wconf 84' lang='lat' dir='ltr'><strong>est:</strong></span> <span class='ocrx_word' id='word_1_91' title='bbox 1158 1958 1441 2019; x_wconf 85' lang='lat' dir='ltr'><strong>insidiator,</strong></span> <span class='ocrx_word' id='word_1_92' title='bbox 1459 1960 1567 2008; x_wconf 87' lang='lat' dir='ltr'><strong>vul-</strong></span> 
     </span>
     <span class='ocr_line' id='line_1_21' title="bbox 510 2033 1569 2098; baseline 0.005 -17"><span class='ocrx_word' id='word_1_93' title='bbox 510 2033 853 2098; x_wconf 79' lang='lat' dir='ltr'><strong>pecnlae,quae</strong></span> <span class='ocrx_word' id='word_1_94' title='bbox 865 2042 947 2084; x_wconf 87' lang='lat' dir='ltr'><strong>est</strong></span> <span class='ocrx_word' id='word_1_95' title='bbox 958 2035 1128 2085; x_wconf 72' lang='lat' dir='ltr'><strong>bestia</strong></span> <span class='ocrx_word' id='word_1_96' title='bbox 1136 2035 1480 2098; x_wconf 78' lang='lat' dir='ltr'><strong>callidissima,</strong></span> <span class='ocrx_word' id='word_1_97' title='bbox 1493 2037 1569 2086; x_wconf 87' lang='lat' dir='ltr'><strong>vi-</strong></span> 
     </span>
     <span class='ocr_line' id='line_1_22' title="bbox 512 2112 1568 2180; baseline 0.009 -23"><span class='ocrx_word' id='word_1_98' title='bbox 512 2115 579 2158; x_wconf 79' lang='lat' dir='ltr'><strong>tae</strong></span> <span class='ocrx_word' id='word_1_99' title='bbox 598 2112 968 2161; x_wconf 71' lang='lat' dir='ltr'><strong>conservandae</strong></span> <span class='ocrx_word' id='word_1_100' title='bbox 985 2128 1168 2164; x_wconf 79' lang='lat' dir='ltr'><strong>causa:</strong></span> <span class='ocrx_word' id='word_1_101' title='bbox 1193 2113 1284 2163; x_wconf 83' lang='lat' dir='ltr'><strong>irae</strong></span> <span class='ocrx_word' id='word_1_102' title='bbox 1296 2114 1568 2180; x_wconf 82' lang='lat' dir='ltr'><strong>obnoxius,</strong></span> 
     </span>
     <span class='ocr_line' id='line_1_23' title="bbox 506 2183 1564 2258; baseline 0.009 -25"><span class='ocrx_word' id='word_1_103' title='bbox 506 2183 667 2245; x_wconf 87' lang='lat' dir='ltr'><strong>leoni,</strong></span> <span class='ocrx_word' id='word_1_104' title='bbox 698 2188 786 2251; x_wconf 88' lang='lat' dir='ltr'><strong>qui</strong></span> <span class='ocrx_word' id='word_1_105' title='bbox 811 2189 1006 2239; x_wconf 86' lang='lat' dir='ltr'><strong>Ovidio</strong></span> <span class='ocrx_word' id='word_1_106' title='bbox 1031 2197 1242 2241; x_wconf 80' lang='lat' dir='ltr'><strong>vocatur</strong></span> <span class='ocrx_word' id='word_1_107' title='bbox 1266 2192 1564 2258; x_wconf 80' lang='lat' dir='ltr'><strong>iracundus,</strong></span> 
     </span>
     <span class='ocr_line' id='line_1_24' title="bbox 509 2262 1565 2326; baseline 0.01 -18"><span class='ocrx_word' id='word_1_108' title='bbox 509 2262 667 2326; x_wconf 86' lang='lat' dir='ltr'><strong>quod,</strong></span> <span class='ocrx_word' id='word_1_109' title='bbox 700 2270 760 2312; x_wconf 92' lang='lat' dir='ltr'><strong>ut</strong></span> <span class='ocrx_word' id='word_1_110' title='bbox 785 2266 859 2314; x_wconf 87' lang='lat' dir='ltr'><strong>ait</strong></span> <span class='ocrx_word' id='word_1_111' title='bbox 892 2268 1166 2316; x_wconf 86' lang='lat' dir='ltr'><strong>Lucretius</strong></span> <span class='ocrx_word' id='word_1_112' title='bbox 1196 2269 1229 2318; x_wconf 89' lang='lat' dir='ltr'><strong>l.</strong></span> <span class='ocrx_word' id='word_1_113' title='bbox 1254 2283 1342 2318; x_wconf 84' lang='lat'>111.</span> <span class='ocrx_word' id='word_1_114' title='bbox 1376 2270 1565 2320; x_wconf 83' lang='lat' dir='ltr'><strong>‘calidi</strong></span> 
     </span>
     <span class='ocr_line' id='line_1_25' title="bbox 505 2337 1566 2411; baseline 0.012 -27"><span class='ocrx_word' id='word_1_115' title='bbox 505 2337 623 2400; x_wconf 84' lang='lat' dir='ltr'><strong>plus</strong></span> <span class='ocrx_word' id='word_1_116' title='bbox 642 2345 721 2388; x_wconf 91' lang='lat' dir='ltr'><strong>est</strong></span> <span class='ocrx_word' id='word_1_117' title='bbox 753 2339 874 2391; x_wconf 82' lang='lat' dir='ltr'><strong>illi:&#39;</strong></span> <span class='ocrx_word' id='word_1_118' title='bbox 909 2343 1141 2406; x_wconf 77' lang='lat' dir='ltr'><strong>pavidus,</strong></span> <span class='ocrx_word' id='word_1_119' title='bbox 1171 2345 1357 2408; x_wconf 85' lang='lat' dir='ltr'><strong>cervis,</strong></span> <span class='ocrx_word' id='word_1_120' title='bbox 1382 2347 1566 2411; x_wconf 85' lang='lat' dir='ltr'><strong>quibus</strong></span> 
     </span>
     <span class='ocr_line' id='line_1_26' title="bbox 506 2416 1564 2487; baseline 0.012 -26"><span class='ocrx_word' id='word_1_121' title='bbox 506 2416 701 2466; x_wconf 87' lang='lat' dir='ltr'><strong>nullum</strong></span> <span class='ocrx_word' id='word_1_122' title='bbox 726 2418 908 2470; x_wconf 81' lang='lat' dir='ltr'><strong>animal</strong></span> <span class='ocrx_word' id='word_1_123' title='bbox 928 2427 1008 2470; x_wconf 87' lang='lat' dir='ltr'><strong>est</strong></span> <span class='ocrx_word' id='word_1_124' title='bbox 1032 2420 1290 2472; x_wconf 88' lang='lat' dir='ltr'><strong>timidius:</strong></span> <span class='ocrx_word' id='word_1_125' title='bbox 1320 2430 1564 2487; x_wconf 83' lang='lat' dir='ltr'><strong>propter-</strong></span> 
     </span>
     <span class='ocr_line' id='line_1_27' title="bbox 506 2496 1562 2550; baseline 0.009 -10"><span class='ocrx_word' id='word_1_126' title='bbox 506 2506 569 2540; x_wconf 67' lang='lat' dir='ltr'><strong>ea</strong></span> <span class='ocrx_word' id='word_1_127' title='bbox 607 2496 843 2545; x_wconf 82' lang='lat' dir='ltr'><strong>cervinus</strong></span> <span class='ocrx_word' id='word_1_128' title='bbox 892 2497 970 2547; x_wconf 86' lang='lat' dir='ltr'><strong>vir</strong></span> <span class='ocrx_word' id='word_1_129' title='bbox 1006 2498 1125 2548; x_wconf 87' lang='lat' dir='ltr'><strong>olim</strong></span> <span class='ocrx_word' id='word_1_130' title='bbox 1160 2498 1431 2549; x_wconf 77' lang='lat' dir='ltr'><strong>dicebatur</strong></span> <span class='ocrx_word' id='word_1_131' title='bbox 1457 2499 1562 2550; x_wconf 90' lang='lat' dir='ltr'><strong>for-</strong></span> 
     </span>
     <span class='ocr_line' id='line_1_28' title="bbox 502 2569 1560 2642; baseline 0.008 -25"><span class='ocrx_word' id='word_1_132' title='bbox 502 2569 781 2621; x_wconf 85' lang='lat' dir='ltr'><strong>midolosus</strong></span> <span class='ocrx_word' id='word_1_133' title='bbox 804 2579 858 2624; x_wconf 87' lang='lat' dir='ltr'><strong>et</strong></span> <span class='ocrx_word' id='word_1_134' title='bbox 896 2572 1032 2638; x_wconf 81' lang='lat' dir='ltr'><strong>fugae</strong></span> <span class='ocrx_word' id='word_1_135' title='bbox 1056 2577 1237 2639; x_wconf 80' lang='lat' dir='ltr'><strong>magis,</strong></span> <span class='ocrx_word' id='word_1_136' title='bbox 1263 2591 1412 2642; x_wconf 79' lang='lat' dir='ltr'><strong>quam</strong></span> <span class='ocrx_word' id='word_1_137' title='bbox 1436 2578 1560 2627; x_wconf 88' lang='lat' dir='ltr'><strong>viri-</strong></span> 
     </span>
     <span class='ocr_line' id='line_1_29' title="bbox 503 2646 1558 2715; baseline 0.007 -19"><span class='ocrx_word' id='word_1_138' title='bbox 503 2647 598 2696; x_wconf 84' lang='lat' dir='ltr'><strong>bus</strong></span> <span class='ocrx_word' id='word_1_139' title='bbox 622 2646 786 2698; x_wconf 85' lang='lat' dir='ltr'><strong>fidens</strong></span> <span class='ocrx_word' id='word_1_140' title='bbox 811 2666 826 2699; x_wconf 72' lang='grc' dir='ltr'>ε</span> <span class='ocrx_word' id='word_1_141' title='bbox 879 2651 1033 2715; x_wconf 87' lang='lat' dir='ltr'><strong>quod,</strong></span> <span class='ocrx_word' id='word_1_142' title='bbox 1073 2660 1285 2702; x_wconf 79' lang='lat' dir='ltr'><strong>auctore</strong></span> <span class='ocrx_word' id='word_1_143' title='bbox 1308 2654 1558 2703; x_wconf 89' lang='lat' dir='ltr'><strong>Lucretio</strong></span> 
     </span>
     <span class='ocr_line' id='line_1_30' title="bbox 1171 2728 1351 2750; baseline 0 -9"><span class='ocrx_word' id='word_1_144' title='bbox 1171 2729 1183 2741; x_wconf 89' lang='lat'><strong><em>.</em></strong></span> <span class='ocrx_word' id='word_1_145' title='bbox 1225 2728 1236 2739; x_wconf 92' lang='lat'><strong><em>.</em></strong></span> <span class='ocrx_word' id='word_1_146' title='bbox 1281 2730 1292 2741; x_wconf 91' lang='lat'>.</span> <span class='ocrx_word' id='word_1_147' title='bbox 1336 2728 1351 2750; x_wconf 88' lang='lat'>,</span> 
     </span>
     <span class='ocr_line' id='line_1_31' title="bbox 503 2802 1558 2871; baseline 0.005 -21"><span class='ocrx_word' id='word_1_148' title='bbox 503 2815 563 2851; x_wconf 77' lang='lat' dir='ltr'><strong>ac</strong></span> <span class='ocrx_word' id='word_1_149' title='bbox 608 2802 865 2867; x_wconf 83' lang='lat' dir='ltr'><strong>stupidus,</strong></span> <span class='ocrx_word' id='word_1_150' title='bbox 901 2805 1064 2868; x_wconf 80' lang='lat' dir='ltr'><strong>asino,</strong></span> <span class='ocrx_word' id='word_1_151' title='bbox 1107 2806 1194 2871; x_wconf 88' lang='lat' dir='ltr'><strong>qui</strong></span> <span class='ocrx_word' id='word_1_152' title='bbox 1240 2813 1321 2857; x_wconf 88' lang='lat' dir='ltr'><strong>est</strong></span> <span class='ocrx_word' id='word_1_153' title='bbox 1368 2808 1558 2857; x_wconf 87' lang='lat' dir='ltr'><strong>animal</strong></span> 
     </span>
     <span class='ocr_line' id='line_1_32' title="bbox 501 2878 1556 2949; baseline 0.006 -22"><span class='ocrx_word' id='word_1_154' title='bbox 501 2878 836 2931; x_wconf 80' lang='lat' dir='ltr'><strong>tardissimum</strong></span> <span class='ocrx_word' id='word_1_155' title='bbox 858 2898 872 2931; x_wconf 74' lang='lat' dir='ltr'><strong><em>z</em></strong></span> <span class='ocrx_word' id='word_1_156' title='bbox 909 2883 1038 2932; x_wconf 83' lang='lat' dir='ltr'><strong>levis</strong></span> <span class='ocrx_word' id='word_1_157' title='bbox 1061 2889 1214 2949; x_wconf 76' lang='lat' dir='ltr'><strong>atque</strong></span> <span class='ocrx_word' id='word_1_158' title='bbox 1236 2883 1556 2948; x_wconf 81' lang='lat' dir='ltr'><strong>inconstans,</strong></span> 
     </span>
    </p>
   </div>
   <div class='ocr_carea' id='block_1_15' title="bbox 1639 1806 2705 2856">
    <p class='ocr_par' dir='ltr' id='par_1_15' title="bbox 1647 1806 2702 2316">
     <span class='ocr_line' id='line_1_33' title="bbox 1650 1806 2701 1873; baseline -0.001 -18"><span class='ocrx_word' id='word_1_159' title='bbox 1650 1807 1848 1870; x_wconf 77' lang='lat' dir='ltr'><strong>avibus,</strong></span> <span class='ocrx_word' id='word_1_160' title='bbox 1872 1823 1988 1873; x_wconf 79' lang='lat' dir='ltr'><strong>quae</strong></span> <span class='ocrx_word' id='word_1_161' title='bbox 2012 1808 2110 1858; x_wconf 86' lang='lat' dir='ltr'><strong>huc</strong></span> <span class='ocrx_word' id='word_1_162' title='bbox 2128 1808 2352 1873; x_wconf 88' lang='lat' dir='ltr'><strong>illucque</strong></span> <span class='ocrx_word' id='word_1_163' title='bbox 2375 1806 2701 1855; x_wconf 81' lang='lat' dir='ltr'><strong>discurrunt:</strong></span> 
     </span>
     <span class='ocr_line' id='line_1_34' title="bbox 1649 1881 2700 1948; baseline 0 -19"><span class='ocrx_word' id='word_1_164' title='bbox 1649 1881 1966 1946; x_wconf 68' lang='lat' dir='ltr'><strong>libidinosus,</strong></span> <span class='ocrx_word' id='word_1_165' title='bbox 1979 1883 2170 1945; x_wconf 89' lang='lat' dir='ltr'><strong>suibus,</strong></span> <span class='ocrx_word' id='word_1_166' title='bbox 2182 1883 2293 1948; x_wconf 88' lang='lat' dir='ltr'><strong>qui,</strong></span> <span class='ocrx_word' id='word_1_167' title='bbox 2312 1881 2482 1945; x_wconf 84' lang='lat' dir='ltr'><strong>inquit</strong></span> <span class='ocrx_word' id='word_1_168' title='bbox 2499 1883 2700 1944; x_wconf 81' lang='lat' dir='ltr'><strong>Festus,</strong></span> 
     </span>
     <span class='ocr_line' id='line_1_35' title="bbox 1647 1958 2700 2023; baseline -0.001 -16"><span class='ocrx_word' id='word_1_169' title='bbox 1647 1960 1662 1986; x_wconf 87' lang='lat'>‘</span> <span class='ocrx_word' id='word_1_170' title='bbox 1688 1973 1753 2007; x_wconf 83' lang='lat' dir='ltr'><strong>ex</strong></span> <span class='ocrx_word' id='word_1_171' title='bbox 1792 1960 1928 2009; x_wconf 89' lang='lat' dir='ltr'><strong>omni</strong></span> <span class='ocrx_word' id='word_1_172' title='bbox 1960 1966 2229 2009; x_wconf 81' lang='lat' dir='ltr'><strong>mansueto</strong></span> <span class='ocrx_word' id='word_1_173' title='bbox 2273 1973 2463 2023; x_wconf 87' lang='lat' dir='ltr'><strong>pecore</strong></span> <span class='ocrx_word' id='word_1_174' title='bbox 2486 1958 2700 2007; x_wconf 86' lang='lat' dir='ltr'><strong>immun-</strong></span> 
     </span>
     <span class='ocr_line' id='line_1_36' title="bbox 1650 2034 2702 2098; baseline 0 -15"><span class='ocrx_word' id='word_1_175' title='bbox 1650 2034 1846 2084; x_wconf 89' lang='lat' dir='ltr'><strong>dissimi</strong></span> <span class='ocrx_word' id='word_1_176' title='bbox 1880 2045 2018 2098; x_wconf 86' lang='lat' dir='ltr'><strong>sunt,</strong></span> <span class='ocrx_word' id='word_1_177' title='bbox 2051 2043 2104 2085; x_wconf 90' lang='lat' dir='ltr'><strong>et</strong></span> <span class='ocrx_word' id='word_1_178' title='bbox 2143 2035 2514 2085; x_wconf 77' lang='lat' dir='ltr'><strong>ardentissimae</strong></span> <span class='ocrx_word' id='word_1_179' title='bbox 2536 2034 2702 2084; x_wconf 83' lang='lat' dir='ltr'><strong>libidi-</strong></span> 
     </span>
     <span class='ocr_line' id='line_1_37' title="bbox 1648 2113 2700 2179; baseline 0.002 -18"><span class='ocrx_word' id='word_1_180' title='bbox 1648 2113 1765 2174; x_wconf 88' lang='lat' dir='ltr'><strong>nis;</strong></span> <span class='ocrx_word' id='word_1_181' title='bbox 1820 2114 1895 2163; x_wconf 80' lang='lat' dir='ltr'><strong>ita</strong></span> <span class='ocrx_word' id='word_1_182' title='bbox 1930 2123 1988 2163; x_wconf 92' lang='lat' dir='ltr'><strong>ut</strong></span> <span class='ocrx_word' id='word_1_183' title='bbox 2021 2114 2356 2179; x_wconf 84' lang='lat' dir='ltr'><strong>opprobrium</strong></span> <span class='ocrx_word' id='word_1_184' title='bbox 2400 2113 2700 2163; x_wconf 73' lang='lat' dir='ltr'><strong>mulieribus</strong></span> 
     </span>
     <span class='ocr_line' id='line_1_38' title="bbox 1648 2187 2702 2253; baseline 0 -16"><span class='ocrx_word' id='word_1_185' title='bbox 1648 2188 1769 2238; x_wconf 87' lang='lat' dir='ltr'><strong>inde</strong></span> <span class='ocrx_word' id='word_1_186' title='bbox 1807 2198 2030 2242; x_wconf 81' lang='lat' dir='ltr'><strong>tractum</strong></span> <span class='ocrx_word' id='word_1_187' title='bbox 2068 2191 2152 2253; x_wconf 74' lang='lat' dir='ltr'><strong>sit,</strong></span> <span class='ocrx_word' id='word_1_188' title='bbox 2172 2205 2288 2239; x_wconf 91' lang='lat' dir='ltr'><strong>cum</strong></span> <span class='ocrx_word' id='word_1_189' title='bbox 2325 2187 2512 2238; x_wconf 79' lang='lat' dir='ltr'><strong>subare</strong></span> <span class='ocrx_word' id='word_1_190' title='bbox 2534 2197 2590 2237; x_wconf 90' lang='lat' dir='ltr'><strong>et</strong></span> <span class='ocrx_word' id='word_1_191' title='bbox 2621 2199 2702 2238; x_wconf 83' lang='lat' dir='ltr'><strong>su·</strong></span> 
     </span>
     <span class='ocr_line' id='line_1_39' title="bbox 1649 2264 2038 2316; baseline 0.005 -4"><span class='ocrx_word' id='word_1_192' title='bbox 1649 2264 1753 2314; x_wconf 89' lang='lat' dir='ltr'><strong>rire</strong></span> <span class='ocrx_word' id='word_1_193' title='bbox 1776 2266 2038 2316; x_wconf 87' lang='lat' dir='ltr'><strong>dicuntur.</strong></span> 
     </span>
    </p>

    <p class='ocr_par' dir='ltr' id='par_1_16' title="bbox 1639 2340 2705 2856">
     <span class='ocr_line' id='line_1_40' title="bbox 1710 2340 2705 2406; baseline -0.002 -14"><span class='ocrx_word' id='word_1_194' title='bbox 1710 2349 1736 2375; x_wconf 64' lang='grc' dir='ltr'><strong>Χ</strong></span> <span class='ocrx_word' id='word_1_195' title='bbox 1767 2343 1969 2393; x_wconf 77' lang='lat' dir='ltr'><strong>Asinum</strong></span> <span class='ocrx_word' id='word_1_196' title='bbox 2014 2342 2158 2406; x_wconf 80' lang='lat' dir='ltr'><strong>vivit]</strong></span> <span class='ocrx_word' id='word_1_197' title='bbox 2217 2342 2405 2393; x_wconf 84' lang='lat' dir='ltr'><strong>Modus</strong></span> <span class='ocrx_word' id='word_1_198' title='bbox 2459 2340 2705 2406; x_wconf 80' lang='lat' dir='ltr'><strong>loquendi</strong></span> 
     </span>
     <span class='ocr_line' id='line_1_41' title="bbox 1646 2418 2700 2485; baseline -0.001 -16"><span class='ocrx_word' id='word_1_199' title='bbox 1646 2419 1770 2469; x_wconf 83' lang='lat' dir='ltr'><strong>satis</strong></span> <span class='ocrx_word' id='word_1_200' title='bbox 1811 2421 2048 2485; x_wconf 79' lang='lat' dir='ltr'><strong>usitatus,</strong></span> <span class='ocrx_word' id='word_1_201' title='bbox 2094 2419 2292 2471; x_wconf 87' lang='lat' dir='ltr'><strong>dicitur</strong></span> <span class='ocrx_word' id='word_1_202' title='bbox 2330 2418 2561 2483; x_wconf 82' lang='lat' dir='ltr'><strong>ellipsis:</strong></span> <span class='ocrx_word' id='word_1_203' title='bbox 2609 2418 2700 2469; x_wconf 89' lang='lat' dir='ltr'><strong>ubi</strong></span> 
     </span>
     <span class='ocr_line' id='line_1_42' title="bbox 1646 2495 2699 2562; baseline -0.001 -17"><span class='ocrx_word' id='word_1_204' title='bbox 1646 2499 1863 2562; x_wconf 81' lang='lat' dir='ltr'><strong>intelligi</strong></span> <span class='ocrx_word' id='word_1_205' title='bbox 1933 2497 2088 2548; x_wconf 83' lang='lat' dir='ltr'><strong>debet</strong></span> <span class='ocrx_word' id='word_1_206' title='bbox 2145 2497 2399 2560; x_wconf 82' lang='lat' dir='ltr'><strong>particula</strong></span> <span class='ocrx_word' id='word_1_207' title='bbox 2456 2495 2699 2561; x_wconf 85' lang='lat' dir='ltr'><strong>quaedam</strong></span> 
     </span>
     <span class='ocr_line' id='line_1_43' title="bbox 1647 2573 2698 2636; baseline -0.005 -11"><span class='ocrx_word' id='word_1_208' title='bbox 1647 2575 1842 2625; x_wconf 75' lang='lat' dir='ltr'><strong>tacita:</strong></span> <span class='ocrx_word' id='word_1_209' title='bbox 1897 2575 1979 2625; x_wconf 77' lang='lat' dir='ltr'><strong>hic</strong></span> <span class='ocrx_word' id='word_1_210' title='bbox 2035 2581 2206 2624; x_wconf 81' lang='lat' dir='ltr'><strong>autem</strong></span> <span class='ocrx_word' id='word_1_211' title='bbox 2255 2573 2565 2636; x_wconf 84' lang='lat' dir='ltr'><strong>intelligitur</strong></span> <span class='ocrx_word' id='word_1_212' title='bbox 2618 2587 2698 2621; x_wconf 86' lang='lat' dir='ltr'><strong>se-</strong></span> 
     </span>
     <span class='ocr_line' id='line_1_44' title="bbox 1639 2651 2701 2713; baseline -0.004 -12"><span class='ocrx_word' id='word_1_213' title='bbox 1639 2653 1895 2713; x_wconf 82' lang='lat' dir='ltr'><strong>cundum;</strong></span> <span class='ocrx_word' id='word_1_214' title='bbox 1941 2659 1998 2702; x_wconf 91' lang='lat' dir='ltr'><strong>ut</strong></span> <span class='ocrx_word' id='word_1_215' title='bbox 2019 2667 2135 2701; x_wconf 89' lang='lat' dir='ltr'><strong>cum</strong></span> <span class='ocrx_word' id='word_1_216' title='bbox 2167 2651 2388 2701; x_wconf 88' lang='lat' dir='ltr'><strong>dicitur:</strong></span> <span class='ocrx_word' id='word_1_217' title='bbox 2427 2652 2441 2676; x_wconf 90' lang='lat'>‘</span> <span class='ocrx_word' id='word_1_218' title='bbox 2463 2664 2701 2711; x_wconf 75' lang='lat' dir='ltr'><strong>magnam</strong></span> 
     </span>
     <span class='ocr_line' id='line_1_45' title="bbox 1640 2723 2701 2793; baseline -0.003 -15"><span class='ocrx_word' id='word_1_219' title='bbox 1640 2736 1840 2793; x_wconf 75' lang='lat' dir='ltr'><strong>partem</strong></span> <span class='ocrx_word' id='word_1_220' title='bbox 1862 2729 2112 2778; x_wconf 85' lang='lat' dir='ltr'><strong>mentitur</strong></span> <span class='ocrx_word' id='word_1_221' title='bbox 2132 2727 2166 2777; x_wconf 73' lang='grc' dir='ltr'><strong>ε’</strong></span> <span class='ocrx_word' id='word_1_222' title='bbox 2189 2729 2205 2755; x_wconf 90' lang='lat'>‘</span> <span class='ocrx_word' id='word_1_223' title='bbox 2224 2735 2402 2778; x_wconf 87' lang='lat' dir='ltr'><strong>cetera</strong></span> <span class='ocrx_word' id='word_1_224' title='bbox 2418 2726 2650 2791; x_wconf 86' lang='lat' dir='ltr'><strong>prudens</strong></span> <span class='ocrx_word' id='word_1_225' title='bbox 2668 2723 2701 2776; x_wconf 69' lang='grc' dir='ltr'><strong>ι’</strong></span> 
     </span>
     <span class='ocr_line' id='line_1_46' title="bbox 1639 2806 2028 2856; baseline 0.003 -1"><span class='ocrx_word' id='word_1_226' title='bbox 1639 2812 1693 2855; x_wconf 91' lang='lat' dir='ltr'><strong>et</strong></span> <span class='ocrx_word' id='word_1_227' title='bbox 1711 2806 1785 2856; x_wconf 88' lang='lat' dir='ltr'><strong>sic</strong></span> <span class='ocrx_word' id='word_1_228' title='bbox 1810 2807 1874 2855; x_wconf 90' lang='lat' dir='ltr'><strong>de</strong></span> <span class='ocrx_word' id='word_1_229' title='bbox 1898 2806 2028 2856; x_wconf 85' lang='lat' dir='ltr'><strong>aliis.</strong></span> 
     </span>
    </p>
   </div>
   <div class='ocr_carea' id='block_1_16' title="bbox 1289 3394 1899 3460">
    <p class='ocr_par' dir='ltr' id='par_1_17' title="bbox 1289 3394 1899 3460">
     <span class='ocr_line' id='line_1_47' title="bbox 1289 3394 1899 3460; baseline -0.005 -2"><span class='ocrx_word' id='word_1_230' title='bbox 1289 3394 1713 3460; x_wconf 85' lang='lat' dir='ltr'>METRUM</span> <span class='ocrx_word' id='word_1_231' title='bbox 1761 3395 1899 3460; x_wconf 91' lang='grc' dir='ltr'><strong>ΠΙ.</strong></span> 
     </span>
    </p>
   </div>
   <div class='ocr_carea' id='block_1_17' title="bbox 1010 3562 1786 3644">
    <p class='ocr_par' dir='ltr' id='par_1_18' title="bbox 1010 3562 1786 3644">
     <span class='ocr_line' id='line_1_48' title="bbox 1010 3562 1786 3644; baseline 0.005 -19"><span class='ocrx_word' id='word_1_232' title='bbox 1010 3562 1227 3626; x_wconf 73' lang='lat' dir='ltr'><strong>VELA</strong></span> <span class='ocrx_word' id='word_1_233' title='bbox 1268 3563 1506 3629; x_wconf 89' lang='lat' dir='ltr'><strong>Neritii</strong></span> <span class='ocrx_word' id='word_1_234' title='bbox 1540 3567 1786 3644; x_wconf 74' lang='lat' dir='ltr'><strong>duciS,y</strong></span> 
     </span>
    </p>
   </div>
   <div class='ocr_carea' id='block_1_18' title="bbox 563 3743 2694 3814">
    <p class='ocr_par' dir='ltr' id='par_1_19' title="bbox 563 3743 2694 3814">
     <span class='ocr_line' id='line_1_49' title="bbox 563 3743 2694 3814; baseline 0.002 -22"><span class='ocrx_word' id='word_1_235' title='bbox 563 3743 736 3809; x_wconf 75' lang='lat' dir='ltr'><strong>Navis,</strong></span> <span class='ocrx_word' id='word_1_236' title='bbox 756 3758 848 3807; x_wconf 73' lang='lat' dir='ltr'><strong>qua</strong></span> <span class='ocrx_word' id='word_1_237' title='bbox 867 3745 966 3792; x_wconf 72' lang='lat' dir='ltr'><strong>dux</strong></span> <span class='ocrx_word' id='word_1_238' title='bbox 995 3744 1187 3807; x_wconf 72' lang='lat' dir='ltr'><strong>Ulysseae</strong></span> <span class='ocrx_word' id='word_1_239' title='bbox 1203 3760 1310 3795; x_wconf 78' lang='lat' dir='ltr'><strong>cum</strong></span> <span class='ocrx_word' id='word_1_240' title='bbox 1330 3747 1747 3814; x_wconf 76' lang='lat' dir='ltr'><strong>sociisserebatur,</strong></span> <span class='ocrx_word' id='word_1_241' title='bbox 1779 3755 1888 3813; x_wconf 80' lang='lat' dir='ltr'><strong>post</strong></span> <span class='ocrx_word' id='word_1_242' title='bbox 1924 3748 2082 3799; x_wconf 73' lang='lat' dir='ltr'><strong>varim</strong></span> <span class='ocrx_word' id='word_1_243' title='bbox 2107 3763 2287 3800; x_wconf 76' lang='lat' dir='ltr'><strong>errores</strong></span> <span class='ocrx_word' id='word_1_244' title='bbox 2306 3750 2360 3798; x_wconf 76' lang='lat' dir='ltr'><strong>in</strong></span> <span class='ocrx_word' id='word_1_245' title='bbox 2379 3748 2524 3813; x_wconf 71' lang='lat' dir='ltr'><strong>meri,</strong></span> <span class='ocrx_word' id='word_1_246' title='bbox 2547 3749 2694 3800; x_wconf 72' lang='lat' dir='ltr'><strong>ventis</strong></span> 
     </span>
    </p>
   </div>
   <div class='ocr_carea' id='block_1_19' title="bbox 1485 3896 1702 3947">
    <p class='ocr_par' dir='ltr' id='par_1_20' title="bbox 1485 3896 1702 3947">
     <span class='ocr_line' id='line_1_50' title="bbox 1485 3896 1702 3947; baseline 0.009 -2"><span class='ocrx_word' id='word_1_247' title='bbox 1485 3896 1702 3947; x_wconf 82' lang='lat' dir='ltr'><strong>No&#39;rAE</strong></span> 
     </span>
    </p>
   </div>
   <div class='ocr_carea' id='block_1_20' title="bbox 489 3986 1550 4366">
    <p class='ocr_par' dir='ltr' id='par_1_21' title="bbox 489 3986 1550 4366">
     <span class='ocr_line' id='line_1_51' title="bbox 559 3986 1548 4058; baseline 0.007 -22"><span class='ocrx_word' id='word_1_248' title='bbox 559 3986 781 4038; x_wconf 84' lang='lat' dir='ltr'><strong>Carmen</strong></span> <span class='ocrx_word' id='word_1_249' title='bbox 822 3989 920 4040; x_wconf 87' lang='lat' dir='ltr'><strong>hoc</strong></span> <span class='ocrx_word' id='word_1_250' title='bbox 955 4003 1057 4039; x_wconf 89' lang='lat' dir='ltr'><strong>non</strong></span> <span class='ocrx_word' id='word_1_251' title='bbox 1104 3998 1226 4041; x_wconf 77' lang='lat' dir='ltr'><strong>ante</strong></span> <span class='ocrx_word' id='word_1_252' title='bbox 1265 3992 1548 4058; x_wconf 83' lang='lat' dir='ltr'><strong>intelliges,</strong></span> 
     </span>
     <span class='ocr_line' id='line_1_52' title="bbox 489 4065 1549 4133; baseline 0.007 -19"><span class='ocrx_word' id='word_1_253' title='bbox 489 4071 646 4131; x_wconf 79' lang='lat' dir='ltr'><strong>quam</strong></span> <span class='ocrx_word' id='word_1_254' title='bbox 684 4065 738 4115; x_wconf 90' lang='lat' dir='ltr'><strong>iu</strong></span> <span class='ocrx_word' id='word_1_255' title='bbox 774 4067 1072 4117; x_wconf 79' lang='lat' dir='ltr'><strong>memoriam</strong></span> <span class='ocrx_word' id='word_1_256' title='bbox 1111 4069 1431 4120; x_wconf 75' lang='lat' dir='ltr'><strong>revocaveris</strong></span> <span class='ocrx_word' id='word_1_257' title='bbox 1465 4086 1549 4133; x_wconf 79' lang='lat' dir='ltr'><strong>ea,</strong></span> 
     </span>
     <span class='ocr_line' id='line_1_53' title="bbox 491 4145 1550 4209; baseline 0.005 -17"><span class='ocrx_word' id='word_1_258' title='bbox 491 4158 606 4208; x_wconf 84' lang='lat' dir='ltr'><strong>quae</strong></span> <span class='ocrx_word' id='word_1_259' title='bbox 664 4158 695 4193; x_wconf 76' lang='lat' dir='ltr'><strong>a</strong></span> <span class='ocrx_word' id='word_1_260' title='bbox 735 4145 903 4209; x_wconf 65' lang='lat' dir='ltr'><strong>poetis</strong></span> <span class='ocrx_word' id='word_1_261' title='bbox 946 4146 1052 4196; x_wconf 91' lang='lat' dir='ltr'><strong>dici</strong></span> <span class='ocrx_word' id='word_1_262' title='bbox 1084 4148 1258 4197; x_wconf 82' lang='lat' dir='ltr'><strong>solent</strong></span> <span class='ocrx_word' id='word_1_263' title='bbox 1309 4162 1427 4197; x_wconf 88' lang='lat' dir='ltr'><strong>cum</strong></span> <span class='ocrx_word' id='word_1_264' title='bbox 1483 4147 1550 4198; x_wconf 87' lang='lat' dir='ltr'><strong>de</strong></span> 
     </span>
     <span class='ocr_line' id='line_1_54' title="bbox 494 4220 1548 4288; baseline 0.004 -19"><span class='ocrx_word' id='word_1_265' title='bbox 494 4220 665 4284; x_wconf 85' lang='lat' dir='ltr'><strong>Circe,</strong></span> <span class='ocrx_word' id='word_1_266' title='bbox 685 4227 791 4271; x_wconf 89' lang='lat' dir='ltr'><strong>tum</strong></span> <span class='ocrx_word' id='word_1_267' title='bbox 815 4223 974 4273; x_wconf 81' lang='lat' dir='ltr'><strong>etiam</strong></span> <span class='ocrx_word' id='word_1_268' title='bbox 1010 4223 1074 4273; x_wconf 89' lang='lat' dir='ltr'><strong>de</strong></span> <span class='ocrx_word' id='word_1_269' title='bbox 1097 4225 1307 4287; x_wconf 82' lang='lat' dir='ltr'><strong>Ulysse.</strong></span> <span class='ocrx_word' id='word_1_270' title='bbox 1373 4223 1548 4288; x_wconf 84' lang='lat' dir='ltr'><strong>Circe,</strong></span> 
     </span>
     <span class='ocr_line' id='line_1_55' title="bbox 491 4295 1546 4366; baseline 0.006 -20"><span class='ocrx_word' id='word_1_271' title='bbox 491 4295 746 4364; x_wconf 89' lang='lat' dir='ltr'><strong>inquiunt,</strong></span> <span class='ocrx_word' id='word_1_272' title='bbox 776 4300 909 4351; x_wconf 82' lang='lat' dir='ltr'><strong>Solis</strong></span> <span class='ocrx_word' id='word_1_273' title='bbox 952 4306 1010 4350; x_wconf 89' lang='lat' dir='ltr'><strong>et</strong></span> <span class='ocrx_word' id='word_1_274' title='bbox 1045 4300 1238 4350; x_wconf 86' lang='lat' dir='ltr'><strong>Perses</strong></span> <span class='ocrx_word' id='word_1_275' title='bbox 1286 4300 1546 4366; x_wconf 74' lang='lat' dir='ltr'><strong>Nymphoe</strong></span> 
     </span>
    </p>
   </div>
   <div class='ocr_carea' id='block_1_21' title="bbox 1628 3992 2686 4367">
    <p class='ocr_par' dir='ltr' id='par_1_22' title="bbox 1628 3992 2686 4367">
     <span class='ocr_line' id='line_1_56' title="bbox 1630 3992 2686 4059; baseline 0.001 -16"><span class='ocrx_word' id='word_1_276' title='bbox 1630 3994 1757 4057; x_wconf 80' lang='lat' dir='ltr'><strong>filia,</strong></span> <span class='ocrx_word' id='word_1_277' title='bbox 1806 3994 2175 4044; x_wconf 84' lang='lat' dir='ltr'><strong>veneficiorum</strong></span> <span class='ocrx_word' id='word_1_278' title='bbox 2211 3993 2524 4059; x_wconf 77' lang='lat' dir='ltr'><strong>peritissima</strong></span> <span class='ocrx_word' id='word_1_279' title='bbox 2573 3992 2686 4044; x_wconf 86' lang='lat' dir='ltr'><strong>fuit.</strong></span> 
     </span>
     <span class='ocr_line' id='line_1_57' title="bbox 1630 4070 2684 4135; baseline -0.002 -14"><span class='ocrx_word' id='word_1_280' title='bbox 1630 4071 1767 4121; x_wconf 83' lang='lat' dir='ltr'><strong>Haec</strong></span> <span class='ocrx_word' id='word_1_281' title='bbox 1802 4072 2154 4121; x_wconf 74' lang='lat' dir='ltr'><strong>Sarmatarum</strong></span> <span class='ocrx_word' id='word_1_282' title='bbox 2197 4070 2331 4134; x_wconf 82' lang='lat' dir='ltr'><strong>Regi</strong></span> <span class='ocrx_word' id='word_1_283' title='bbox 2370 4070 2571 4135; x_wconf 84' lang='lat' dir='ltr'><strong>nupsit,</strong></span> <span class='ocrx_word' id='word_1_284' title='bbox 2588 4084 2684 4135; x_wconf 86' lang='lat' dir='ltr'><strong>qno</strong></span> 
     </span>
     <span class='ocr_line' id='line_1_58' title="bbox 1630 4145 2681 4211; baseline -0.003 -14"><span class='ocrx_word' id='word_1_285' title='bbox 1630 4145 1849 4197; x_wconf 82' lang='lat' dir='ltr'><strong>venenis</strong></span> <span class='ocrx_word' id='word_1_286' title='bbox 1887 4148 2062 4197; x_wconf 85' lang='lat' dir='ltr'><strong>occiso</strong></span> <span class='ocrx_word' id='word_1_287' title='bbox 2107 4147 2162 4197; x_wconf 80' lang='lat' dir='ltr'><strong>in</strong></span> <span class='ocrx_word' id='word_1_288' title='bbox 2200 4147 2412 4197; x_wconf 81' lang='lat' dir='ltr'><strong>Italiam</strong></span> <span class='ocrx_word' id='word_1_289' title='bbox 2455 4146 2589 4211; x_wconf 81' lang='lat' dir='ltr'><strong>fugit</strong></span> <span class='ocrx_word' id='word_1_290' title='bbox 2619 4145 2681 4196; x_wconf 77' lang='lat' dir='ltr'><strong>ad</strong></span> 
     </span>
     <span class='ocr_line' id='line_1_59' title="bbox 1628 4223 2681 4291; baseline -0.002 -17"><span class='ocrx_word' id='word_1_291' title='bbox 1628 4231 1881 4287; x_wconf 87' lang='lat' dir='ltr'><strong>montem,</strong></span> <span class='ocrx_word' id='word_1_292' title='bbox 1941 4225 2029 4291; x_wconf 87' lang='lat' dir='ltr'><strong>qui</strong></span> <span class='ocrx_word' id='word_1_293' title='bbox 2086 4224 2328 4290; x_wconf 76' lang='lat' dir='ltr'><strong>quoniam</strong></span> <span class='ocrx_word' id='word_1_294' title='bbox 2383 4223 2681 4289; x_wconf 75' lang='lat' dir='ltr'><strong>quibusdam</strong></span> 
     </span>
     <span class='ocr_line' id='line_1_60' title="bbox 1629 4298 2678 4367; baseline -0.002 -16"><span class='ocrx_word' id='word_1_295' title='bbox 1629 4301 1862 4366; x_wconf 81' lang='lat' dir='ltr'><strong>cingitur</strong></span> <span class='ocrx_word' id='word_1_296' title='bbox 1895 4301 2190 4367; x_wconf 69' lang='lat' dir='ltr'><strong>paludibus,</strong></span> <span class='ocrx_word' id='word_1_297' title='bbox 2226 4300 2343 4351; x_wconf 85' lang='lat' dir='ltr'><strong>ideo</strong></span> <span class='ocrx_word' id='word_1_298' title='bbox 2380 4301 2558 4351; x_wconf 78' lang='lat' dir='ltr'><strong>insnlae</strong></span> <span class='ocrx_word' id='word_1_299' title='bbox 2576 4298 2678 4349; x_wconf 80' lang='lat' dir='ltr'><strong>for·</strong></span> 
     </span>
    </p>
   </div>
  </div>
 </body>
</html>
