3049 4928
1172 448 1260 495 no
1273 446 1477 496 c'ruu
1533 447 1732 495 vrrA.
2445 437 2558 506 *37*

358 595 538 677 Rege
568 594 1035 661 collocaretur.
1125 592 1391 676 Ipsum,
1425 594 1587 677 quia
1617 594 1861 676 paucis
1883 594 2098 677 multa
2120 568 2420 662 continet
2449 597 2541 675 ad

355 697 499 782 ejus
530 696 737 795 vitam
766 695 1107 775 facientia,
1141 696 1616 781 subjunximus
1648 717 1666 761 :

518 900 697 964 Ecce
727 897 1032 964 Boethus
1065 898 1259 963 adest
1287 899 1357 963 in
1384 899 1562 964 coelo
1591 919 1892 982 magnuS,
1917 906 1992 965 et
2014 903 2195 966 omni

604 1001 1016 1086 Perspectus
1045 1002 1321 1079 mundo,
1351 1003 1557 1068 mirus
1584 1003 1930 1069 habendus
1960 1004 2181 1071 homo.

521 1103 662 1184 Qui
690 1105 1125 1169 Theodorico
1162 1105 1338 1188 Regi
1369 1103 1636 1170 delatus
1663 1105 1919 1187 iniquo,
2234 1099 2238 1103 ’

605 1205 832 1270 Ticini
863 1207 1127 1272 senium
1160 1207 1357 1271 duxit
1384 1208 1451 1271 in
1483 1207 1711 1271 exilio.

520 1308 602 1374 In
631 1328 765 1392 qua
797 1328 872 1373 se
900 1315 1213 1375 moestum
1244 1310 1470 1375 solans
1502 1308 1688 1373 dedit
1715 1310 1877 1374 urbe
1904 1311 2242 1393 libellum3

610 1411 781 1481 Post
806 1411 984 1493 lictus
1012 1411 1266 1495 gladio,
1294 1411 1461 1476 exiit
1487 1429 1528 1475 e
1557 1409 1805 1475 medio.

434 1613 577 1679 Hic
627 1613 782 1678 finis
838 1615 964 1681 viri
1023 1615 1380 1681 clarissimi
1421 1613 1572 1693 fuit,
1629 1614 1745 1698 qui
1803 1612 2140 1692 facundia,
2183 1615 2544 1699 probitate,

347 1717 676 1795 doctrina,
734 1716 1091 1802 plurimum
1161 1718 1536 1783 excelluit:
1610 1717 1892 1783 ultimus
1944 1719 2239 1783 omnium
2294 1718 2411 1803 qui
2458 1741 2543 1785 ex

348 1820 644 1904 antiquis
675 1819 1007 1885 Romanis
1051 1821 1306 1906 aliquid
1334 1822 1676 1886 literarum
1709 1823 2160 1887 monumentis
2191 1842 2552 1890 consecra·

347 1925 514 2004 rint3
558 1923 821 2007 primus
848 1925 1142 1989 omnium
1194 1926 1310 2009 qui
1339 1923 1851 1990 Aristotelicam
1896 1925 2329 2009 disciplinam
2360 1927 2550 1993 Lati-

349 2029 452 2092 nis
482 2026 706 2091 literis
736 2026 1064 2092 illustrare
1095 2028 1459 2112 coeperint;
1503 2035 1711 2094 tantae
1744 2027 1926 2112 apud
1956 2036 2267 2112 posteros
2315 2036 2549 2095 aucto-

347 2129 596 2208 ritatiS,
638 2132 723 2193 ut'
767 2131 854 2194 ab
905 2130 1053 2215 ejus
1106 2132 1449 2196 sententiis
1497 2131 1686 2196 nulla
1734 2131 1936 2196 ferme
1993 2133 2081 2196 sit
2126 2133 2552 2216 provocatio.

348 2230 583 2316 Hujus
631 2240 839 2297 morte
891 2252 1201 2318 magnam
1259 2254 1395 2298 rem
1442 2233 1811 2313 amisimuS,
1853 2239 1918 2299 et
1955 2234 2205 2299 frustra
2252 2254 2294 2300 a
2324 2235 2549 2301 multis

348 2339 590 2419 postea
634 2339 979 2415 tentatam,
1009 2336 1329 2401 Platonis·
1350 2344 1419 2401 et
1446 2338 1836 2403 Aristotelis
1870 2337 2316 2417 concordiam,
2349 2357 2552 2422 quam

348 2437 696 2523 utriusque
732 2438 1185 2523 Philosophiae
1229 2439 1681 2525 peritissimus
1708 2445 1775 2506 et
1803 2439 2152 2525 pollicitus
2196 2439 2436 2519 fuerat,
2481 2447 2556 2506 et

348 2542 480 2606 nisi
525 2543 733 2607 vitam
778 2543 1187 2626 eripuissent
1227 2544 1543 2628 improbi,
1587 2548 1908 2628 praestare
1960 2543 2145 2609 solus
2187 2545 2551 2627 potuisset.

349 2644 542 2711 Ultio
607 2650 832 2711 tamen
895 2645 1101 2729 paulo
1159 2654 1325 2732 post
1372 2648 1681 2712 insecuta
1739 2651 1847 2712 est
1905 2646 2249 2711 divinitus.
2365 2644 2551 2711 Nam

350 2749 649 2814 coenanti
677 2748 1101 2814 Theoderico
1132 2769 1284 2814 cum
1324 2750 1539 2832 piscis
1571 2755 1780 2832 caput
1819 2748 2080 2814 illatum
2128 2754 2333 2824 esset,
2364 2748 2555 2811 visus

350 2853 456 2914 est
483 2849 616 2914 sibi
649 2850 868 2922 Rex
847 2871 919 2915 111
947 2870 1029 2915 eo
1055 2850 1282 2916 videre
1312 2850 1702 2934 Symmachi
1724 2849 1966 2915 faciem
1988 2849 2268 2913 inferius
2290 2848 2554 2912 labrum
2617 2887 2624 2895 ·

342 2951 686 3017 mordicus
731 2953 1358 3037 apprehendentem,
1389 2951 1728 3035 torvisque
1772 2950 1991 3016 oculis
2043 2949 2329 3015 subinde
2359 2949 2556 3013 mini-

350 3059 642 3121 tantem:
704 3074 786 3119 eo
816 3054 1207 3138 spectaculo
1259 3059 1728 3119 consternatus
1775 3063 2093 3139 tyrannus
2137 3054 2208 3120 in
2249 3052 2553 3116 morbum

348 3156 612 3235 incidit,
644 3164 729 3236 et,
760 3157 1164 3242 simulatque
1196 3156 1379 3240 quod
1429 3156 1683 3223 viderat
1708 3156 1781 3222 id
1813 3175 1890 3222 se
1924 3156 2173 3222 vidisse
2199 3154 2551 3220 confessus

350 3262 477 3336 est,
528 3259 890 3342 expiravit.
978 3258 1130 3324 Ictu
1174 3258 1516 3342 sanguinis
1548 3265 1881 3327 mortuum
1934 3260 2042 3323 sui
2090 3257 2552 3338 divulgarunt:

351 3382 578 3428 verum
606 3359 1076 3427 Amalisuenta
1104 3362 1200 3428 rei
1229 3362 1532 3439 conscia,
1578 3381 1732 3425 cum
1759 3362 1828 3425 in
1856 3380 2055 3443 regno
2086 3360 2554 3448 successisset,

353 3466 570 3549 patris
599 3470 756 3529 acta
781 3472 1012 3529 contra
1031 3466 1145 3550 jus
1175 3472 1248 3529 et
1275 3465 1382 3530 fas
1403 3465 1670 3530 decreta
1696 3464 2005 3544 rescidit3
2052 3469 2119 3527 et
2141 3462 2441 3526 Severini
2471 3479 2552 3526 ac

351 3568 732 3652 Symmachi
777 3570 958 3633 bona
1001 3568 1075 3631 in
1114 3566 1351 3632 fiscum
1379 3567 1674 3646 redacta,
1718 3586 1948 3632 eorum
1975 3565 2207 3630 liberis
2236 3562 2551 3641 restituit,

349 3671 592 3752 paucis
622 3671 814 3735 annis
845 3677 1047 3736 antea
1077 3689 1281 3753 quam
1334 3670 1715 3736 Belisarius
1761 3690 1805 3734 a
1851 3668 1898 3734 J
1900 3669 2239 3734 ustiniano
2283 3667 2550 3744 missus»,
2623 3689 2626 3692 ’

349 3772 553 3838 ltalia
575 3773 847 3840 Gothos
871 3793 1098 3839 omnes
1127 3773 1405 3857 expulit.
1479 3773 1697 3839 Porro
1729 3771 2004 3837 Boethii
2029 3769 2222 3835 multi
2250 3769 2550 3834 fuerunt:

350 3876 599 3957 primus
632 3874 930 3953 Stoicus,
954 3875 1041 3939 de
1071 3894 1210 3960 quo
1241 3875 1644 3940 mentionem
1660 3875 1826 3940 facit
1858 3875 2199 3955 Diogenes
2227 3873 2298 3937 in
2329 3871 2553 3935 Zeno-

347 3978 451 4040 nis
481 3975 696 4044 Vita:
744 3976 1078 4043 secundus
1107 3977 1511 4061 EpicureuS,
1545 3998 1748 4062 quem
1780 3976 2278 4042 Plutarchusin
2308 3972 2554 4038 Convi-

348 4078 477 4143 viis
525 4079 938 4146 introducit:
984 4079 1619 4159 tertius'CretensiS,
1647 4078 2041 4145 Aristotelis
2071 4076 2438 4152 studiosus,
2479 4079 2553 4137 et

348 4180 446 4245 vir
475 4181 881 4260 consularis,
914 4201 957 4247 a
990 4182 1259 4249 Galeno
1292 4183 1687 4249 celebratus.
1778 4182 2040 4249 Praeter
2085 4180 2214 4244 hos
2258 4177 2377 4243 alii
2408 4176 2546 4240 duo

346 4280 617 4349 fuerunt
644 4289 714 4349 et
742 4283 1148 4368 Philosophi
1193 4286 1394 4356 ambo
1419 4291 1488 4353 et
1515 4285 1951 4371 Peripatetici
1973 4303 1993 4366 3
2036 4301 2209 4347 unus
2237 4281 2345 4347 hic
2378 4279 2548 4362 ipse,
