3049 4928
547 383 679 450 370

551 541 746 609 sibile
796 545 922 620 est,
967 538 1239 623 qualem
1286 539 1495 624 paulo
1550 544 1700 603 ante
1725 537 2173 606 definivimus.
2261 537 2446 620 Quid
2484 539 2726 624 igitur'l

548 647 865 730 inquam:
921 643 1168 707 nihilne
1227 650 1332 707 est
1382 640 1565 726 quod
1624 642 1731 706 vel
1778 660 1979 707 casus
2033 643 2143 706 vel
2192 640 2548 708 fortuitum
2589 645 2729 740 jure

551 747 886 832 appellari
938 746 1189 829 queat‘l
1275 742 1381 811 An
1426 751 1531 809 est
1576 743 1856 828 aliquid,
1906 745 2172 810 tametsi
2218 746 2463 828 vulgus
2512 734 2728 824 lateat,

550 851 660 917 cui
689 848 1021 915 vocabula
1051 849 1185 912 ista
1211 847 1649 913 conveniant?
1697 844 2140 913 Aristoteles⁰
2160 866 2356 921 meus
2379 848 2473 927 id,
2501 848 2730 932 inquit,

550 956 620 1018 in
650 952 1010 1038 Physicis?
1065 956 1131 1015 et
1173 951 1363 1015 brevi
1392 957 1459 1016 et
1501 950 1644 1017 veri
1691 951 2075 1035 propinqua
2116 953 2372 1017 ratione
2423 951 2733 1017 definivit.

553 1056 895 1136 Quonam,
930 1056 1225 1138 inquam,
1252 1053 1507 1118 modo'l
1557 1052 1871 1132 Quoties,
1904 1055 2024 1132 ait,
2055 1054 2312 1138 aliquid
2356 1052 2735 1138 cujuspiam

550 1159 645 1224 rei
691 1160 906 1242 gratia
937 1159 1205 1241 geritur,
1266 1157 1582 1242 aliudque
1632 1157 2040 1244 quibusdam
2086 1157 2171 1222 de
2225 1157 2478 1235 causiS,
2535 1175 2736 1241 quam

549 1262 738 1346 quod
788 1260 1278 1339 intendebatur,
1327 1261 1643 1342 obtingit,
1700 1279 1903 1325 casus
1957 1266 2274 1327 vocatur:
2347 1265 2425 1324 ut
2478 1259 2540 1323 si
2588 1259 2736 1343 quis

551 1363 815 1429 colendi
865 1365 1004 1447 agri
1043 1382 1250 1428 causa
1296 1363 1565 1430 fodiens
1622 1364 1916 1442 humum,
1965 1364 2221 1429 defossi
2275 1363 2423 1428 auri
2474 1362 2738 1446 pondus

551 1468 870 1532 inveniat.
958 1464 1118 1531 Hoc
1149 1464 1347 1548 igitur
1384 1465 1698 1533 fortuito*
1760 1466 2025 1552 quidem
2054 1465 2340 1532 creditur
2369 1465 2732 1530 accidisse:

549 1557 783 1635 verum
833 1588 966 1633 non
1011 1567 1093 1631 de
1144 1568 1355 1633 nihilo
1403 1574 1547 1635 est:
1613 1589 1770 1634 nam
1824 1569 2140 1654 proprias
2199 1587 2445 1632 causas
2498 1567 2733 1632 habet:

553 1662 833 1755 quarum
865 1671 1271 1754 improvisus
1317 1672 1843 1761 inopinatusque
1872 1690 2236 1737 concursus
2283 1690 2523 1735 casum
2552 1669 2737 1733 vide·

550 1782 660 1839 tur
689 1780 1024 1857 operatus,
1127 1772 1308 1837 Nam
1354 1774 1488 1837 nisi
1527 1775 1744 1838 cultor
1793 1776 1931 1857 agri
1972 1774 2240 1839 humum
2287 1772 2562 1849 foderet,
2608 1769 2737 1835 nisi

552 1896 635 1941 eo
659 1877 862 1941 loco⁵
905 1876 1258 1960 pecuniam
1306 1894 1499 1939 suam
1548 1875 1893 1960 depositor
1936 1876 2296 1954 obruisset,
2342 1893 2581 1940 aurum
2610 1892 2741 1938 non

555 1986 746 2044 esset
772 1980 1134 2043 inventum.
1224 1976 1362 2042 Hae
1393 1985 1548 2041 sunt
1583 1978 1790 2060 igitur
1837 1978 2094 2043 fortuiti
2145 1998 2373 2045 causae
2424 1996 2738 2061 compen-

552 2082 701 2160 diist
746 2080 924 2165 quod
958 2100 1048 2144 ex
1078 2079 1296 2144 obviis
1327 2080 1481 2159 sibi,
1532 2085 1600 2144 et
1648 2080 2135 2146 confluentibus
2186 2076 2439 2161 causiS,
2495 2099 2627 2145 non
2655 2097 2741 2143 ex

555 2185 838 2267 gerentis
882 2184 1239 2248 intentione
1281 2185 1603 2269 provenit.
1693 2184 1938 2270 Neque
1990 2185 2166 2249 enim
2212 2187 2319 2251 vel
2347 2184 2467 2270 qui
2512 2200 2741 2248 aurum

556 2288 798 2363 obruit,
829 2289 936 2353 vel
956 2288 1070 2371 qui
1100 2308 1329 2370 agrum
1354 2288 1674 2366 exercuit,
1697 2294 1774 2354 ut
1801 2308 1882 2353 ea
1911 2290 2203 2372 pecunia
2225 2289 2620 2375 reperiretur
2639 2289 2741 2349 in-

555 2391 806 2456 tendit:
854 2390 997 2471 sed,
1026 2392 1129 2455 uti
1158 2391 1328 2472 dixi,
1382 2392 1562 2477 quod
1588 2394 1728 2458 ,ille
1758 2390 2036 2472 obruit,⁶
2094 2392 2274 2457 hunc
2302 2392 2561 2456 fodisse
2590 2376 2743 2454 con-

1238 393 1545 444 noss'rnn
1598 393 1695 444 DE
1740 392 2049 444 CONSOB-

618 2562 640 2589 ⁰
672 2555 998 2624 Philosophus.
1123 2564 1155 2599 Ρ
1186 2570 1250 2607 11.
1274 2557 1355 2607 lib.
1378 2572 1483 2623 cap.
1501 2563 1554 2610 5.
1684 2567 1708 2601 ⁹
1744 2559 1964 2617 Qua-stus
1980 2559 2079 2609 sive
2099 2558 2343 2615 utilitatis.

1469 2692 1832 2717 ‘um

552 2784 773 2844 uterque
804 2779 944 2831 vict.
998 2781 1105 2834 Hoc
1136 2781 1292 2843 igitur
1311 2781 1545 2843 fortuitu.
1549 2787 1643 2832 —5
1678 2783 1753 2832 Eo
1793 2783 1884 2833 loci
1924 2783 2065 2846 Delp
2068 2783 2121 2833 h.
2161 2780 2336 2832 Hack·
2375 2781 2506 2844 Reg.
2538 2796 2594 2831 eo
2630 2782 2747 2833 loco.

551 2845 745 2894 Thnan.
767 2845 1055 2895 secundus:
1090 2848 1141 2895 in
1160 2862 1212 2896 eo
1230 2848 1444 2897 loom—6
1477 2848 1582 2897 Ms.
1603 2848 1858 2898 Rittersh.
1881 2847 2003 2900 edd.
2024 2847 2213 2911 Delpb.
2249 2853 2304 2898 et
2339 2846 2512 2900 Hack·
2546 2861 2638 2912 quo
2668 2848 2747 2897 ille

546 2910 727 2959 obruit.
750 2910 882 2974 Reg.
903 2911 1111 2962 etVict.
1134 2911 1424 2962 secundus.
1460 2912 1875 2976 quodilleobruit.

1538 3026 1590 3078 N
1595 3026 1753 3083 01·AE

550 3123 765 3174 nihilum
803 3137 904 3173 non
960 3122 1125 3188 possit
1170 3138 1283 3174 esse
1336 3123 1491 3174 ullius
1531 3124 1608 3180 rei

553 3216 724 3264 causa,
744 3209 987 3253 eventum
1002 3217 1153 3253 omne
1174 3203 1395 3269 aliquam
1418 3203 1610 3254 habeat

1690 3139 1828 3180 nunc
1851 3127 2058 3192 dicitur,
2093 3127 2109 3155 ‘
2131 3124 2297 3177 faciat
2325 3124 2451 3176 ordo
2473 3124 2564 3175 ille
2585 3124 2748 3175 inevi-

1690 3202 1836 3252 tabili
1871 3204 2190 3253 connexione
2231 3202 2534 3266 procedens,
2568 3201 2746 3267 quide

551 3293 780 3341 causam,
811 3280 995 3329 saltem
1028 3281 1357 3344 exteriorem,
1387 3296 1606 3332 necesse

551 3361 653 3404 est.
706 3354 762 3403 Si
799 3370 923 3405 vero
964 3357 980 3385 ‘
1001 3358 1169 3408 casus’
1205 3357 1409 3410 dicatur
1451 3373 1609 3410 even-

545 3440 660 3504 tum
678 3433 849 3497 aliqua
860 3448 1133 3485 causarum
1152 3436 1471 3486 connexione
1489 3451 1608 3500 pro-

549 3510 783 3573 ductum,
837 3511 930 3560 sed
980 3518 1175 3575 praeter
1217 3513 1480 3563 notionem
1519 3528 1609 3563 vo·

550 3585 904 3651 luntatemqu'e
919 3588 1118 3649 agentis
1136 3603 1151 3648 ς
1187 3583 1609 3652 distinguendum

550 3668 650 3712 est.
714 3660 815 3711 Vel
858 3663 993 3711 enim
1029 3677 1183 3712 causa
1226 3663 1359 3727 haec,
1412 3673 1609 3728 praeter

550 3736 700 3800 cujus
717 3736 982 3786 notionem
1006 3740 1428 3805 voluntatemque
1451 3755 1608 3790 even·

549 3819 660 3862 tum
685 3812 882 3863 dicitur
904 3812 1040 3877 fleri,
1057 3824 1138 3864 est
1161 3815 1349 3879 prima,
1367 3816 1611 3867 nimirum

549 3893 699 3942 Deus
725 3910 740 3955 ;
765 3894 849 3943 vel
868 3901 951 3944 est
974 3894 1217 3958 secunda,
1232 3910 1418 3961 nempe
1441 3897 1608 3946 bomo.

548 3969 602 4019 Si
644 3985 797 4020 causa
833 3972 949 4021 haec
1005 3969 1167 4022 fuerit
1210 3973 1395 4037 prima,
1438 3974 1606 4022 nullus

556 4047 765 4097 omnino
801 4048 818 4077 ‘
844 4047 1011 4098 casus'
1036 4055 1151 4098 est:
1187 4049 1610 4116 quandoquidem

548 4125 744 4175 nullum
784 4130 1028 4175 eventum
1068 4125 1372 4190 producitur
1415 4134 1610 4190 praeter

547 4201 815 4252 notionem
850 4203 1277 4267 voluntatemque
1309 4203 1440 4252 Dei:
1489 4218 1608 4253 cum

547 4278 565 4314 ⁶
591 4291 898 4331 concurrere
923 4293 984 4329 ac
1005 4276 1268 4329 confluere
1304 4278 1520 4343 causas,’
1552 4285 1610 4330 ut

1690 3278 2048 3330 Providentiae
2065 3277 2214 3329 fonte
2238 3278 2574 3342 descendens,
2594 3292 2746 3328 cuno-
2771 3311 2775 3318 ·

1690 3361 1748 3406 ta
1763 3356 1868 3406 suis
1883 3356 2015 3405 locis
2033 3354 2459 3420 temporibusque
2482 3352 2748 3420 disponit!

1691 3430 1766 3482 At
1794 3431 1835 3480 si
1858 3430 2114 3496 praedicta
2136 3446 2293 3481 causa
2315 3428 2478 3481 fuerit
2498 3431 2749 3492 secunda,

1692 3510 1708 3536 ‘
1730 3510 1895 3560 casus’
1930 3515 2105 3573 potest
2142 3508 2349 3558 admitti
2370 3526 2384 3558 ε
2441 3507 2565 3573 quia
2606 3520 2746 3571 saepe

1690 3594 1932 3637 eventum
1947 3585 2253 3649 producitur
2271 3590 2465 3650 praeter
2479 3582 2746 3634 notionem

1688 3670 1744 3714 et
1776 3663 2092 3712 voluntatem
2133 3661 2386 3711 hominis:
2421 3666 2480 3710 ut
2512 3661 2530 3688 ‘
2555 3659 2600 3709 si
2638 3658 2746 3724 quis

1691 3739 1898 3791 colendi
1933 3739 2049 3803 agri
2084 3753 2243 3789 causa
2277 3737 2483 3788 fodiens
2519 3736 2745 3796 humum,

1691 3814 1887 3866 defossi
1911 3815 2023 3865 auri
2040 3815 2242 3879 pondus
2265 3813 2498 3864 inveniat
2518 3812 2553 3860 ε’
2588 3825 2743 3878 quan·

1692 3908 1847 3960 quam
1870 3894 2008 3944 enim
2029 3907 2186 3943 causa
2219 3891 2395 3956 aliqua
2426 3887 2611 3953 fuerit,
2633 3903 2744 3954 quae

1690 3986 1868 4020 aurum
1885 3970 2140 4031 obruerit,
2164 3983 2457 4034 quanquam
2479 3967 2637 4016 etiam
2659 3966 2743 4015 ali·

1689 4063 1788 4113 qua
1810 4062 1969 4098 causa
1988 4047 2074 4110 sil,
2095 4060 2210 4110 quae
2235 4043 2529 4094 exercendo
2552 4050 2744 4093 terram

1692 4140 1872 4175 aurum
1898 4122 2192 4183 detexerit;
2221 4120 2343 4186 quia
2366 4127 2541 4170 tamen
2566 4130 2741 4169 aurum

1690 4208 1883 4267 proeter
1898 4200 2158 4250 notionem
2176 4196 2494 4248 voluntatem
2501 4211 2602 4261 que
2617 4193 2742 4258 agri·

1691 4278 1818 4328 eolae
1832 4276 2097 4328 invenitur
2114 4275 2180 4325 ab
2198 4275 2310 4339 ipso
2327 4272 2574 4337 agricola,
2592 4268 2738 4324 idcir·
