3049 4928
988 380 1507 433 mansorum
1530 388 1535 389 ἢ
1558 381 1703 432 [ΑΒ.
1749 384 1863 435 111.
2395 369 2527 444 285,

342 525 550 591 omnia
565 526 1004 593 beatitudinis
1036 531 1332 594 membra
1354 529 1588 608 forent,
1619 549 1661 594 a
1693 550 1768 595 se
1796 550 2064 615 quoque
2082 530 2371 597 invicem
2391 532 2525 598 dis-

341 637 699 713 creparent.
788 630 971 696 Hoec
998 638 1099 696 est
1128 634 1299 697 enim
1328 635 1615 718 partium
1645 640 1906 711 natura,
1941 641 2013 700 ut
2048 654 2248 700 unum
2279 642 2524 720 cor'pus

341 731 602 798 diversa
661 741 1084 818 componant.
1173 734 1387 820 Atqui
1433 736 1581 801 haec
1629 737 1854 802 omnia
1914 737 2090 802 idem
2142 756 2292 802 esse
2342 756 2526 802 mon-

340 840 542 899 strata
573 844 749 901 sunt.
840 837 1124 902 Minime
1154 839 1352 922 igitur
1381 841 1677 907 membra
1708 846 1904 906 sunt:
1953 841 2246 925 alioquin
2271 861 2357 905 ex
2386 860 2524 906 uno

335 938 622 1003 membro
681 939 1033 1005 beatitudo
1098 941 1429 1006 videbitur
1486 962 1639 1008 esse
1709 943 2085 1028 conjuncta,
2145 943 2322 1027 quod
2381 943 2524 1008 fieri

334 1042 577 1124 nequit.
670 1042 754 1106 Id
783 1043 1079 1126 quidem,
1109 1044 1409 1128 inquam,
1440 1046 1721 1111 dubium
1750 1048 1886 1111 non
1917 1056 2060 1113 est:
2107 1048 2227 1113 sed
2252 1048 2323 1113 id
2346 1048 2526 1132 quod

334 1150 555 1223 restat,
588 1153 901 1229 expecto.
990 1144 1102 1211 Ad
1133 1147 1381 1211 bonum
1411 1167 1576 1213 vero
1605 1152 1842 1215 cetera
1875 1151 2106 1215 referri
2147 1150 2371 1234 palam
2402 1156 2525 1215 est.

336 1247 596 1313 Idcirco
624 1249 798 1312 enim
830 1247 1229 1313 sufficientia
1259 1251 1532 1334 petitur,
1578 1251 1898 1333 quoniam
1947 1254 2198 1317 bonum
2225 1273 2377 1318 esse
2413 1253 2525 1337 ju-

336 1349 589 1416 dicatur
612 1371 631 1432 3
651 1361 677 1402 9
721 1352 971 1417 idcirco
1003 1353 1330 1437 potentia,
1364 1354 1677 1437 quoniam
1723 1352 1793 1417 id
1829 1373 2099 1437 quoque
2136 1375 2283 1420 esse
2312 1355 2527 1421 credi·
2627 1387 2635 1392 ·

336 1460 434 1516 tur
460 1454 730 1517 bonum.
819 1453 1011 1519 Idem
1053 1454 1137 1518 de
1175 1456 1570 1532 reverentia,
1616 1455 2037 1535 claritudine,
2071 1456 2523 1541 jucunditate,

334 1555 708 1639 conjectare
757 1557 941 1623 licet.
1047 1556 1366 1622 Omnium
1424 1558 1626 1640 igitur
1681 1560 2206 1644 expetendorum
2263 1579 2528 1625 summa

335 1663 521 1744 atque
566 1678 783 1725 causa
813 1662 1065 1726 bonum
1093 1667 1214 1725 est.
1305 1659 1508 1739 Quod
1540 1663 1713 1727 enim
1745 1683 1963 1747 neque
1999 1684 2072 1728 re
2100 1683 2312 1748 neque
2343 1662 2525 1727 simi-

333 1760 603 1826 litudine
655 1762 861 1827 ullum
910 1764 982 1827 in
1029 1783 1101 1828 se
1129 1765 1370 1828 retinet
1419 1765 1694 1843 bonum,
1736 1765 1805 1829 id
1858 1766 2088 1850 expeti
2116 1765 2300 1830 nullo
2329 1763 2528 1829 modo

331 1869 564 1948 potest.
673 1864 1060 1951 Contraque
1119 1867 1324 1931 etiam
1382 1887 1539 1951 quae
1596 1875 1838 1933 natura
1894 1868 2081 1934 bona
2132 1888 2270 1933 non
2323 1872 2529 1944 sunt,⁰

334 1974 545 2033 tamen
574 1969 641 2034 si
662 1977 713 2007 ¹0
775 1989 923 2036 esse
952 1970 1326 2046 videantur,
1375 1970 1571 2052 quasi
1623 1989 1781 2034 vera
1832 1972 2014 2035 bona
2060 1970 2267 2047 sint‚¹¹
2317 1989 2529 2053 appe-

332 2074 563 2138 tuntur.
660 2073 817 2151 Quo
845 2073 924 2136 fit
948 2074 1048 2138 uti
1089 2092 1374 2151 summa,
1434 2073 1660 2152 cardo,
1706 2080 1911 2158 atque
1967 2094 2175 2138 causa
2203 2080 2529 2157 expeten-

335 2175 555 2240 dorum
588 2175 915 2255 omnium,
974 2177 1241 2240 bonitas
1301 2195 1447 2239 esse
1498 2176 1651 2260 jure
1708 2177 2034 2242 credatur.
2127 2175 2333 2260 Cujus
2369 2195 2529 2240 vero

337 2299 540 2345 causa
570 2281 739 2365 quid
768 2279 1157 2365 expetitur,p
1216 2279 1288 2343 id
1344 2281 1637 2344 maxime
1683 2281 1943 2346 videtur
1971 2280 2214 2364 optari.
2301 2277 2535 2344 Veluti

1547 2447 1610 2468 «fe

334 2548 517 2612 neget?
569 2549 704 2598 Mss.
748 2547 894 2609 Cadus
924 2548 1012 2597 rei.
1055 2547 1175 2597 Non
1216 2546 1388 2596 male!
1417 2547 1650 2596 Bernart.
1686 2546 1959 2596 Βίτωνι-9
1993 2545 2100 2593 Ms,
2136 2542 2390 2593 Rittersh.
2411 2546 2535 2606 quod

333 2611 492 2662 bonum
512 2629 612 2663 esse
636 2614 1002 2662 creciacum—10
1037 2612 1274 2675 Uterque
1292 2612 1435 2660 Vict.
1470 2613 1577 2661 Ms.
1611 2611 1862 2664 Rittersh.
1887 2609 2009 2659 edd.
2041 2608 2236 2671 Delph.
2271 2614 2325 2657 et
2361 2608 2535 2658 Hack.

331 2683 483 2728 tamen
503 2679 612 2730 etsi.
645 2678 824 2728 Proba
855 2678 1313 2740 lectio,‘censente
1354 2676 1802 2725 Sitzmanno.—ll
1835 2676 2029 2725 Thuan.
2054 2673 2266 2737 primus„
2299 2679 2355 2721 et
2389 2673 2534 2723 vict.

1327 2838 1542 2892 No'rAE

334 2962 505 3036 partes
551 2972 665 3020 sive
713 2971 951 3022 membra
1005 2987 1095 3021 sua
1142 2971 1389 3037 quaelibet

334 3063 554 3099 seorsum
602 3050 725 3098 idea
768 3050 989 3113 cogitari
1027 3058 1264 3114 possunt,
1312 3048 1390 3098 sic

335 3141 364 3174 a
396 3142 450 3175 se
485 3127 713 3176 invicem
760 3126 990 3188 separari
1020 3133 1075 3175 et
1110 3124 1391 3188 separatim

333 3204 622 3252 conservari
669 3208 919 3265 possunt:
962 3200 1391 3266 quemadmodum

333 3286 541 3330 constat
580 3280 650 3328 de
685 3284 856 3328 mente
889 3282 947 3327 et
985 3292 1224 3341 corpore,
1275 3292 1391 3342 quoe

333 3363 450 3405 suut
489 3355 714 3406 hominis
761 3362 976 3419 partes:
1034 3355 1158 3420 quin
1196 3355 1239 3403 si
1277 3356 1392 3404 haec

334 3432 588 3494 praedicta
610 3438 788 3483 essent
810 3432 876 3481 de
901 3446 1090 3495 genere
1108 3432 1396 3495 modorum,

335 3509 443 3559 sine
488 3511 682 3576 quibus
726 3523 832 3571 res,
876 3509 1021 3573 cujus
1054 3517 1189 3573 sunt,
1223 3516 1410 3576 potest,

336 3586 601 3647 existere3
657 3585 792 3635 SIcut
821 3599 1007 3648 corpus
1044 3590 1222 3650 potest
1261 3586 1396 3635 exis-

337 3667 447 3712 tere
471 3662 584 3711 sine
606 3661 812 3727 quiete3
851 3668 1030 3724 posset
1067 3662 1224 3709 etiam
1260 3675 1398 3709 sum·

334 3754 468 3789 mum
486 3741 685 3791 bonum
720 3740 946 3790 existere
981 3740 1093 3789 sine
1115 3738 1398 3803 praedictiS,

337 3817 569 3882 adeoque
617 3832 717 3866 non
771 3824 1079 3882 sequeretur
1128 3830 1268 3874 eum,
1307 3815 1397 3879 qui

335 3891 600 3943 frueretur
611 3907 809 3943 summo
826 3893 981 3955 bono,
994 3890 1093 3940 frui
1113 3898 1399 3955 propterea

339 3969 633 4031 praedictis:
672 3967 765 4018 sed
799 3967 1055 4031 praedicta
1087 3981 1254 4032 neque
1278 3974 1398 4017 sunt

341 4047 569 4095 membra
611 4046 796 4095 summi
850 4045 989 4107 boni,
1027 4058 1199 4109 neque
1240 4044 1397 4093 etiam

338 4123 491 4187 modi,
506 4124 620 4173 sine
633 4123 817 4187 quibus
830 4137 943 4173 esse
960 4123 1125 4186 possit
1144 4135 1395 4170 summum

340 4198 527 4248 bouum
549 4215 566 4259 3
602 4198 1017 4263 quandoquidem
1036 4197 1284 4246 summum
1309 4196 1397 4246 bo·

342 4288 461 4325 num
484 4290 553 4326 ex
587 4275 743 4327 dictis
776 4289 873 4326 uec
898 4283 1078 4339 partes
1100 4274 1276 4337 habet,
1299 4288 1398 4326 uec

1474 2968 1631 3020 modo
1677 2967 1918 3031 afficitur,
1974 2982 2075 3033 quo
2116 2965 2282 3030 possit
2325 2978 2538 3025 carere3

1471 3045 1661 3110 aiioqui
1684 3060 1785 3095 non
1813 3052 1955 3095 esset
1973 3045 2208 3094 absolute
2225 3040 2540 3106 perfectum:

1475 3138 1634 3187 quare
1652 3136 1862 3172 necesse
1880 3128 1983 3184 est,
1999 3120 2170 3185 ut,qui
2190 3131 2386 3168 summo
2399 3116 2537 3165 bono

1474 3199 1686 3261 fruitur,
1705 3200 1791 3249 hic
1810 3205 1866 3247 et
1884 3200 2180 3262 voluptate,
2197 3202 2252 3245 et
2275 3193 2536 3254 claritate,

1474 3285 1529 3327 et
1571 3277 1762 3327 ceteris
1801 3274 2058 3338 ejusmodi
2085 3272 2304 3322 fruatur.
2368 3270 2536 3319 Immo

1472 3369 1644 3421 neque
1689 3353 1897 3403 divitias
1949 3364 2120 3415 neque
2150 3350 2252 3398 alia
2289 3345 2539 3411 ejusmodi

1476 3432 1794 3496 expetimuS,
1813 3428 1913 3478 nisi
1940 3428 2062 3492 qnia
2086 3426 2327 3475 videntur
2348 3423 2538 3472 habere

1478 3504 1934 3558 rationemsummi
1960 3502 2099 3567 boni,
2132 3502 2241 3552 sive
2260 3496 2537 3549 beatitudi-

1478 3601 1575 3636 nm.

1543 3671 1567 3697 ⁰
1602 3665 1723 3719 Quae
1754 3667 1929 3713 natura
1952 3661 2067 3709 bona
2102 3674 2195 3709 non
2215 3654 2348 3718 sunt]
2380 3654 2541 3707 Quie-

1480 3739 1604 3804 quid
1629 3741 1696 3789 ab
1731 3739 1939 3788 homine
1962 3738 2250 3800 expetitur,
2270 3736 2324 3784 id
2348 3741 2437 3782 aut
2461 3746 2540 3781 re·

1477 3818 1725 3880 ipsataut
1758 3814 1936 3879 specie
1976 3815 2157 3862 saitem
2201 3812 2393 3861 bonum
2427 3814 2538 3858 est:

1479 3892 1619 3941 unde
1643 3891 1787 3941 aiunt
1828 3890 1946 3938 Phil
1959 3888 2186 3953 osophig‘
2212 3902 2309 3936 nec
2334 3886 2541 3948 bonum,

1478 3981 1581 4033 qua
1604 3966 1793 4016 bonum
1817 3973 1918 4027 est,
1941 3964 2062 4015 odio
2094 3962 2295 4026 haberi,
2316 3976 2413 4011 nec
2436 3973 2540 4008 ma-

1476 4047 1720 4109 lum‚qua
1743 4045 1952 4103 maium,
1976 4039 2177 4090 amari!
2394 4071 2399 4074 ,

1542 4129 1568 4162 Ρ
1592 4122 1740 4183 Cujus
1760 4135 1865 4169 vero
1880 4131 2019 4168 causa
2033 4118 2146 4180 quid
2155 4113 2415 4178 expetitur,
2434 4109 2544 4173 qma]

1478 4196 1601 4248 Hoc
1627 4203 1709 4247 est
1749 4196 1970 4252 axioma,
1993 4191 2129 4257 quod
2157 4206 2190 4240 a
2212 4187 2543 4249 Philosophia

1479 4275 1615 4324 solet
1653 4274 1727 4323 sic
1781 4269 2039 4335 exprimi:
2110 4269 2126 4296 ‘
2153 4272 2367 4331 propter
2404 4262 2540 4327 quod
