3049 4928
613 363 926 445 nomm?
973 395 1068 443 1>ss
1116 393 1426 443 conson.

326 540 572 591 lustravit
590 541 705 590 haec
720 538 772 589 J.
789 540 937 588 Dusa
954 539 1051 588 Fit.
1075 537 1127 586 in
1152 538 1307 586 Notis
1331 537 1397 587 'ad

327 619 524 669 Tibull'.
547 617 636 668 lib.
654 630 719 667 11.
741 618 893 680 Eleg.
918 621 966 666 1.
984 631 1060 665 vs.
1084 619 1163 665 88.
1198 615 1369 665 Sitzm.

400 698 602 760 Compos
617 696 808 744 verendi
829 694 1042 758 luminis]
1073 694 1194 743 Nou
1232 694 1399 742 solum

331 776 479 824 locus
526 773 614 821 ille
650 771 1057 834 supercoelestis,
1087 783 1244 833 supra
1281 769 1397 818 coeli

330 852 542 899 dorsum
564 849 711 909 situs,
725 848 916 896 lumine
942 848 1122 911 plenus
1144 845 1401 907 creditur,

332 935 524 991 utpote
556 940 709 990 quem
734 925 992 974 Platonici
1027 930 1215 973 vocant
1236 921 1402 977 οὐσίαν

331 1005 480 1054 ὄντας
501 1001 666 1064 οὖσαν,
687 1004 773 1061 τῆς
795 1001 1014 1061 ἀληθείας
1033 1000 1192 1051 πεδίον
1210 999 1291 1050 καὶ
1304 1009 1401 1049 λει-

329 1083 480 1143 μῶνα,
527 1083 542 1109 ‘
564 1080 838 1129 essentiam
894 1094 1019 1128 vere
1074 1079 1402 1149 existentem,

332 1156 591 1206 Veritatis
614 1170 849 1219 campum
874 1165 928 1205 et
951 1154 1195 1219 pratum.’
1245 1155 1401 1220 Cujus

331 1235 508 1283 lumen
529 1233 883 1281 intellectuale
907 1234 1039 1300 coelo
1070 1232 1285 1297 aliisque
1320 1247 1401 1281 or-

336 1311 545 1359 dinibus
565 1309 657 1367 τῆν
690 1310 778 1357 τοῦ
816 1308 974 1373 φωτὸς
1006 1308 1255 1368 μετουσίαν
1287 1308 1402 1357 ἐνδί-

336 1390 473 1448 δωσι,
493 1390 509 1416 ‘
535 1387 685 1436 Lucis
707 1388 1111 1435 communionem
1134 1386 1357 1449 largitur
1373 1386 1405 1447 ;'

335 1465 415 1515 καὶ
436 1466 532 1513 πᾶν
552 1463 759 1528 &sifi-lmus
776 1466 950 1527 πληροῖ
965 1467 1061 1512 τῶν
1088 1462 1264 1512 ἑνιαίων
1292 1463 1406 1523 ἄγα·

337 1546 446 1605 θῶν,
476 1545 492 1571 ‘
520 1550 576 1591 et
601 1558 706 1594 rem
732 1555 935 1590 omnem
972 1539 1221 1590 ineffabili
1252 1540 1404 1589 modo

337 1620 512 1683 replet
549 1618 889 1681 singularibus
928 1616 1111 1668 bonis.’
1176 1616 1280 1666 Sed
1318 1631 1403 1666 ve-

341 1697 442 1744 teri
477 1695 772 1757 Theologiae
808 1696 950 1743 Deus
988 1710 1193 1760 qnoque
1231 1696 1405 1743 lumen

340 1773 563 1822 dicitur:
599 1774 698 1822 Φῶς
746 1771 826 1821 καὶ
880 1770 977 1835 ζωή
1015 1773 1147 1821 ἐστιν
1193 1772 1220 1819 ὁ
1273 1769 1406 1832 Θεὸς,

341 1851 357 1877 ‘
383 1852 530 1900 Deus
576 1855 659 1899 est
699 1851 871 1899 lumen
926 1857 983 1898 et
1039 1847 1183 1910 vita,’
1236 1848 1409 1913 inquit

340 1926 567 1975 Hermes
610 1925 789 1975 Poem.
835 1940 952 1989 cap.
992 1930 1037 1975 1.
1081 1939 1181 1974 non
1225 1940 1408 1987 corpo-

323 2006 618 2070 ‘reum,sed
639 2006 897 2067 nimirum,
936 2010 995 2052 nt
1031 2005 1106 2054 ait
1142 2020 1257 2068 cap.
1283 2015 1410 2055 xnt.

341 2084 441 2143 φῶς
463 2081 649 2142 νοητὸν,
669 2082 685 2108 ‘
712 2083 884 2130 lumen
908 2082 1274 2145 intelligibile?
1341 2083 1411 2131 Et

342 2173 411 2207 ne
437 2160 521 2208 cui
545 2160 640 2207 hoc
662 2157 873 2207 dubium
900 2158 983 2219 sit,
1018 2158 1276 2207 audienda
1298 2159 1413 2222 ipsa

343 2236 563 2296 veritas,
584 2235 773 2287 Joann.
799 2236 968 2299 Epist.
995 2240 1043 2284 1.
1078 2235 1170 2284 Kal
1192 2234 1311 2294 αὕτη
1334 2237 1411 2285 ἑσ-

339 2311 421 2361 τὶν
441 2310 475 2370 ᾖ
496 2310 763 2373 ἐπαγγελία
781 2310 840 2369 ἣν
870 2310 1135 2371 ἀκηκόαμεν
1158 2313 1237 2361 ἀπ’
1257 2313 1416 2376 αὐτοῦ,

347 2388 428 2438 καὶ
454 2386 812 2449 ἀναγγέλλομεν
843 2390 966 2450 ὑμῖν,
999 2388 1071 2437 ὅτι
1108 2391 1135 2436 ὁ
1170 2388 1286 2439 Θεὸς
1318 2393 1417 2452 φῶς

347 2469 452 2516 ἐστι
474 2464 551 2515 καὶ
569 2464 737 2515 σκοτία
754 2467 804 2514 ἑν
822 2466 944 2530 αὐτῷ
960 2467 1044 2515 οὐκ
1058 2464 1189 2516 ἔστιν
1208 2467 1416 2531 οὐδεμία,

347 2547 363 2573 ‘
391 2546 460 2594 Et
477 2545 591 2593 haec
615 2550 698 2593 est
721 2544 1050 2592 annuntiatio
1090 2559 1238 2607 qnam
1271 2543 1417 2594 audi-

344 2623 516 2671 vimus
555 2621 621 2670 ab
663 2635 744 2678 eo,
784 2630 839 2671 et
862 2622 1219 2670 annuntiamus
1258 2621 1421 2686 vobis,

351 2700 609 2751 Quoniam
634 2702 781 2749 Deus
819 2700 906 2747 lux
947 2706 1060 2747 e'st:
1099 2705 1151 2748 et
1187 2700 1417 2749 tenebrae

347 2776 406 2824 in
431 2789 494 2825 eo
519 2788 620 2824 non
658 2784 779 2824 sunt
819 2775 974 2825 ullae!
1042 2777 1205 2840 Cujus
1238 2779 1419 2840 appel-

350 2853 565 2903 lationis
589 2854 843 2901 rationem
867 2854 996 2901 banc
1031 2854 1203 2902 reddit
1227 2854 1420 2902 Aristo-

350 2931 508 2992 teles,
544 2945 635 2979 seu
661 2931 888 2994 quisquis
908 2930 993 2977 ille
1017 2937 1114 2992 est,
1135 2930 1224 2982 lib.
1249 2944 1327 2979 x1.
1353 2930 1419 2979 de

351 3008 534 3056 divina
556 3008 811 3069 sapientia
844 3005 1125 3055 secundum
1150 3007 1420 3069 AEgyptios

353 3100 475 3149 cap.
512 3090 561 3134 4.
597 3091 612 3113 ⁶
635 3084 906 3132 Primariae
952 3083 1104 3132 Lucis
1150 3084 1422 3145 appellati-

356 3177 457 3212 one
513 3162 732 3226 primum
775 3162 1013 3224 opificem
1070 3161 1424 3225 exprimimus,

354 3238 676 3289 necessitate
700 3238 917 3302 quadam
950 3240 1147 3287 coacti:
1184 3239 1423 3302 quoniam

355 3316 475 3379 ejus
497 3315 795 3375 essentiam,
830 3315 994 3377 qualis
1019 3315 1131 3377 ipsa
1153 3314 1204 3362 iu
1240 3328 1295 3361 se
1329 3319 1425 3376 est,

357 3394 624 3454 explicare
675 3406 778 3440 nou
821 3404 1087 3454 possumus
1133 3405 1302 3455 neque
1348 3401 1424 3440 at-

359 3468 603 3531 tingere.’
668 3467 820 3517 Unde
858 3475 913 3516 et
952 3468 1018 3517 D.
1051 3469 1244 3516 Paulus
1283 3482 1321 3518 1.
1359 3470 1425 3518 ad

360 3545 590 3596 Timoth.
637 3546 812 3606 capite
854 3550 903 3594 6.
971 3546 1143 3593 Deum
1188 3546 1427 3596 habitare

363 3629 569 3672 tautum
596 3622 670 3670 ait
691 3624 789 3683 φῶς
821 3621 1083 3685 ἀπρόσιτον,
1113 3625 1128 3651 ‘
1155 3624 1319 3672 lucem
1353 3625 1428 3672 in-

369 3698 761 3748 accessibilem.'
803 3700 980 3749 Vallia.

433 3777 633 3838 Compos
653 3777 844 3824 verendi
865 3776 1082 3838 luminis]
1113 3775 1297 3838 Virgil.
1334 3778 1429 3825 Ec-

367 3857 542 3918 log.5.
578 3858 593 3884 ‘
617 3854 882 3904 Candidus
923 3855 1176 3904 insuetum
1218 3855 1433 3903 miratur

367 3936 543 3984 lumen
581 3933 814 3997 Olympi,
846 3934 952 3982 Sub
995 3933 1324 3997 pedibusque
1364 3936 1433 3982 vi·

367 4011 464 4060 det
486 4011 651 4058 nubes
675 4018 731 4059 et
752 4009 925 4058 sidera
943 4009 1211 4072 Daphnis?
1255 4011 1436 4060 Lumen

368 4090 509 4138 enim
546 4088 618 4136 ibi
665 4087 960 4151 legendum,
1006 4100 1108 4136 non
1152 4088 1336 4149 Limen,
1380 4095 1438 4138 ut

368 4165 659 4214 rectissime
700 4163 1101 4212 adminiculante
1127 4164 1196 4212 H.
1222 4164 1436 4214 Gifanio

371 4243 599 4293 correxit
626 4242 876 4290 Cauterus
914 4241 1003 4288 lib.
1028 4254 1107 4289 lv.
1148 4254 1264 4302 cap.
1288 4246 1337 4290 2.
1373 4240 1438 4288 de

370 4320 453 4376 iis,
488 4317 577 4382 qui
607 4317 846 4366 nimirum
885 4317 1042 4366 soluti
1081 4315 1295 4365 vinculis
1331 4328 1439 4366 cor·

2396 376 2536 442 525

1473 537 1644 602 pot-eis
1667 537 1716 586 iu
1744 539 1925 586 caeium
1945 551 2000 587 se
2020 544 2381 601 penetrarunt,
2395 538 2534 586 unde

1472 614 1766 678 despiciant
1786 615 2088 678 ‘terrasque
2112 619 2407 677 tractusque
2429 628 2535 662 ma-

1472 690 1579 739 ris?
1646 690 1745 739 Illa
1768 703 1890 739 vero
1912 690 2208 738 emendatio
2248 690 2342 738 boc
2388 703 2537 738 versu

1472 765 1751 816 stabilitur.
1775 767 1958 816 Sinin.
2370 777 2375 778 ⁷

1540 846 1609 893 Et
1646 846 1876 894 volucrem
1917 860 2109 893 currum
2153 844 2337 895 stabilio
2388 845 2538 907 regit]

1470 921 1608 970 Vide
1632 923 1800 971 Notas
1836 923 1887 972 J.
1913 923 2068 971 Dusae
2110 923 2201 972 Fit.
2239 922 2304 970 ad
2342 922 2540 971 Tibull.

1472 998 1567 1047 lib.
1589 1012 1664 1047 tv.
1691 1000 1862 1048 carm.
1885 1013 1923 1048 1.
1952 1011 2026 1049 vs.
2055 1004 2168 1049 130.
2204 999 2354 1049 Idem.

1547 1074 1791 1124 Volucrem
1832 1075 2042 1137 currum]
2094 1077 2365 1140 Expressit
2407 1073 2542 1125 huuc

1475 1154 1648 1203 locum
1692 1169 1756 1203 ex
1803 1155 2039 1205 Platonis
2083 1157 2345 1207 Phaedro:
2393 1158 2452 1206 Ὅ
2486 1158 2543 1216 δὴ

1475 1230 1626 1293 μέγας
1655 1230 1843 1293 ἡγεμὼν
1877 1232 1928 1279 ἐν
1963 1233 2136 1297 οὐρανῷ
2175 1232 2304 1293 Ζεὺς,
2338 1233 2543 1284 ἐλαύνων

1474 1310 1652 1369 πτηνὸν
1673 1308 1810 1375 ἅρμα,
1821 1310 2086 1375 πορεύεται,
2099 1314 2360 1372 διακοσμῶν
2372 1316 2543 1376 ταῦτα,

1476 1386 1555 1436 καὶ
1589 1385 1978 1448 ἐπιμελούμενον
2011 1388 2027 1415 ‘
2047 1388 2259 1451 Jupiter
2282 1389 2371 1438 ille
2392 1390 2543 1453 Mag-

1478 1477 1574 1513 nus
1606 1466 1658 1513 in
1682 1464 1828 1514 Coelo
1855 1466 1998 1527 Dux,
2032 1466 2294 1515 volucrem
2335 1480 2543 1515 currum

1478 1555 1656 1604 agens,
1690 1542 1750 1604 it,
1783 1543 1835 1589 in
1867 1539 2101 1591 ordinem
2139 1541 2382 1606 digerens
2421 1544 2545 1606 ista,

1479 1627 1534 1669 et
1557 1618 1779 1669 curans!
1821 1619 1994 1669 Vallia.

1546 1698 1726 1747 Rerum
1766 1711 1981 1746 contactas
2016 1696 2219 1759 arbiter]
2253 1695 2548 1757 Ausonius:

1477 1773 1701 1822 ‘Mundi
1744 1787 2015 1836 supremus
2060 1772 2295 1824 arbiter.’
2361 1775 2547 1823 Senec.

1479 1851 1534 1899 in
1575 1843 1740 1903 Herc.
1779 1852 1903 1902 Fur.
1942 1866 2021 1902 vs.
2064 1855 2178 1901 205.
2230 1853 2247 1881 ‘
2274 1851 2323 1901 O
2359 1863 2548 1915 magne

1482 1930 1699 1994 Olympi
1749 1935 1941 1993 rector,
1987 1936 2045 1979 et
2089 1929 2263 1978 mundi
2318 1928 2550 1979 arbiter.'

1482 2008 1658 2058 Sitzm.

1554 2087 1677 2135 Hoee
1695 2085 1840 2150 dices,
1875 2085 2086 2146 memini,
2122 2085 2286 2148 putria
2316 2090 2386 2134 est
2407 2084 2549 2148 mihi]

1485 2164 1645 2227 Diog.
1669 2164 1909 2214 Laertius
1930 2163 2023 2213 lib.
2047 2176 2084 2213 1.
2109 2163 2174 2212 de
2200 2161 2546 2225 Anaxagora:

1473 2235 1598 2289 ‘'O-re
1638 2239 1716 2289 καὶ
1765 2240 1878 2305 πρὸς
1918 2238 2000 2289 τὸν
2041 2238 2251 2302 εἰπόντα,
2285 2236 2434 2287 Οὐδέν
2476 2251 2552 2287 σοι

1485 2316 1618 2380 μέλει
1638 2320 1727 2377 τῆς
1760 2317 2010 2383 πατρίδος;
2043 2316 2250 2380 Εὐφήμει
2284 2316 2426 2383 (ἔφη)
2453 2317 2552 2378 ἐμοὶ

1487 2394 1582 2459 ’γὰρ
1603 2393 1784 2457 σφόδρα
1803 2394 1935 2457 μέλει
1961 2396 2047 2452 τῆς
2080 2394 2315 2460 πατρίδος.
2380 2393 2553 2442 Pauli-

1488 2489 1586 2523 nus
1619 2475 1672 2522 in
1715 2475 1884 2538 Epist.
1922 2474 1986 2523 ad
2013 2475 2206 2524 Auson.
2241 2474 2257 2502 ‘
2280 2473 2395 2522 Nec
2431 2473 2557 2521 milti

1490 2563 1627 2598 nunc.
1653 2549 1807 2612 patrii
1830 2555 1910 2598 est
1935 2549 2020 2615 (ut
2054 2548 2154 2611 vis)
2188 2547 2380 2598 oblivio
2403 2546 2551 2597 caeli:

1491 2627 1629 2678 Quin
1653 2640 1903 2674 summum
1928 2633 2170 2688 suspecto
2195 2625 2383 2686 Deum,
2401 2636 2556 2689 quem

1492 2702 1582 2767 qui
1607 2702 1731 2751 colit
1757 2717 1930 2765 unum,
1962 2702 2067 2750 Hic
2092 2716 2213 2751 vere
2244 2714 2438 2751 memor
2476 2708 2558 2749 est

1493 2780 1648 2828 caeli.’
1680 2779 1832 2828 Idem.

1559 2857 1814 2904 Terrarum
1868 2854 2073 2918 noctem]
2128 2854 2145 2882 ‘
2165 2854 2284 2903 Nox
2333 2853 2559 2916 Mundi,'

1493 2931 1808 2982 Prudentius
1831 2931 2064 2980 Catliem.
2087 2930 2280 2994 Hymn.
2303 2934 2352 2980 2.
2387 2932 2539 2979 Idem.

1563 3011 1694 3065 Quos
1729 3009 1890 3057 miseri
1951 3013 2109 3056 torvos
2153 3008 2314 3070 populi
2366 3007 2558 3069 timent]

1496 3086 1620 3134 Seu.
1658 3085 1708 3132 iu
1743 3084 1950 3148 OEdipo,
1985 3098 2058 3131 vs,
2091 3087 2205 3132 705.
2235 3083 2375 3134 ‘Qui
2414 3096 2561 3144 scep-

1497 3170 1582 3212 tra
1606 3162 1734 3210 dut-o
1758 3175 1926 3210 saevus
1949 3160 2166 3224 imperio
2199 3159 2356 3223 regit,
2390 3158 2563 3207 Timet

1499 3239 1771 3288 timentes:
1809 3244 1976 3286 metus
2000 3238 2054 3285 iu
2085 3244 2353 3286 auctorem
2390 3232 2564 3283 redit!

1504 3317 1651 3365 Idem.

1571 3393 1814 3457 Tymauos
1853 3392 2034 3454 exules]
2082 3390 2444 3450 Perstringere
2483 3389 2567 3438 hie

1502 3470 1724 3520 Boetius
1747 3483 1922 3532 regem
1940 3468 2321 3518 Theodericum
2340 3467 2568 3528 videtur,

1504 3555 1561 3594 ut
1586 3553 1639 3593 et
1675 3545 1797 3609 alibi
1832 3547 1883 3594 in
1925 3546 2023 3594 boc
2061 3558 2219 3609 opere
2253 3558 2355 3592 uon
2392 3545 2568 3593 semei.

1514 3624 1690 3672 Vttllin.

1573 3701 1758 3749 Pnosa
1781 3705 1828 3750 2.
1882 3698 1981 3756 Qui
2011 3700 2233 3749 oblectari
2260 3699 2379 3748 vitio
2399 3712 2568 3760 neque·

1506 3777 1619 3839 unt]
1639 3779 1853 3826 Rectius
1872 3778 2002 3825 Mss.
2020 3784 2079 3824 ut
2094 3784 2150 3825 et
2175 3774 2314 3825 Edit.
2332 3774 2567 3824 Norimb.

1511 3864 1627 3902 cum
1654 3855 1882 3902 Florent.
1918 3852 2017 3909 Qui
2061 3854 2290 3902 obluctari
2315 3868 2365 3901 v.
2406 3864 2456 3900 n.
2502 3851 2567 3900 B.

1511 3928 1792 3992 Augustin.
1814 3929 1946 3978 libro
1983 3944 2045 3979 11.
2078 3929 2145 3978 de
2179 3931 2292 3978 civ.
2330 3929 2431 3978 Dei
2455 3940 2571 3990 cap.

1511 4012 1562 4055 6.
1597 4012 1610 4034 ‘
1633 4005 1970 4070 Nequaquam
1987 4007 2114 4054 istos
2133 4006 2220 4070 qni
2237 4003 2572 4070 flagitiosissi-

1511 4097 1612 4132 mae
1634 4085 2016 4132 consuetudinis
2033 4085 2170 4134 vitiis
2193 4085 2443 4134 oblectari
2470 4100 2572 4133 ma-

1514 4163 1590 4226 gis
1613 4174 1764 4224 quam
1789 4161 2045 4210 obluctari
2068 4161 2298 4223 student,
2315 4162 2405 4210 sed
2428 4162 2573 4209 illum

1512 4241 1680 4302 ipsum
1703 4238 1998 4300 Scipionem
2020 4238 2260 4288 Nasicam
2293 4240 2483 4288 habere
2508 4239 2573 4286 de

1513 4317 1609 4366 bac
1635 4328 1688 4364 re
1701 4314 1934 4378 judicem
1955 4316 2175 4366 vellem.'
2211 4315 2378 4366 Sitzm.

1473 389 1916 442 PHILGSOPH.
1965 394 2110 442 1218.
2157 394 2181 439 1
2195 394 2256 439 V.
