3049 4928
1198 429 1287 480 ΒΟ
1299 431 1444 482 ΕΊἨ
1459 435 1475 482 i
1490 435 1509 480 1
1566 435 1660 482 ΒΕ
1708 431 1949 483 CONSO
1963 431 2024 483 h.

925 575 1054 647 Ille
1086 581 1278 649 dedit
1307 568 1576 650 Phoebo
1602 582 1894 664 radios,¹¹¹
2287 607 2302 614 ··
2691 579 2741 647 5

1021 690 1235 755 Dedit
1262 696 1334 754 et
1363 709 1621 755 cornua
1651 690 1918 756 Bnnae.”
2737 699 2740 706 ⁴

932 792 1062 859 Ille
1090 794 1397 861 homines
1428 795 1628 860 etiam
1660 795 1858 861 terris
1929 797 1930 800 ’

1020 896 1287 977 Dedit,⁰
1339 907 1409 965 et
1438 899 1665 967 sidera
1693 899 1893 966 coelo.

495 1082 541 1128 ee
565 1078 717 1129 Lunoe
754 1080 936 1130 nauum
973 1080 1231 1131 crescentis
1269 1079 1686 1146 decrementisque.
1755 1075 1858 1133 Hic
1889 1096 2067 1149 quoque
2101 1080 2232 1154 dedit
2265 1080 2477 1132 nomm
2495 1077 2668 1143 terris,
2693 1083 2744 1136 et

1503 1214 1723 1266 NOTAE

499 1320 567 1371 sit
623 1320 847 1371 omnium
916 1328 1070 1386 pater
1092 1339 1107 1373 ι
1158 1331 1308 1387 peter
1368 1324 1567 1390 quippe

497 1398 638 1449 idem
657 1405 757 1464 est,
781 1401 924 1466 quod
958 1417 1115 1452 causa
1132 1417 1238 1453 non
1262 1403 1428 1454 solum
1445 1417 1567 1468 pro-

499 1477 717 1543 ducens,
739 1479 831 1529 sed
854 1479 1012 1531 etiam
1038 1495 1384 1531 conservans:
1422 1480 1568 1531 Deus

499 1572 625 1608 vero
646 1564 728 1609 est
751 1561 977 1610 omnium
1013 1576 1172 1611 causa
1194 1560 1490 1625 producens
1514 1561 1572 1609 et

500 1650 835 1689 conservans.
875 1638 1015 1689 Hinc
1037 1640 1183 1689 Deus
1208 1644 1423 1689 vocatur
1447 1639 1463 1667 ‘
1483 1654 1570 1703 pa-

503 1712 604 1762 ter’
648 1730 680 1763 a
723 1715 1053 1779 Christianis,
1087 1715 1314 1779 Judaeis,
1359 1722 1415 1766 et
1446 1715 1576 1781 ipsis

501 1790 661 1840 etiam
677 1792 942 1843 Ethnicis:
968 1792 1250 1843 Christiani
1269 1794 1407 1843 enim
1425 1808 1577 1843 oran·

501 1866 570 1916 do
594 1868 827 1932 dicunt‚‘
846 1870 1012 1920 Pater
1029 1877 1206 1920 noster
1221 1871 1383 1935 quies
1401 1870 1455 1919 in
1474 1885 1576 1919 coe·

506 1944 610 1994 lis.’
646 1946 901 1998 Matth.6.
938 1947 1144 1999 Judaeis
1161 1949 1354 1999 dicitur
1373 1949 1574 1998 Dentea

504 2036 619 2073 ron.
637 2027 719 2075 32.
744 2026 759 2052 ‘
776 2025 1041 2089 Numquid
1062 2040 1163 2075 non
1187 2026 1299 2090 ipse
1316 2034 1398 2076 est
1423 2033 1579 2091 pater

507 2107 647 2163 tuns,
672 2101 758 2167 qui
783 2102 1013 2165 possedit
1037 2108 1109 2166 te,
1133 2109 1188 2152 et
1206 2100 1337 2159 fecit
1360 2109 1415 2153 et
1437 2117 1578 2158 creas

502 2180 582 2229 vit
604 2187 656 2229 te
675 2179 711 2229 ?'
746 2180 991 2247 Denique
1006 2181 1261 2233 Horatius
1283 2183 1377 2244 ait,
1399 2183 1415 2212 ‘
1434 2183 1580 2233 Gen-

506 2261 574 2310 tis
596 2260 839 2309 humanae
865 2268 1022 2325 pater
1062 2268 1219 2328 atque
1252 2269 1428 2312 custos
1452 2262 1483 2312 :’
1523 2270 1580 2313 et

506 2337 658 2401 Virg.
683 2338 699 2366 ‘
718 2338 887 2388 Pater
920 2339 1033 2403 ipse
1055 2341 1264 2392 colendi
1287 2335 1421 2393 haud
1447 2340 1578 2393 ffici-

505 2414 609 2464 lem
631 2429 749 2466 esse
776 2415 912 2473 viam
935 2417 1135 2470 voluit!

570 2511 607 2537 ¹¹¹
640 2505 733 2555 lue
758 2506 891 2555 dedit
913 2507 1091 2557 Phoebo
1111 2507 1295 2572 radios]
1325 2508 1414 2558 Sol
1438 2507 1577 2560 Poe-

508 2583 577 2633 tis
598 2590 815 2633 vocatur
854 2583 1083 2635 Phoebns
1122 2602 1153 2635 a
1193 2586 1372 2652 specie
1406 2594 1462 2637 et
1501 2587 1577 2636 ni‘-

506 2666 655 2711 tore:
689 2663 859 2724 φοῖβος
912 2663 1047 2712 enim
1104 2663 1443 2729 adjectivum,
1496 2671 1580 2716 est

507 2738 832 2803 splendidus,
853 2739 1077 2803 luciduS‚
1114 2757 1292 2806 purus.
1355 2743 1463 2793 Soli
1490 2758 1578 2793 an-

502 2824 617 2868 tem
674 2819 826 2869 Dens
876 2818 1025 2870 dedit
1079 2820 1289 2871 radios:
1344 2821 1580 2889 quamvis

504 2894 645 2944 enim
667 2910 700 2944 a
716 2896 1024 2961 corporibus
1044 2892 1214 2948 obviis
1230 2898 1320 2948 Sol
1339 2897 1580 2949 videatur

505 2972 718 3037 habere,
744 2973 881 3038 quod
922 2975 1022 3024 hoc
1061 2977 1145 3025 vel
1180 2976 1271 3026 illo
1311 2976 1467 3026 modo
1499 2976 1576 3027 lu·

508 3057 645 3115 cent,
668 3050 807 3102 idem
836 3058 1010 3101 tamen
1045 3067 1075 3102 a
1105 3054 1217 3102 solo
1247 3053 1367 3103 Deo
1398 3054 1576 3116 habet,

508 3128 647 3194 quod
669 3130 861 3180 luceat.
924 3129 1142 3180 Scilicet
1177 3130 1279 3180 duo
1312 3129 1578 3180 observari

508 3215 725 3271 possunt
741 3208 792 3257 in
812 3207 1016 3258 Mundo
1032 3205 1338 3258 effectorum
1356 3221 1576 3271 genere:

509 3286 773 3350 generalia
807 3287 1081 3351 quaedam3
1115 3286 1238 3350 alia,
1271 3293 1329 3337 ut
1360 3286 1579 3338 barbare

505 3362 792 3428 loquuntur
852 3364 1166 3428 philosophi,
1210 3365 1572 3427 particularia:

498 3441 737 3505 priorum
772 3441 1047 3505 generalis,
1082 3443 1425 3505 posteriorum
1455 3442 1581 3493 vero

508 3519 787 3583 peculiaris
818 3535 972 3570 causa
1006 3521 1293 3586 quaerenda
1324 3527 1425 3573 est.
1492 3523 1582 3573 Sic

509 3597 767 3662 quaerenti
813 3612 907 3647 cur
950 3608 1032 3647 me
1079 3599 1325 3663 loquente
1370 3599 1582 3650 auditor

500 3680 802 3737 moveatur,
833 3688 935 3724 non
978 3675 1249 3740 generalis,
1283 3676 1373 3725 sed
1420 3690 1594 3750 pecus,

506 3753 652 3802 liaris
675 3769 828 3804 causa
861 3752 1147 3819 afferenda,
1171 3762 1229 3806 ut
1252 3757 1388 3822 quod
1425 3756 1516 3808 aei·
1550 3775 1581 3808 a

508 3846 627 3881 meo
659 3844 750 3881 ore
782 3831 849 3882 nd
883 3832 1019 3883 illius
1054 3838 1207 3884 aures
1246 3835 1583 3887 continuatus

507 3909 639 3958 meis
658 3910 1011 3973 pulmonibus,
1031 3911 1223 3979 lingua,
1240 3912 1502 3977 dentibus,
1526 3910 1584 3966 e't

509 3986 669 4038 labris
692 3988 765 4038 sic
799 3997 1092 4053 moveatur,
1114 3998 1172 4040 ut
1208 3991 1396 4041 eodem
1428 4006 1583 4042 aures

508 4066 761 4118 auditoris
808 4075 1251 4120 commoveantur.
1317 4068 1392 4120 At
1442 4076 1582 4136 quae·

509 4145 644 4194 renti
669 4161 763 4195 cur
784 4154 1045 4198 commoto
1082 4148 1339 4198 auditoris
1363 4149 1582 4200 cerebro

510 4222 856 4287 cogitationes
918 4225 972 4273 in
1029 4224 1262 4289 ejusdem
1328 4225 1581 4277 auditoris

505 4306 684 4352 mente
706 4304 1026 4364 excitentur,
1041 4303 1465 4366 non‘peculiariS,
1486 4305 1581 4355 sed

1651 1321 1900 1375 Similiter
1922 1322 2176 1390 quaerenti
2193 1336 2287 1373 cur
2305 1320 2395 1371 iris
2429 1317 2609 1369 ‘mille
2636 1324 2750 1371 tra·

1650 1399 1921 1462 hatgvarios
1940 1400 2163 1452 adverso
2178 1399 2299 1451 Sole
2316 1394 2561 1461 colores,'
2575 1411 2744 1450 causa

1653 1480 1952 1545 peculiaris,
1981 1494 2170 1545 nempe
2197 1476 2375 1544 pluvia
2405 1474 2608 1526 cadens
2659 1488 2742 1523 re·

1652 1559 1977 1624 spondeturz
2012 1557 2106 1609 sed
2131 1555 2390 1624 quaerenti
2411 1569 2508 1604 cur
2531 1549 2630 1603 Sol
2659 1567 2742 1603 raa

1656 1636 1769 1686 dios
1788 1636 1985 1702 mittat,
2003 1651 2162 1687 causa
2187 1634 2468 1698 generalis,
2487 1631 2742 1684 nimirum

1658 1715 1828 1776 Deus,
1850 1715 2050 1778 optime
2070 1713 2328 1763 redditur.
2393 1711 2483 1762 Sic
2508 1710 2668 1759 Deus
2726 1707 2736 1713 ’

1723 1798 1748 1825 ⁸
1781 1789 2376 1853 Dedieetmaahmoe]
2414 1789 2582 1851 Luna,
2597 1783 2745 1852 quod

1657 1872 1769 1921 haec
1789 1870 1858 1920 sit
1882 1884 2074 1935 corpus
2106 1882 2346 1933 opacum,
2364 1868 2541 1916 lumen
2564 1880 2599 1914 n
2621 1864 2746 1915 Sole

1659 1954 1939 2013 acceptum
1970 1950 2047 1999 ita
2069 1946 2311 2009 remittit,
2332 1951 2392 1994 nt
2417 1943 2575 1995 modo
2598 1957 2745 1994 cresq

1660 2041 1803 2089 cens,
1824 2026 1978 2078 modo
2013 2026 2343 2086 decrescens,
2369 2022 2524 2073 modo
2559 2021 2748 2085 silens,

1660 2105 1816 2157 modo
1830 2106 1987 2171 plena
2003 2104 2272 2155 videatur:
2307 2102 2438 2166 sive,
2455 2107 2516 2152 nt
2531 2101 2610 2152 ait
2627 2100 2748 2160 Pli-

1662 2186 1799 2247 nius,
1818 2186 1835 2213 ⁴
1860 2184 2014 2234 modo
2035 2189 2254 2234 ourvntn
2276 2180 2329 2231 in
2343 2194 2556 2242 cornua,
2573 2177 2747 2229 {nodo

1663 2279 1814 2330 aequa
1853 2262 2096 2328 portione
2126 2260 2317 2324 divisa,
2339 2259 2496 2310 modo
2527 2258 2747 2308 sinuata

1662 2343 1716 2393 in
1740 2341 1941 2403 orbem,
1958 2340 2224 2390 maculoso
2242 2336 2538 2401 eademqne
2562 2334 2746 2385 subito

1659 2419 2210 2488 praenitensimmensa
2225 2415 2353 2468 orbe
2377 2415 2556 2485 pleno,
2569 2427 2635 2464 sc
2657 2426 2745 2462 re·

1659 2506 1821 2564 pente
1842 2495 2020 2549 nulla!
2082 2495 2235 2560 Virg.
2257 2508 2346 2546 ιιι.
2377 2493 2496 2543 AEn.
2519 2506 2598 2542 vs.
2619 2495 2745 2551 645ε

1659 2578 1675 2605 ⁴
1699 2575 1884 2627 Tertia
1896 2576 2011 2640 jam
2036 2574 2196 2624 Lunae
2229 2576 2286 2622 se
2323 2585 2523 2622 cornua
2542 2568 2743 2622 lumine

1660 2652 1963 2719 complent?
2012 2652 2209 2703 Verum
2235 2650 2375 2716 quod
2399 2662 2588 2713 corpus
2609 2647 2740 2698 illud

1663 2748 1884 2797 opacum
1913 2733 2088 2785 lumen
2122 2730 2199 2781 sic
2236 2729 2499 2792 remittat,
2519 2728 2622 2782 hoc
2655 2731 2742 2784 ut⁴¹

1664 2821 1790 2878 pote
1809 2810 2058 2877 effectum
2081 2811 2331 2875 generale
2346 2809 2469 2859 Deo
2491 2813 2740 2873 tanquam

1661 2905 1835 2942 cansae
1858 2888 2090 2955 generali
2123 2895 2401 2954 acceptum
2433 2883 2628 2939 referri
2649 2882 2742 2943 de»,

1658 2968 1769 3021 bet.

1724 3052 1748 3079 ⁰
1780 3046 1871 3097 lue
1891 3047 2104 3098 homines
2123 3047 2268 3097 etiam
2296 3045 2443 3095 terris
2463 3042 2644 3109 Dedit]
2675 3055 2739 3094 n.

1657 3124 1946 3190 speciatim
1986 3126 2141 3176 homo
2176 3139 2207 3174 a
2247 3123 2369 3173 Deo
2410 3129 2661 3189 tanquam
2707 3135 2739 3170 a

1664 3211 1817 3270 petre
1840 3204 2029 3267 oritur,
2051 3203 2270 3268 primum
2292 3201 2505 3268 quidem
2534 3199 2740 3250 ratione

1663 3282 1921 3349 corporis,
1941 3282 2084 3349 quod
2106 3297 2172 3334 ex
2198 3288 2339 3332 terra
2372 3279 2657 3330 formatum
2686 3277 2737 3327 in

1657 3361 1819 3413 'terris
1836 3361 2120 3412 collocavit
2135 3356 2297 3425 Dens,
2308 3357 2529 3426 (Genes.
2543 3356 2618 3408 1.·‘
2635 3350 2742 3407 for·

1662 3441 1828 3491 mavit
1850 3438 2107 3491 Dominn's
2132 3436 2281 3489 Deus
2302 3436 2565 3488 hominem
2589 3434 2659 3486 de
2681 3432 2741 3486 li·

1663 3532 1752 3571 mo
1791 3512 2011 3584 ωτι-εξ)
2038 3530 2138 3568 non
2178 3530 2326 3568 secus
2362 3530 2426 3569 ac
2459 3510 2636 3568 sidera
2673 3528 2742 3568 ex

1662 3600 1793 3650 coelo
1814 3596 2045 3649 formata
2064 3598 2117 3648 in
2141 3597 2274 3649 coelo
2293 3596 2468 3663 posuit
2490 3612 2504 3644 ε
2540 3594 2742 3646 Genes.

1659 3678 1712 3726 1.
1731 3676 1747 3703 ‘
1762 3673 1995 3743 fecitque
2012 3670 2156 3726 Deus
2173 3674 2278 3726 dno
2294 3672 2577 3726 luminaris
2598 3680 2743 3739 mag-

1655 3760 1763 3818 ·ιιὶις
1786 3755 2039 3806 luminare
2060 3755 2250 3821 majus,
2264 3760 2321 3805 ut
2343 3761 2604 3820 praeesset
2621 3748 2745 3813 diei,

1657 3836 1723 3886 'et
1738 3834 1995 3885 luminare
2009 3835 2202 3899 minus,
2223 3841 2283 3884 ut
2305 3824 2742 3907 praeessetnocti,

1665 3920 1723 3964 et
1761 3911 1975 3964 stellas!
2037 3912 2184 3963 Hinc
2223 3913 2367 3964 Psal.
2399 3916 2516 3963 113.
2583 3911 2602 3938 ‘
2618 3906 2744 3961 'Coe-

1663 3990 1770 4042 lum
1792 3992 1910 4043 coeli
1923 3988 2177 4057 Domino,
2193 3996 2385 4042 terram
2401 3994 2579 4041 autem
2594 3984 2742 4039 dedit

1652 4068 1786 4119 'filiis
1828 4066 2132 4120 hominnm.’
2199 4068 2337 4122 Quin
2381 4067 2497 4133 ipse
2538 4060 2739 4117 ’nullm

1666 4161 1732 4198 11.
1753 4147 1820 4198 de
1839 4148 1971 4200 Nat.
1987 4146 2063 4198 D.
2078 4149 2095 4177 ‘
2112 4145 2599 4211 hominesfinquit,
2619 4144 2635 4171 ‘
2652 4142 2739 4192 hu·

1666 4230 1749 4275 rixo
1773 4226 1994 4276 excitati
2017 4227 2163 4294 'quasi
2183 4218 2413 4278 cultores
2437 4229 2599 4292 terrae
2619 4228 2737 4296 con,-

1664 4304 1839 4358 stitnti
1861 4302 2019 4375 sunt-f
2307 4296 2310 4299 ’

511 4379 769 4441 generalis
823 4393 981 4429 causa
1033 4378 1339 4451 responderi
1396 4381 1578 4432 debet.
1649 4388 1656 4435 Ῑ
