<?xml version="1.0" encoding="UTF-8"?>
<!DOCTYPE html PUBLIC "-//W3C//DTD XHTML 1.0 Transitional//EN"
    "http://www.w3.org/TR/xhtml1/DTD/xhtml1-transitional.dtd">
<html xmlns="http://www.w3.org/1999/xhtml" xml:lang="en" lang="en">
 <head>
  <title>
</title>
<meta http-equiv="Content-Type" content="text/html;charset=utf-8" />
  <meta name='ocr-system' content='tesseract 3.04.00' />
  <meta name='ocr-capabilities' content='ocr_page ocr_carea ocr_par ocr_line ocrx_word'/>
</head>
<body>
  <div class='ocr_page' id='page_1' title='image "./deconsolationep00boetgoog_0072.png"; bbox 0 0 3049 4928; ppageno 0'>
   <div class='ocr_carea' id='block_1_1' title="bbox 522 397 612 464">
    <p class='ocr_par' dir='ltr' id='par_1_1' title="bbox 522 397 612 464">
     <span class='ocr_line' id='line_1_1' title="bbox 522 397 612 464; baseline 0 0"><span class='ocrx_word' id='word_1_1' title='bbox 522 397 612 464; x_wconf 73' lang='lat'>62</span> 
     </span>
    </p>
   </div>
   <div class='ocr_carea' id='block_1_2' title="bbox 1212 412 2022 467">
    <p class='ocr_par' dir='ltr' id='par_1_2' title="bbox 1212 412 2022 467">
     <span class='ocr_line' id='line_1_2' title="bbox 1212 412 2022 467; baseline 0.004 -6"><span class='ocrx_word' id='word_1_2' title='bbox 1212 412 1521 462; x_wconf 63' lang='lat' dir='ltr'>nomm}</span> <span class='ocrx_word' id='word_1_3' title='bbox 1569 412 1670 463; x_wconf 51' lang='lat' dir='ltr'>DB¹</span> <span class='ocrx_word' id='word_1_4' title='bbox 1716 413 2022 467; x_wconf 67' lang='lat' dir='ltr'>con-SOL.</span> 
     </span>
    </p>
   </div>
   <div class='ocr_carea' id='block_1_3' title="bbox 524 556 2349 848">
    <p class='ocr_par' dir='ltr' id='par_1_3' title="bbox 524 556 2349 848">
     <span class='ocr_line' id='line_1_3' title="bbox 525 556 1910 641; baseline 0.002 -19"><span class='ocrx_word' id='word_1_5' title='bbox 525 557 987 641; x_wconf 84' lang='lat' dir='ltr'>Intempestivi</span> <span class='ocrx_word' id='word_1_6' title='bbox 1020 556 1379 624; x_wconf 67' lang='lat' dir='ltr'>funduntur</span> <span class='ocrx_word' id='word_1_7' title='bbox 1405 561 1657 626; x_wconf 75' lang='lat' dir='ltr'>vertice</span> <span class='ocrx_word' id='word_1_8' title='bbox 1685 563 1861 640; x_wconf 76' lang='lat' dir='ltr'>cani,</span> <span class='ocrx_word' id='word_1_9' title='bbox 1899 566 1910 569; x_wconf 88' lang='grc'><strong>’</strong></span> 
     </span>
     <span class='ocr_line' id='line_1_4' title="bbox 608 658 1914 745; baseline 0.005 -23"><span class='ocrx_word' id='word_1_10' title='bbox 608 658 696 723; x_wconf 82' lang='lat' dir='ltr'>Et</span> <span class='ocrx_word' id='word_1_11' title='bbox 722 661 946 725; x_wconf 85' lang='lat' dir='ltr'>tremit</span> <span class='ocrx_word' id='word_1_12' title='bbox 974 661 1202 726; x_wconf 86' lang='lat' dir='ltr'>effoeto</span> <span class='ocrx_word' id='word_1_13' title='bbox 1233 680 1512 745; x_wconf 77' lang='lat' dir='ltr'>corpore</span> <span class='ocrx_word' id='word_1_14' title='bbox 1535 663 1695 727; x_wconf 85' lang='lat' dir='ltr'>laxa</span> <span class='ocrx_word' id='word_1_15' title='bbox 1725 666 1914 728; x_wconf 85' lang='lat' dir='ltr'>cutis.</span> 
     </span>
     <span class='ocr_line' id='line_1_5' title="bbox 524 760 2349 848; baseline 0.003 -23"><span class='ocrx_word' id='word_1_16' title='bbox 524 760 716 826; x_wconf 86' lang='lat' dir='ltr'>Mors</span> <span class='ocrx_word' id='word_1_17' title='bbox 743 763 1078 828; x_wconf 87' lang='lat' dir='ltr'>hominum</span> <span class='ocrx_word' id='word_1_18' title='bbox 1107 761 1328 842; x_wconf 57' lang='lat' dir='ltr'>seim,¹²</span> <span class='ocrx_word' id='word_1_19' title='bbox 1371 785 1524 848; x_wconf 77' lang='lat' dir='ltr'>quae</span> <span class='ocrx_word' id='word_1_20' title='bbox 1557 784 1631 828; x_wconf 86' lang='lat' dir='ltr'>se</span> <span class='ocrx_word' id='word_1_21' title='bbox 1658 786 1784 830; x_wconf 89' lang='lat' dir='ltr'>nec</span> <span class='ocrx_word' id='word_1_22' title='bbox 1816 766 2129 830; x_wconf 86' lang='lat' dir='ltr'><strong>dulcibus</strong></span> <span class='ocrx_word' id='word_1_23' title='bbox 2156 767 2349 831; x_wconf 84' lang='lat' dir='ltr'>annis</span> 
     </span>
    </p>
   </div>
   <div class='ocr_carea' id='block_1_4' title="bbox 606 864 1973 952">
    <p class='ocr_par' dir='ltr' id='par_1_4' title="bbox 606 864 1973 952">
     <span class='ocr_line' id='line_1_6' title="bbox 606 864 1973 952; baseline 0.004 -23"><span class='ocrx_word' id='word_1_24' title='bbox 606 864 878 945; x_wconf 87' lang='lat' dir='ltr'>Inserit,</span> <span class='ocrx_word' id='word_1_25' title='bbox 902 872 968 932; x_wconf 89' lang='lat' dir='ltr'>et</span> <span class='ocrx_word' id='word_1_26' title='bbox 996 869 1255 933; x_wconf 87' lang='lat' dir='ltr'>moestis</span> <span class='ocrx_word' id='word_1_27' title='bbox 1285 887 1470 952; x_wconf 83' lang='lat' dir='ltr'>saepe</span> <span class='ocrx_word' id='word_1_28' title='bbox 1498 877 1751 934; x_wconf 81' lang='lat' dir='ltr'>vocata</span> <span class='ocrx_word' id='word_1_29' title='bbox 1772 870 1973 935; x_wconf 84' lang='lat' dir='ltr'>venit.</span> 
     </span>
    </p>
   </div>
   <div class='ocr_carea' id='block_1_5' title="bbox 519 964 2093 1138">
    <p class='ocr_par' dir='ltr' id='par_1_5' title="bbox 519 964 2093 1138">
     <span class='ocr_line' id='line_1_7' title="bbox 519 964 2093 1051; baseline 0.003 -22"><span class='ocrx_word' id='word_1_30' title='bbox 519 964 731 1044; x_wconf 89' lang='lat' dir='ltr'>Eheu,</span> <span class='ocrx_word' id='word_1_31' title='bbox 762 987 964 1051; x_wconf 89' lang='lat' dir='ltr'>quam</span> <span class='ocrx_word' id='word_1_32' title='bbox 995 968 1196 1033; x_wconf 88' lang='lat' dir='ltr'>surda</span> <span class='ocrx_word' id='word_1_33' title='bbox 1227 969 1504 1034; x_wconf 86' lang='lat' dir='ltr'>miseros</span> <span class='ocrx_word' id='word_1_34' title='bbox 1540 971 1863 1036; x_wconf 85' lang='lat' dir='ltr'>avertitur</span> <span class='ocrx_word' id='word_1_35' title='bbox 1891 969 2093 1050; x_wconf 79' lang='lat' dir='ltr'>aure,i</span> 
     </span>
     <span class='ocr_line' id='line_1_8' title="bbox 602 1066 1607 1138; baseline 0.006 -6"><span class='ocrx_word' id='word_1_36' title='bbox 602 1066 691 1136; x_wconf 84' lang='lat' dir='ltr'>Et</span> <span class='ocrx_word' id='word_1_37' title='bbox 716 1069 953 1136; x_wconf 84' lang='lat' dir='ltr'>flentes</span> <span class='ocrx_word' id='word_1_38' title='bbox 977 1073 1217 1137; x_wconf 84' lang='lat' dir='ltr'>oculos</span> <span class='ocrx_word' id='word_1_39' title='bbox 1248 1072 1564 1138; x_wconf 80' lang='lat' dir='ltr'>claudere</span> <span class='ocrx_word' id='word_1_40' title='bbox 1581 1069 1607 1108; x_wconf 68' lang='lat'>¹²</span> 
     </span>
    </p>
   </div>
   <div class='ocr_carea' id='block_1_6' title="bbox 1652 972 2725 1158">
    <p class='ocr_par' dir='ltr' id='par_1_6' title="bbox 1652 972 2725 1158">
     <span class='ocr_line' id='line_1_9' title="bbox 1652 972 2725 1158; baseline 0.001 -18"><span class='ocrx_word' id='word_1_41' title='bbox 1652 1094 1840 1140; x_wconf 84' lang='lat' dir='ltr'>saeva</span> <span class='ocrx_word' id='word_1_42' title='bbox 1863 1075 2099 1158; x_wconf 86' lang='lat' dir='ltr'>negat!</span> <span class='ocrx_word' id='word_1_43' title='bbox 2636 972 2725 1039; x_wconf 74' lang='grc'>15</span> 
     </span>
    </p>
   </div>
   <div class='ocr_carea' id='block_1_7' title="bbox 511 1227 2722 1438">
    <p class='ocr_par' dir='ltr' id='par_1_7' title="bbox 511 1227 2722 1438">
     <span class='ocr_line' id='line_1_10' title="bbox 517 1227 2721 1296; baseline 0.004 -20"><span class='ocrx_word' id='word_1_44' title='bbox 517 1227 767 1290; x_wconf 67' lang='lat' dir='ltr'>spargitur</span> <span class='ocrx_word' id='word_1_45' title='bbox 800 1243 889 1293; x_wconf 80' lang='lat' dir='ltr'>per</span> <span class='ocrx_word' id='word_1_46' title='bbox 925 1245 1078 1279; x_wconf 80' lang='lat' dir='ltr'>meum</span> <span class='ocrx_word' id='word_1_47' title='bbox 1107 1235 1265 1295; x_wconf 78' lang='lat' dir='ltr'>caput,</span> <span class='ocrx_word' id='word_1_48' title='bbox 1288 1236 1334 1282; x_wconf 81' lang='lat' dir='ltr'>et</span> <span class='ocrx_word' id='word_1_49' title='bbox 1358 1247 1459 1282; x_wconf 81' lang='lat' dir='ltr'>mea</span> <span class='ocrx_word' id='word_1_50' title='bbox 1476 1233 1633 1296; x_wconf 80' lang='lat' dir='ltr'>pellis,</span> <span class='ocrx_word' id='word_1_51' title='bbox 1664 1231 1888 1294; x_wconf 75' lang='lat' dir='ltr'>consectis</span> <span class='ocrx_word' id='word_1_52' title='bbox 1909 1232 2145 1294; x_wconf 77' lang='lat' dir='ltr'>membris,</span> <span class='ocrx_word' id='word_1_53' title='bbox 2176 1247 2351 1295; x_wconf 79' lang='lat' dir='ltr'>rugosa</span> <span class='ocrx_word' id='word_1_54' title='bbox 2384 1233 2721 1284; x_wconf 70' lang='lat' dir='ltr'><strong><em>contremiscit.</em></strong></span> 
     </span>
     <span class='ocr_line' id='line_1_11' title="bbox 514 1293 2722 1362; baseline 0.003 -20"><span class='ocrx_word' id='word_1_55' title='bbox 514 1293 613 1342; x_wconf 77' lang='lat' dir='ltr'>lua</span> <span class='ocrx_word' id='word_1_56' title='bbox 640 1308 765 1342; x_wconf 84' lang='lat' dir='ltr'>mors</span> <span class='ocrx_word' id='word_1_57' title='bbox 784 1295 1021 1344; x_wconf 57' lang='lat' dir='ltr'>homanum</span> <span class='ocrx_word' id='word_1_58' title='bbox 1057 1302 1129 1346; x_wconf 80' lang='lat' dir='ltr'>est</span> <span class='ocrx_word' id='word_1_59' title='bbox 1148 1297 1425 1360; x_wconf 79' lang='lat' dir='ltr'>fortunata,</span> <span class='ocrx_word' id='word_1_60' title='bbox 1445 1312 1552 1362; x_wconf 73' lang='lat' dir='ltr'>qua:</span> <span class='ocrx_word' id='word_1_61' title='bbox 1573 1313 1665 1347; x_wconf 80' lang='lat' dir='ltr'>non</span> <span class='ocrx_word' id='word_1_62' title='bbox 1685 1313 1784 1347; x_wconf 82' lang='lat' dir='ltr'>sese</span> <span class='ocrx_word' id='word_1_63' title='bbox 1803 1299 2025 1347; x_wconf 69' lang='lat' dir='ltr'>immittit</span> <span class='ocrx_word' id='word_1_64' title='bbox 2039 1298 2325 1362; x_wconf 78' lang='lat' dir='ltr'>florentibus</span> <span class='ocrx_word' id='word_1_65' title='bbox 2353 1298 2655 1362; x_wconf 75' lang='lat' dir='ltr'><strong><em>temporibus,</em></strong></span> <span class='ocrx_word' id='word_1_66' title='bbox 2672 1304 2722 1348; x_wconf 78' lang='lat' dir='ltr'>et</span> 
     </span>
     <span class='ocr_line' id='line_1_12' title="bbox 511 1360 2720 1438; baseline 0.002 -32"><span class='ocrx_word' id='word_1_67' title='bbox 511 1360 647 1407; x_wconf 75' lang='lat' dir='ltr'>adest</span> <span class='ocrx_word' id='word_1_68' title='bbox 681 1374 710 1407; x_wconf 84' lang='lat' dir='ltr'>u</span> <span class='ocrx_word' id='word_1_69' title='bbox 766 1360 876 1409; x_wconf 73' lang='lat' dir='ltr'>ictis</span> <span class='ocrx_word' id='word_1_70' title='bbox 898 1361 1182 1438; x_wconf 61' lang='lat' dir='ltr'>frequenter</span> <span class='ocrx_word' id='word_1_71' title='bbox 1211 1363 1477 1427; x_wconf 75' lang='lat' dir='ltr'>implorata.</span> <span class='ocrx_word' id='word_1_72' title='bbox 1546 1362 1661 1412; x_wconf 80' lang='lat' dir='ltr'>Heu</span> <span class='ocrx_word' id='word_1_73' title='bbox 1696 1368 1921 1427; x_wconf 78' lang='lat' dir='ltr'>quantum</span> <span class='ocrx_word' id='word_1_74' title='bbox 1955 1363 2259 1412; x_wconf 73' lang='lat' dir='ltr'>inexorabilis</span> <span class='ocrx_word' id='word_1_75' title='bbox 2289 1379 2417 1412; x_wconf 85' lang='lat' dir='ltr'>mors</span> <span class='ocrx_word' id='word_1_76' title='bbox 2450 1365 2629 1412; x_wconf 81' lang='lat' dir='ltr'>recedit</span> <span class='ocrx_word' id='word_1_77' title='bbox 2656 1364 2720 1411; x_wconf 80' lang='lat' dir='ltr'>ab</span> 
     </span>
    </p>
   </div>
   <div class='ocr_carea' id='block_1_8' title="bbox 510 1423 689 1473">
    <p class='ocr_par' dir='ltr' id='par_1_8' title="bbox 510 1423 689 1473">
     <span class='ocr_line' id='line_1_13' title="bbox 510 1423 689 1473; baseline 0 -37"><span class='ocrx_word' id='word_1_78' title='bbox 510 1423 638 1473; x_wconf 53' lang='grc' dir='ltr'>Μ.</span> <span class='ocrx_word' id='word_1_79' title='bbox 677 1424 689 1436; x_wconf 92' lang='grc'><strong>.</strong></span> 
     </span>
    </p>
   </div>
   <div class='ocr_carea' id='block_1_9' title="bbox 774 1426 2723 1493">
    <p class='ocr_par' dir='ltr' id='par_1_9' title="bbox 774 1426 2723 1493">
     <span class='ocr_line' id='line_1_14' title="bbox 774 1426 2723 1493; baseline 0.001 -18"><span class='ocrx_word' id='word_1_80' title='bbox 774 1466 775 1469; x_wconf 18' lang='lat'>¹</span> <span class='ocrx_word' id='word_1_81' title='bbox 804 1426 1106 1493; x_wconf 68' lang='grc' dir='ltr'>σαὶαιιωείε,</span> <span class='ocrx_word' id='word_1_82' title='bbox 1141 1433 1197 1478; x_wconf 81' lang='lat' dir='ltr'>et</span> <span class='ocrx_word' id='word_1_83' title='bbox 1223 1433 1461 1493; x_wconf 71' lang='lat' dir='ltr'>quantum-</span> <span class='ocrx_word' id='word_1_84' title='bbox 1486 1429 1694 1478; x_wconf 59' lang='lat' dir='ltr'>crudelis</span> <span class='ocrx_word' id='word_1_85' title='bbox 1718 1433 1904 1478; x_wconf 73' lang='lat' dir='ltr'>recusat</span> <span class='ocrx_word' id='word_1_86' title='bbox 1934 1428 2173 1478; x_wconf 71' lang='lat' dir='ltr'>obstruere</span> <span class='ocrx_word' id='word_1_87' title='bbox 2194 1430 2350 1477; x_wconf 73' lang='lat' dir='ltr'>oculos</span> <span class='ocrx_word' id='word_1_88' title='bbox 2368 1430 2681 1493; x_wconf 68' lang='lat' dir='ltr'>lacrymantes</span> <span class='ocrx_word' id='word_1_89' title='bbox 2696 1427 2723 1477; x_wconf 82' lang='grc' dir='ltr'><em>Ι</em></span> 
     </span>
    </p>
   </div>
   <div class='ocr_carea' id='block_1_10' title="bbox 1506 1541 1722 1592">
    <p class='ocr_par' dir='ltr' id='par_1_10' title="bbox 1506 1541 1722 1592">
     <span class='ocr_line' id='line_1_15' title="bbox 1506 1541 1722 1592; baseline -0.005 0"><span class='ocrx_word' id='word_1_90' title='bbox 1506 1541 1722 1592; x_wconf 79' lang='lat' dir='ltr'>NOTAE</span> 
     </span>
    </p>
   </div>
   <div class='ocr_carea' id='block_1_11' title="bbox 482 1625 1577 4365">
    <p class='ocr_par' dir='ltr' id='par_1_11' title="bbox 501 1625 1577 2304">
     <span class='ocr_line' id='line_1_16' title="bbox 510 1625 1573 1695; baseline 0.003 -18"><span class='ocrx_word' id='word_1_91' title='bbox 510 1625 640 1678; x_wconf 83' lang='lat' dir='ltr'>foeta</span> <span class='ocrx_word' id='word_1_92' title='bbox 673 1635 894 1679; x_wconf 84' lang='lat' dir='ltr'>vocatur</span> <span class='ocrx_word' id='word_1_93' title='bbox 915 1630 1135 1694; x_wconf 88' lang='lat' dir='ltr'>primum</span> <span class='ocrx_word' id='word_1_94' title='bbox 1159 1630 1364 1695; x_wconf 88' lang='lat' dir='ltr'>quidem</span> <span class='ocrx_word' id='word_1_95' title='bbox 1384 1645 1573 1695; x_wconf 84' lang='lat' dir='ltr'>parens</span> 
     </span>
     <span class='ocr_line' id='line_1_17' title="bbox 509 1708 1577 1773; baseline 0.001 -18"><span class='ocrx_word' id='word_1_96' title='bbox 509 1721 868 1773; x_wconf 65' lang='lat' dir='ltr'>quaecumque,</span> <span class='ocrx_word' id='word_1_97' title='bbox 891 1724 1008 1773; x_wconf 80' lang='lat' dir='ltr'>quae</span> <span class='ocrx_word' id='word_1_98' title='bbox 1026 1708 1206 1759; x_wconf 86' lang='lat' dir='ltr'>foetum</span> <span class='ocrx_word' id='word_1_99' title='bbox 1230 1709 1417 1771; x_wconf 83' lang='lat' dir='ltr'>edidit,</span> <span class='ocrx_word' id='word_1_100' title='bbox 1434 1708 1577 1759; x_wconf 88' lang='lat' dir='ltr'>dein·</span> 
     </span>
     <span class='ocr_line' id='line_1_18' title="bbox 508 1782 1575 1850; baseline 0.003 -19"><span class='ocrx_word' id='word_1_101' title='bbox 508 1782 577 1831; x_wconf 85' lang='lat' dir='ltr'>de</span> <span class='ocrx_word' id='word_1_102' title='bbox 604 1796 809 1845; x_wconf 80' lang='lat' dir='ltr'>parens,</span> <span class='ocrx_word' id='word_1_103' title='bbox 841 1798 957 1848; x_wconf 80' lang='lat' dir='ltr'>qnae</span> <span class='ocrx_word' id='word_1_104' title='bbox 987 1783 1253 1850; x_wconf 81' lang='lat' dir='ltr'>frequenti</span> <span class='ocrx_word' id='word_1_105' title='bbox 1284 1792 1439 1848; x_wconf 82' lang='lat' dir='ltr'>partu</span> <span class='ocrx_word' id='word_1_106' title='bbox 1474 1785 1575 1834; x_wconf 86' lang='lat' dir='ltr'>las·</span> 
     </span>
     <span class='ocr_line' id='line_1_19' title="bbox 507 1861 1575 1926; baseline 0.002 -18"><span class='ocrx_word' id='word_1_107' title='bbox 507 1865 620 1923; x_wconf 79' lang='lat' dir='ltr'>sata</span> <span class='ocrx_word' id='word_1_108' title='bbox 654 1874 841 1923; x_wconf 83' lang='lat' dir='ltr'>parere</span> <span class='ocrx_word' id='word_1_109' title='bbox 883 1861 1090 1911; x_wconf 88' lang='lat' dir='ltr'>tandem</span> <span class='ocrx_word' id='word_1_110' title='bbox 1132 1861 1310 1924; x_wconf 86' lang='lat' dir='ltr'>desiit,</span> <span class='ocrx_word' id='word_1_111' title='bbox 1352 1861 1575 1926; x_wconf 88' lang='lat' dir='ltr'>denique</span> 
     </span>
     <span class='ocr_line' id='line_1_20' title="bbox 502 1936 1574 2001; baseline 0.002 -16"><span class='ocrx_word' id='word_1_112' title='bbox 502 1950 590 1985; x_wconf 87' lang='lat' dir='ltr'>res</span> <span class='ocrx_word' id='word_1_113' title='bbox 615 1937 830 2000; x_wconf 82' lang='lat' dir='ltr'>quaevis,</span> <span class='ocrx_word' id='word_1_114' title='bbox 852 1952 970 2001; x_wconf 83' lang='lat' dir='ltr'>quae</span> <span class='ocrx_word' id='word_1_115' title='bbox 991 1936 1253 1986; x_wconf 81' lang='lat' dir='ltr'><strong>exhaustis</strong></span> <span class='ocrx_word' id='word_1_116' title='bbox 1276 1937 1470 1986; x_wconf 87' lang='lat' dir='ltr'>viribus</span> <span class='ocrx_word' id='word_1_117' title='bbox 1495 1937 1574 1987; x_wconf 89' lang='lat' dir='ltr'>ita</span> 
     </span>
     <span class='ocr_line' id='line_1_21' title="bbox 502 2008 1573 2077; baseline 0.004 -17"><span class='ocrx_word' id='word_1_118' title='bbox 502 2008 741 2075; x_wconf 81' lang='lat' dir='ltr'>languet,</span> <span class='ocrx_word' id='word_1_119' title='bbox 777 2012 902 2061; x_wconf 81' lang='lat' dir='ltr'>nihil</span> <span class='ocrx_word' id='word_1_120' title='bbox 948 2021 1009 2063; x_wconf 91' lang='lat' dir='ltr'>ut</span> <span class='ocrx_word' id='word_1_121' title='bbox 1051 2012 1217 2077; x_wconf 81' lang='lat' dir='ltr'>possit</span> <span class='ocrx_word' id='word_1_122' title='bbox 1261 2013 1573 2077; x_wconf 88' lang='lat' dir='ltr'>producere.</span> 
     </span>
     <span class='ocr_line' id='line_1_22' title="bbox 501 2088 1569 2153; baseline 0.003 -15"><span class='ocrx_word' id='word_1_123' title='bbox 501 2088 591 2138; x_wconf 85' lang='lat' dir='ltr'>Sic</span> <span class='ocrx_word' id='word_1_124' title='bbox 613 2088 797 2153; x_wconf 82' lang='lat' dir='ltr'>virgil.</span> <span class='ocrx_word' id='word_1_125' title='bbox 822 2103 862 2138; x_wconf 85' lang='lat'>1.</span> <span class='ocrx_word' id='word_1_126' title='bbox 905 2089 1065 2139; x_wconf 82' lang='lat' dir='ltr'><strong>Geor.</strong></span> <span class='ocrx_word' id='word_1_127' title='bbox 1102 2104 1178 2138; x_wconf 82' lang='lat' dir='ltr'>vs.</span> <span class='ocrx_word' id='word_1_128' title='bbox 1199 2094 1282 2141; x_wconf 87' lang='lat'>81.</span> <span class='ocrx_word' id='word_1_129' title='bbox 1323 2088 1569 2141; x_wconf 79' lang='lat' dir='ltr'>‘Effoetos</span> 
     </span>
     <span class='ocr_line' id='line_1_23' title="bbox 503 2165 1568 2233; baseline 0.005 -19"><span class='ocrx_word' id='word_1_130' title='bbox 503 2165 734 2215; x_wconf 87' lang='lat' dir='ltr'>cinerem</span> <span class='ocrx_word' id='word_1_131' title='bbox 778 2166 1096 2216; x_wconf 87' lang='lat' dir='ltr'>immundum</span> <span class='ocrx_word' id='word_1_132' title='bbox 1133 2168 1342 2231; x_wconf 87' lang='lat' dir='ltr'>jactare</span> <span class='ocrx_word' id='word_1_133' title='bbox 1389 2182 1484 2233; x_wconf 84' lang='lat' dir='ltr'>per</span> <span class='ocrx_word' id='word_1_134' title='bbox 1515 2185 1568 2218; x_wconf 85' lang='lat' dir='ltr'>a·</span> 
     </span>
     <span class='ocr_line' id='line_1_24' title="bbox 502 2240 661 2304; baseline 0.006 -15"><span class='ocrx_word' id='word_1_135' title='bbox 502 2240 661 2304; x_wconf 58' lang='lat' dir='ltr'>gros?</span> 
     </span>
    </p>

    <p class='ocr_par' dir='ltr' id='par_1_12' title="bbox 482 2316 1570 4365">
     <span class='ocr_line' id='line_1_25' title="bbox 567 2316 1568 2385; baseline 0.004 -17"><span class='ocrx_word' id='word_1_136' title='bbox 567 2316 591 2350; x_wconf 85' lang='lat'>¹¹</span> <span class='ocrx_word' id='word_1_137' title='bbox 625 2319 765 2368; x_wconf 82' lang='lat' dir='ltr'>Mors</span> <span class='ocrx_word' id='word_1_138' title='bbox 802 2318 1038 2369; x_wconf 62' lang='lat' dir='ltr'>&#39;sonzinum</span> <span class='ocrx_word' id='word_1_139' title='bbox 1060 2320 1218 2385; x_wconf 73' lang='lat' dir='ltr'>felix]</span> <span class='ocrx_word' id='word_1_140' title='bbox 1265 2322 1394 2372; x_wconf 86' lang='lat' dir='ltr'>Cum</span> <span class='ocrx_word' id='word_1_141' title='bbox 1428 2322 1568 2372; x_wconf 85' lang='lat' dir='ltr'>locu-</span> 
     </span>
     <span class='ocr_line' id='line_1_26' title="bbox 503 2393 1568 2462; baseline 0.005 -20"><span class='ocrx_word' id='word_1_142' title='bbox 503 2393 578 2443; x_wconf 88' lang='lat' dir='ltr'>tio</span> <span class='ocrx_word' id='word_1_143' title='bbox 617 2393 688 2442; x_wconf 87' lang='lat' dir='ltr'>sit</span> <span class='ocrx_word' id='word_1_144' title='bbox 718 2394 1053 2458; x_wconf 73' lang='lat' dir='ltr'>cogitationis</span> <span class='ocrx_word' id='word_1_145' title='bbox 1083 2398 1364 2461; x_wconf 70' lang='lat' dir='ltr'>interpres,</span> <span class='ocrx_word' id='word_1_146' title='bbox 1402 2398 1568 2462; x_wconf 86' lang='lat' dir='ltr'>qualis</span> 
     </span>
     <span class='ocr_line' id='line_1_27' title="bbox 503 2470 1565 2535; baseline 0.006 -17"><span class='ocrx_word' id='word_1_147' title='bbox 503 2475 584 2519; x_wconf 86' lang='lat' dir='ltr'>est</span> <span class='ocrx_word' id='word_1_148' title='bbox 606 2470 875 2535; x_wconf 73' lang='lat' dir='ltr'>cogitatio,</span> <span class='ocrx_word' id='word_1_149' title='bbox 897 2474 1014 2523; x_wconf 81' lang='lat' dir='ltr'>talis</span> <span class='ocrx_word' id='word_1_150' title='bbox 1036 2488 1151 2524; x_wconf 85' lang='lat' dir='ltr'>esse</span> <span class='ocrx_word' id='word_1_151' title='bbox 1170 2474 1329 2524; x_wconf 89' lang='lat' dir='ltr'>debet</span> <span class='ocrx_word' id='word_1_152' title='bbox 1347 2475 1565 2525; x_wconf 85' lang='lat' dir='ltr'>hominis</span> 
     </span>
     <span class='ocr_line' id='line_1_28' title="bbox 499 2546 1566 2603; baseline 0.007 -9"><span class='ocrx_word' id='word_1_153' title='bbox 499 2546 730 2596; x_wconf 88' lang='lat' dir='ltr'>locutio:</span> <span class='ocrx_word' id='word_1_154' title='bbox 768 2562 890 2597; x_wconf 82' lang='lat' dir='ltr'>vere</span> <span class='ocrx_word' id='word_1_155' title='bbox 946 2551 1086 2601; x_wconf 87' lang='lat' dir='ltr'>enim</span> <span class='ocrx_word' id='word_1_156' title='bbox 1133 2551 1369 2600; x_wconf 82' lang='lat' dir='ltr'>Christus</span> <span class='ocrx_word' id='word_1_157' title='bbox 1403 2551 1566 2603; x_wconf 85' lang='lat' dir='ltr'>Matt.</span> 
     </span>
     <span class='ocr_line' id='line_1_29' title="bbox 500 2627 1567 2680; baseline 0.005 -7"><span class='ocrx_word' id='word_1_158' title='bbox 500 2636 603 2674; x_wconf 75' lang='lat'>¹11.</span> <span class='ocrx_word' id='word_1_159' title='bbox 627 2640 702 2674; x_wconf 82' lang='lat' dir='ltr'>vs.</span> <span class='ocrx_word' id='word_1_160' title='bbox 723 2629 805 2677; x_wconf 73' lang='lat'>34.</span> <span class='ocrx_word' id='word_1_161' title='bbox 828 2627 931 2677; x_wconf 83' lang='lat' dir='ltr'>ait:</span> <span class='ocrx_word' id='word_1_162' title='bbox 966 2628 983 2656; x_wconf 87' lang='lat'>‘</span> <span class='ocrx_word' id='word_1_163' title='bbox 1003 2643 1071 2678; x_wconf 86' lang='lat' dir='ltr'>ex</span> <span class='ocrx_word' id='word_1_164' title='bbox 1101 2628 1419 2679; x_wconf 86' lang='lat' dir='ltr'>abundantia</span> <span class='ocrx_word' id='word_1_165' title='bbox 1452 2644 1567 2680; x_wconf 88' lang='lat' dir='ltr'>cor-</span> 
     </span>
     <span class='ocr_line' id='line_1_30' title="bbox 501 2699 1566 2766; baseline 0.006 -17"><span class='ocrx_word' id='word_1_166' title='bbox 501 2699 581 2749; x_wconf 86' lang='lat' dir='ltr'>dis</span> <span class='ocrx_word' id='word_1_167' title='bbox 624 2714 681 2749; x_wconf 89' lang='lat' dir='ltr'>os</span> <span class='ocrx_word' id='word_1_168' title='bbox 723 2700 986 2766; x_wconf 87' lang='lat' dir='ltr'>loquitur.&#39;</span> <span class='ocrx_word' id='word_1_169' title='bbox 1051 2703 1139 2754; x_wconf 87' lang='lat' dir='ltr'>Sic</span> <span class='ocrx_word' id='word_1_170' title='bbox 1180 2705 1321 2755; x_wconf 89' lang='lat' dir='ltr'>Dido</span> <span class='ocrx_word' id='word_1_171' title='bbox 1361 2705 1566 2756; x_wconf 85' lang='lat' dir='ltr'>AEneid.</span> 
     </span>
     <span class='ocr_line' id='line_1_31' title="bbox 498 2776 1563 2845; baseline 0.006 -20"><span class='ocrx_word' id='word_1_172' title='bbox 498 2789 583 2826; x_wconf 74' lang='lat' dir='ltr'>w.</span> <span class='ocrx_word' id='word_1_173' title='bbox 625 2792 718 2841; x_wconf 87' lang='lat' dir='ltr'>pro</span> <span class='ocrx_word' id='word_1_174' title='bbox 757 2776 994 2841; x_wconf 84' lang='lat' dir='ltr'>diversis,</span> <span class='ocrx_word' id='word_1_175' title='bbox 1040 2781 1227 2845; x_wconf 91' lang='lat' dir='ltr'>quibus</span> <span class='ocrx_word' id='word_1_176' title='bbox 1264 2781 1316 2830; x_wconf 91' lang='lat' dir='ltr'>in</span> <span class='ocrx_word' id='word_1_177' title='bbox 1353 2782 1563 2831; x_wconf 83' lang='lat' dir='ltr'>AEneam</span> 
     </span>
     <span class='ocr_line' id='line_1_32' title="bbox 499 2850 1566 2919; baseline 0.004 -17"><span class='ocrx_word' id='word_1_178' title='bbox 499 2850 741 2917; x_wconf 84' lang='lat' dir='ltr'>afficitur,</span> <span class='ocrx_word' id='word_1_179' title='bbox 785 2855 1193 2919; x_wconf 82' lang='lat' dir='ltr'>cogitationibus</span> <span class='ocrx_word' id='word_1_180' title='bbox 1238 2856 1443 2907; x_wconf 87' lang='lat' dir='ltr'>diversa</span> <span class='ocrx_word' id='word_1_181' title='bbox 1490 2858 1566 2906; x_wconf 90' lang='lat' dir='ltr'>lo·</span> 
     </span>
     <span class='ocr_line' id='line_1_33' title="bbox 497 2929 1570 2992; baseline 0.002 -14"><span class='ocrx_word' id='word_1_182' title='bbox 497 2929 696 2992; x_wconf 86' lang='lat' dir='ltr'>quitur,</span> <span class='ocrx_word' id='word_1_183' title='bbox 727 2937 786 2980; x_wconf 90' lang='lat' dir='ltr'>ut</span> <span class='ocrx_word' id='word_1_184' title='bbox 809 2932 943 2981; x_wconf 86' lang='lat' dir='ltr'>hunc</span> <span class='ocrx_word' id='word_1_185' title='bbox 963 2932 1114 2981; x_wconf 87' lang='lat' dir='ltr'>modo</span> <span class='ocrx_word' id='word_1_186' title='bbox 1143 2947 1174 2981; x_wconf 86' lang='lat' dir='ltr'>a</span> <span class='ocrx_word' id='word_1_187' title='bbox 1196 2934 1333 2992; x_wconf 88' lang='lat' dir='ltr'>Diis,</span> <span class='ocrx_word' id='word_1_188' title='bbox 1358 2932 1510 2982; x_wconf 88' lang='lat' dir='ltr'>modo</span> <span class='ocrx_word' id='word_1_189' title='bbox 1532 2946 1570 2980; x_wconf 82' lang='lat' dir='ltr'>a</span> 
     </span>
     <span class='ocr_line' id='line_1_34' title="bbox 492 3004 1565 3071; baseline 0.001 -17"><span class='ocrx_word' id='word_1_190' title='bbox 492 3004 621 3054; x_wconf 80' lang='lat' dir='ltr'>feris</span> <span class='ocrx_word' id='word_1_191' title='bbox 639 3007 871 3071; x_wconf 83' lang='lat' dir='ltr'>genitum</span> <span class='ocrx_word' id='word_1_192' title='bbox 890 3007 1057 3060; x_wconf 83' lang='lat' dir='ltr'>dicat:</span> <span class='ocrx_word' id='word_1_193' title='bbox 1081 3009 1096 3037; x_wconf 88' lang='lat'>‘</span> <span class='ocrx_word' id='word_1_194' title='bbox 1111 3008 1281 3058; x_wconf 86' lang='lat' dir='ltr'>Credo</span> <span class='ocrx_word' id='word_1_195' title='bbox 1300 3007 1565 3071; x_wconf 81' lang='lat' dir='ltr'>equidem,</span> 
     </span>
     <span class='ocr_line' id='line_1_35' title="bbox 495 3083 1567 3149; baseline 0.001 -18"><span class='ocrx_word' id='word_1_196' title='bbox 495 3096 595 3132; x_wconf 86' lang='lat' dir='ltr'>nec</span> <span class='ocrx_word' id='word_1_197' title='bbox 654 3098 787 3133; x_wconf 86' lang='lat' dir='ltr'>vana</span> <span class='ocrx_word' id='word_1_198' title='bbox 839 3083 989 3148; x_wconf 79' lang='lat' dir='ltr'>fides,</span> <span class='ocrx_word' id='word_1_199' title='bbox 1046 3099 1209 3149; x_wconf 85' lang='lat' dir='ltr'>genus</span> <span class='ocrx_word' id='word_1_200' title='bbox 1259 3097 1372 3133; x_wconf 88' lang='lat' dir='ltr'>esse</span> <span class='ocrx_word' id='word_1_201' title='bbox 1421 3084 1567 3133; x_wconf 90' lang='lat' dir='ltr'>Deo-</span> 
     </span>
     <span class='ocr_line' id='line_1_36' title="bbox 492 3158 1560 3224; baseline 0.001 -18"><span class='ocrx_word' id='word_1_202' title='bbox 492 3172 627 3208; x_wconf 79' lang='lat' dir='ltr'>rum.</span> <span class='ocrx_word' id='word_1_203' title='bbox 649 3193 663 3208; x_wconf 89' lang='lat'><strong>.</strong></span> <span class='ocrx_word' id='word_1_204' title='bbox 687 3194 701 3209; x_wconf 89' lang='lat'><strong>.</strong></span> <span class='ocrx_word' id='word_1_205' title='bbox 723 3194 738 3208; x_wconf 89' lang='lat'><strong>.</strong></span> <span class='ocrx_word' id='word_1_206' title='bbox 763 3158 879 3209; x_wconf 86' lang='lat' dir='ltr'>Nec</span> <span class='ocrx_word' id='word_1_207' title='bbox 903 3161 1000 3210; x_wconf 88' lang='lat' dir='ltr'>tibi</span> <span class='ocrx_word' id='word_1_208' title='bbox 1019 3161 1154 3209; x_wconf 83' lang='lat' dir='ltr'>Diva</span> <span class='ocrx_word' id='word_1_209' title='bbox 1178 3173 1386 3224; x_wconf 86' lang='lat' dir='ltr'>parens,</span> <span class='ocrx_word' id='word_1_210' title='bbox 1402 3172 1560 3222; x_wconf 85' lang='lat' dir='ltr'>gene·</span> 
     </span>
     <span class='ocr_line' id='line_1_37' title="bbox 493 3233 1556 3300; baseline -0.001 -16"><span class='ocrx_word' id='word_1_211' title='bbox 493 3234 566 3284; x_wconf 83' lang='lat' dir='ltr'>ris</span> <span class='ocrx_word' id='word_1_212' title='bbox 605 3248 703 3285; x_wconf 89' lang='lat' dir='ltr'>nec</span> <span class='ocrx_word' id='word_1_213' title='bbox 750 3237 1028 3287; x_wconf 83' lang='lat' dir='ltr'>Dardanus</span> <span class='ocrx_word' id='word_1_214' title='bbox 1078 3246 1279 3300; x_wconf 82' lang='lat' dir='ltr'>auctor,</span> <span class='ocrx_word' id='word_1_215' title='bbox 1316 3233 1556 3284; x_wconf 80' lang='lat' dir='ltr'>Perfide:</span> 
     </span>
     <span class='ocr_line' id='line_1_38' title="bbox 492 3312 1557 3379; baseline -0.001 -18"><span class='ocrx_word' id='word_1_216' title='bbox 492 3312 586 3362; x_wconf 85' lang='lat' dir='ltr'>sed</span> <span class='ocrx_word' id='word_1_217' title='bbox 616 3312 762 3362; x_wconf 88' lang='lat' dir='ltr'>duris</span> <span class='ocrx_word' id='word_1_218' title='bbox 786 3315 971 3379; x_wconf 87' lang='lat' dir='ltr'>genuit</span> <span class='ocrx_word' id='word_1_219' title='bbox 1003 3313 1056 3363; x_wconf 77' lang='lat' dir='ltr'>te</span> <span class='ocrx_word' id='word_1_220' title='bbox 1081 3312 1322 3364; x_wconf 85' lang='lat' dir='ltr'>cautibus</span> <span class='ocrx_word' id='word_1_221' title='bbox 1344 3312 1557 3362; x_wconf 84' lang='lat' dir='ltr'>horrens</span> 
     </span>
     <span class='ocr_line' id='line_1_39' title="bbox 493 3389 1557 3455; baseline -0.003 -15"><span class='ocrx_word' id='word_1_222' title='bbox 493 3390 776 3452; x_wconf 73' lang='lat' dir='ltr'>Caucasus,</span> <span class='ocrx_word' id='word_1_223' title='bbox 808 3392 1172 3455; x_wconf 84' lang='lat' dir='ltr'>Hyrcauaeque</span> <span class='ocrx_word' id='word_1_224' title='bbox 1198 3389 1475 3439; x_wconf 79' lang='lat' dir='ltr'>admorunt</span> <span class='ocrx_word' id='word_1_225' title='bbox 1497 3404 1557 3438; x_wconf 89' lang='lat' dir='ltr'>u-</span> 
     </span>
     <span class='ocr_line' id='line_1_40' title="bbox 492 3464 1554 3529; baseline 0 -15"><span class='ocrx_word' id='word_1_226' title='bbox 492 3464 622 3514; x_wconf 85' lang='lat' dir='ltr'>bera</span> <span class='ocrx_word' id='word_1_227' title='bbox 660 3466 858 3529; x_wconf 84' lang='lat' dir='ltr'>tigres.&#39;</span> <span class='ocrx_word' id='word_1_228' title='bbox 932 3469 1064 3518; x_wconf 87' lang='lat' dir='ltr'>Cum</span> <span class='ocrx_word' id='word_1_229' title='bbox 1099 3465 1261 3529; x_wconf 82' lang='lat' dir='ltr'>igitur</span> <span class='ocrx_word' id='word_1_230' title='bbox 1298 3464 1554 3515; x_wconf 61' lang='lat' dir='ltr'>Boethius</span> 
     </span>
     <span class='ocr_line' id='line_1_41' title="bbox 492 3541 1557 3604; baseline -0.001 -15"><span class='ocrx_word' id='word_1_231' title='bbox 492 3541 720 3591; x_wconf 86' lang='lat' dir='ltr'>nondum</span> <span class='ocrx_word' id='word_1_232' title='bbox 773 3542 1094 3592; x_wconf 79' lang='lat' dir='ltr'>consuluerit</span> <span class='ocrx_word' id='word_1_233' title='bbox 1148 3541 1557 3604; x_wconf 80' lang='lat' dir='ltr'>Philosophiam,</span> 
     </span>
     <span class='ocr_line' id='line_1_42' title="bbox 489 3617 1556 3682; baseline 0.002 -16"><span class='ocrx_word' id='word_1_234' title='bbox 489 3631 593 3667; x_wconf 85' lang='lat' dir='ltr'>nou</span> <span class='ocrx_word' id='word_1_235' title='bbox 614 3619 963 3682; x_wconf 83' lang='lat' dir='ltr'>intelligentia</span> <span class='ocrx_word' id='word_1_236' title='bbox 989 3617 1081 3667; x_wconf 90' lang='lat' dir='ltr'>sed</span> <span class='ocrx_word' id='word_1_237' title='bbox 1105 3617 1412 3681; x_wconf 79' lang='lat' dir='ltr'>praejudicio</span> <span class='ocrx_word' id='word_1_238' title='bbox 1428 3617 1556 3668; x_wconf 83' lang='lat' dir='ltr'>duc-</span> 
     </span>
     <span class='ocr_line' id='line_1_43' title="bbox 488 3693 1557 3759; baseline 0 -16"><span class='ocrx_word' id='word_1_239' title='bbox 488 3701 574 3743; x_wconf 86' lang='lat' dir='ltr'>tus</span> <span class='ocrx_word' id='word_1_240' title='bbox 595 3695 841 3759; x_wconf 87' lang='lat' dir='ltr'>loquitur.</span> <span class='ocrx_word' id='word_1_241' title='bbox 908 3695 1051 3756; x_wconf 90' lang='lat' dir='ltr'>Non,</span> <span class='ocrx_word' id='word_1_242' title='bbox 1078 3695 1305 3758; x_wconf 89' lang='lat' dir='ltr'>inquam,</span> <span class='ocrx_word' id='word_1_243' title='bbox 1327 3693 1557 3758; x_wconf 90' lang='lat' dir='ltr'>loquitur</span> 
     </span>
     <span class='ocr_line' id='line_1_44' title="bbox 487 3769 1552 3834; baseline -0.001 -14"><span class='ocrx_word' id='word_1_244' title='bbox 487 3769 625 3820; x_wconf 85' lang='lat' dir='ltr'>duce</span> <span class='ocrx_word' id='word_1_245' title='bbox 666 3770 1040 3834; x_wconf 86' lang='lat' dir='ltr'>intelligentia:</span> <span class='ocrx_word' id='word_1_246' title='bbox 1087 3770 1290 3820; x_wconf 89' lang='lat' dir='ltr'>diceret</span> <span class='ocrx_word' id='word_1_247' title='bbox 1327 3771 1464 3819; x_wconf 90' lang='lat' dir='ltr'>enim</span> <span class='ocrx_word' id='word_1_248' title='bbox 1496 3770 1552 3820; x_wconf 90' lang='lat' dir='ltr'>in</span> 
     </span>
     <span class='ocr_line' id='line_1_45' title="bbox 483 3846 1552 3911; baseline 0.002 -15"><span class='ocrx_word' id='word_1_249' title='bbox 483 3861 741 3911; x_wconf 85' lang='lat' dir='ltr'>prospera</span> <span class='ocrx_word' id='word_1_250' title='bbox 761 3846 969 3897; x_wconf 86' lang='lat' dir='ltr'>fortuna</span> <span class='ocrx_word' id='word_1_251' title='bbox 990 3862 1106 3898; x_wconf 89' lang='lat' dir='ltr'>cum</span> <span class='ocrx_word' id='word_1_252' title='bbox 1127 3848 1303 3898; x_wconf 86' lang='lat' dir='ltr'>Tullio</span> <span class='ocrx_word' id='word_1_253' title='bbox 1334 3854 1552 3898; x_wconf 86' lang='lat' dir='ltr'>mortem</span> 
     </span>
     <span class='ocr_line' id='line_1_46' title="bbox 485 3923 1552 3990; baseline 0.005 -19"><span class='ocrx_word' id='word_1_254' title='bbox 485 3931 700 3986; x_wconf 81' lang='lat' dir='ltr'>propter</span> <span class='ocrx_word' id='word_1_255' title='bbox 737 3923 962 3974; x_wconf 85' lang='lat' dir='ltr'>incertos</span> <span class='ocrx_word' id='word_1_256' title='bbox 1000 3940 1149 3975; x_wconf 87' lang='lat' dir='ltr'>casus</span> <span class='ocrx_word' id='word_1_257' title='bbox 1190 3925 1423 3990; x_wconf 88' lang='lat' dir='ltr'>quotidie</span> <span class='ocrx_word' id='word_1_258' title='bbox 1457 3926 1552 3975; x_wconf 89' lang='lat' dir='ltr'>im·</span> 
     </span>
     <span class='ocr_line' id='line_1_47' title="bbox 483 3999 1550 4065; baseline 0.004 -18"><span class='ocrx_word' id='word_1_259' title='bbox 483 3999 702 4063; x_wconf 88' lang='lat' dir='ltr'>minere,</span> <span class='ocrx_word' id='word_1_260' title='bbox 736 4007 792 4050; x_wconf 80' lang='lat' dir='ltr'>et</span> <span class='ocrx_word' id='word_1_261' title='bbox 826 4008 1042 4065; x_wconf 89' lang='lat' dir='ltr'>propter</span> <span class='ocrx_word' id='word_1_262' title='bbox 1080 4002 1200 4052; x_wconf 76' lang='lat' dir='ltr'>vitae</span> <span class='ocrx_word' id='word_1_263' title='bbox 1242 4003 1550 4053; x_wconf 85' lang='lat' dir='ltr'>brevitatem</span> 
     </span>
     <span class='ocr_line' id='line_1_48' title="bbox 483 4076 1553 4140; baseline 0.005 -17"><span class='ocrx_word' id='word_1_264' title='bbox 483 4087 742 4137; x_wconf 86' lang='lat' dir='ltr'>nunquam</span> <span class='ocrx_word' id='word_1_265' title='bbox 787 4076 943 4140; x_wconf 85' lang='lat' dir='ltr'>longe</span> <span class='ocrx_word' id='word_1_266' title='bbox 988 4077 1192 4127; x_wconf 86' lang='lat' dir='ltr'>abesse:</span> <span class='ocrx_word' id='word_1_267' title='bbox 1237 4078 1291 4127; x_wconf 90' lang='lat' dir='ltr'>in</span> <span class='ocrx_word' id='word_1_268' title='bbox 1332 4077 1553 4128; x_wconf 83' lang='lat' dir='ltr'>adversa</span> 
     </span>
     <span class='ocr_line' id='line_1_49' title="bbox 482 4150 1550 4219; baseline 0.007 -23"><span class='ocrx_word' id='word_1_269' title='bbox 482 4163 607 4198; x_wconf 76' lang='lat' dir='ltr'>vero</span> <span class='ocrx_word' id='word_1_270' title='bbox 623 4150 840 4202; x_wconf 81' lang='lat' dir='ltr'>eandem</span> <span class='ocrx_word' id='word_1_271' title='bbox 860 4159 1079 4204; x_wconf 83' lang='lat' dir='ltr'>mortem</span> <span class='ocrx_word' id='word_1_272' title='bbox 1104 4169 1274 4204; x_wconf 86' lang='lat' dir='ltr'>moras</span> <span class='ocrx_word' id='word_1_273' title='bbox 1305 4168 1550 4219; x_wconf 83' lang='lat' dir='ltr'>compen·</span> 
     </span>
     <span class='ocr_line' id='line_1_50' title="bbox 482 4228 1547 4293; baseline 0.006 -20"><span class='ocrx_word' id='word_1_274' title='bbox 482 4238 598 4274; x_wconf 80' lang='lat' dir='ltr'>sare</span> <span class='ocrx_word' id='word_1_275' title='bbox 646 4228 946 4280; x_wconf 70' lang='lat' dir='ltr'>aeternitate</span> <span class='ocrx_word' id='word_1_276' title='bbox 1000 4230 1230 4281; x_wconf 82' lang='lat' dir='ltr'>melioris</span> <span class='ocrx_word' id='word_1_277' title='bbox 1288 4231 1428 4293; x_wconf 81' lang='lat' dir='ltr'>vitae,</span> <span class='ocrx_word' id='word_1_278' title='bbox 1490 4231 1547 4279; x_wconf 87' lang='lat' dir='ltr'>in</span> 
     </span>
     <span class='ocr_line' id='line_1_51' title="bbox 482 4301 1544 4365; baseline 0.006 -17"><span class='ocrx_word' id='word_1_279' title='bbox 482 4314 636 4365; x_wconf 86' lang='lat' dir='ltr'>quam</span> <span class='ocrx_word' id='word_1_280' title='bbox 660 4301 959 4358; x_wconf 85' lang='lat' dir='ltr'>introducit.</span> <span class='ocrx_word' id='word_1_281' title='bbox 1024 4306 1100 4357; x_wconf 88' lang='lat' dir='ltr'>At</span> <span class='ocrx_word' id='word_1_282' title='bbox 1132 4306 1268 4357; x_wconf 89' lang='lat' dir='ltr'>idem</span> <span class='ocrx_word' id='word_1_283' title='bbox 1290 4305 1544 4357; x_wconf 62' lang='lat' dir='ltr'>Boethius</span> 
     </span>
    </p>
   </div>
   <div class='ocr_carea' id='block_1_12' title="bbox 1627 1630 2724 4367">
    <p class='ocr_par' dir='ltr' id='par_1_13' title="bbox 1644 1630 2724 2996">
     <span class='ocr_line' id='line_1_52' title="bbox 1657 1630 2722 1698; baseline 0.002 -18"><span class='ocrx_word' id='word_1_284' title='bbox 1657 1630 1883 1696; x_wconf 88' lang='lat' dir='ltr'>loquitur</span> <span class='ocrx_word' id='word_1_285' title='bbox 1912 1631 2163 1683; x_wconf 76' lang='lat' dir='ltr'>suadente</span> <span class='ocrx_word' id='word_1_286' title='bbox 2194 1632 2517 1697; x_wconf 73' lang='lat' dir='ltr'>pra—judicio,</span> <span class='ocrx_word' id='word_1_287' title='bbox 2541 1633 2722 1698; x_wconf 87' lang='lat' dir='ltr'>volup·</span> 
     </span>
     <span class='ocr_line' id='line_1_53' title="bbox 1658 1710 2724 1775; baseline 0.002 -15"><span class='ocrx_word' id='word_1_288' title='bbox 1658 1717 1770 1760; x_wconf 86' lang='lat' dir='ltr'>tate</span> <span class='ocrx_word' id='word_1_289' title='bbox 1805 1711 2046 1760; x_wconf 85' lang='lat' dir='ltr'>nimirum</span> <span class='ocrx_word' id='word_1_290' title='bbox 2081 1720 2137 1761; x_wconf 93' lang='lat' dir='ltr'>et</span> <span class='ocrx_word' id='word_1_291' title='bbox 2170 1710 2498 1775; x_wconf 67' lang='lat' dir='ltr'>aegritudine,</span> <span class='ocrx_word' id='word_1_292' title='bbox 2531 1711 2724 1775; x_wconf 79' lang='lat' dir='ltr'>quibus</span> 
     </span>
     <span class='ocr_line' id='line_1_54' title="bbox 1657 1787 2720 1852; baseline 0.003 -15"><span class='ocrx_word' id='word_1_293' title='bbox 1657 1802 1800 1837; x_wconf 77' lang='lat' dir='ltr'>mens</span> <span class='ocrx_word' id='word_1_294' title='bbox 1835 1788 2057 1838; x_wconf 87' lang='lat' dir='ltr'>humana</span> <span class='ocrx_word' id='word_1_295' title='bbox 2094 1788 2148 1838; x_wconf 90' lang='lat' dir='ltr'>in</span> <span class='ocrx_word' id='word_1_296' title='bbox 2192 1803 2445 1852; x_wconf 88' lang='lat' dir='ltr'>prospera</span> <span class='ocrx_word' id='word_1_297' title='bbox 2478 1787 2720 1840; x_wconf 72' lang='lat' dir='ltr'>adversa-</span> 
     </span>
     <span class='ocr_line' id='line_1_55' title="bbox 1657 1864 2718 1929; baseline -0.001 -15"><span class='ocrx_word' id='word_1_298' title='bbox 1657 1879 1761 1929; x_wconf 87' lang='lat' dir='ltr'>que</span> <span class='ocrx_word' id='word_1_299' title='bbox 1783 1864 1993 1915; x_wconf 84' lang='lat' dir='ltr'>fortuna</span> <span class='ocrx_word' id='word_1_300' title='bbox 2031 1864 2289 1915; x_wconf 83' lang='lat' dir='ltr'>afficitur:</span> <span class='ocrx_word' id='word_1_301' title='bbox 2333 1864 2419 1928; x_wconf 92' lang='lat' dir='ltr'>qui</span> <span class='ocrx_word' id='word_1_302' title='bbox 2458 1866 2596 1914; x_wconf 88' lang='lat' dir='ltr'>enim</span> <span class='ocrx_word' id='word_1_303' title='bbox 2632 1878 2718 1913; x_wconf 87' lang='lat' dir='ltr'>vo·</span> 
     </span>
     <span class='ocr_line' id='line_1_56' title="bbox 1650 1938 2718 2003; baseline 0.001 -15"><span class='ocrx_word' id='word_1_304' title='bbox 1650 1940 1855 2003; x_wconf 88' lang='lat' dir='ltr'>luptate</span> <span class='ocrx_word' id='word_1_305' title='bbox 1876 1938 2117 2002; x_wconf 88' lang='lat' dir='ltr'>afficitur,</span> <span class='ocrx_word' id='word_1_306' title='bbox 2150 1940 2270 1989; x_wconf 83' lang='lat' dir='ltr'>huic</span> <span class='ocrx_word' id='word_1_307' title='bbox 2305 1954 2439 1988; x_wconf 89' lang='lat' dir='ltr'>mors</span> <span class='ocrx_word' id='word_1_308' title='bbox 2465 1939 2551 1989; x_wconf 89' lang='lat' dir='ltr'>illa</span> <span class='ocrx_word' id='word_1_309' title='bbox 2573 1939 2718 1989; x_wconf 83' lang='lat' dir='ltr'>vide·</span> 
     </span>
     <span class='ocr_line' id='line_1_57' title="bbox 1653 2014 2718 2080; baseline 0 -14"><span class='ocrx_word' id='word_1_310' title='bbox 1653 2018 1771 2066; x_wconf 78' lang='lat' dir='ltr'>tur-⁴</span> <span class='ocrx_word' id='word_1_311' title='bbox 1787 2014 1935 2078; x_wconf 86' lang='lat' dir='ltr'>felix,</span> <span class='ocrx_word' id='word_1_312' title='bbox 1952 2032 2064 2080; x_wconf 81' lang='lat' dir='ltr'>quae</span> <span class='ocrx_word' id='word_1_313' title='bbox 2091 2031 2146 2065; x_wconf 90' lang='lat' dir='ltr'>se</span> <span class='ocrx_word' id='word_1_314' title='bbox 2168 2014 2405 2066; x_wconf 87' lang='lat' dir='ltr'>dulcibus</span> <span class='ocrx_word' id='word_1_315' title='bbox 2439 2015 2586 2064; x_wconf 85' lang='lat' dir='ltr'>annis</span> <span class='ocrx_word' id='word_1_316' title='bbox 2607 2030 2718 2066; x_wconf 86' lang='lat' dir='ltr'>non</span> 
     </span>
     <span class='ocr_line' id='line_1_58' title="bbox 1652 2091 2716 2157; baseline -0.001 -15"><span class='ocrx_word' id='word_1_317' title='bbox 1652 2092 1835 2142; x_wconf 87' lang='lat' dir='ltr'>inserit</span> <span class='ocrx_word' id='word_1_318' title='bbox 1856 2092 1896 2142; x_wconf 82' lang='lat'>:’</span> <span class='ocrx_word' id='word_1_319' title='bbox 1926 2093 2016 2157; x_wconf 90' lang='lat' dir='ltr'>qui</span> <span class='ocrx_word' id='word_1_320' title='bbox 2055 2107 2178 2142; x_wconf 83' lang='lat' dir='ltr'>vero</span> <span class='ocrx_word' id='word_1_321' title='bbox 2211 2091 2524 2157; x_wconf 69' lang='lat' dir='ltr'>aegritudine</span> <span class='ocrx_word' id='word_1_322' title='bbox 2556 2092 2716 2141; x_wconf 87' lang='lat' dir='ltr'>animi</span> 
     </span>
     <span class='ocr_line' id='line_1_59' title="bbox 1653 2168 2716 2233; baseline 0.001 -16"><span class='ocrx_word' id='word_1_323' title='bbox 1653 2168 1872 2232; x_wconf 83' lang='lat' dir='ltr'>laborat,</span> <span class='ocrx_word' id='word_1_324' title='bbox 1911 2170 2080 2219; x_wconf 88' lang='lat' dir='ltr'>eidem</span> <span class='ocrx_word' id='word_1_325' title='bbox 2123 2168 2333 2231; x_wconf 86' lang='lat' dir='ltr'>‘mors·,&#39;</span> <span class='ocrx_word' id='word_1_326' title='bbox 2378 2184 2491 2233; x_wconf 78' lang='lat' dir='ltr'>qnae</span> <span class='ocrx_word' id='word_1_327' title='bbox 2531 2170 2716 2233; x_wconf 82' lang='lat' dir='ltr'>‘saepe</span> 
     </span>
     <span class='ocr_line' id='line_1_60' title="bbox 1651 2245 2712 2309; baseline 0.001 -13"><span class='ocrx_word' id='word_1_328' title='bbox 1651 2253 1833 2298; x_wconf 83' lang='lat' dir='ltr'>vocata</span> <span class='ocrx_word' id='word_1_329' title='bbox 1856 2246 2031 2309; x_wconf 83' lang='lat' dir='ltr'>venit,’</span> <span class='ocrx_word' id='word_1_330' title='bbox 2057 2248 2132 2297; x_wconf 88' lang='lat' dir='ltr'>ita</span> <span class='ocrx_word' id='word_1_331' title='bbox 2163 2245 2291 2295; x_wconf 81' lang='lat' dir='ltr'>felix</span> <span class='ocrx_word' id='word_1_332' title='bbox 2316 2245 2539 2308; x_wconf 86' lang='lat' dir='ltr'>videtur,</span> <span class='ocrx_word' id='word_1_333' title='bbox 2563 2253 2624 2295; x_wconf 89' lang='lat' dir='ltr'>ut</span> <span class='ocrx_word' id='word_1_334' title='bbox 2645 2262 2712 2297; x_wconf 88' lang='lat' dir='ltr'>eo</span> 
     </span>
     <span class='ocr_line' id='line_1_61' title="bbox 1650 2324 2711 2388; baseline 0 -15"><span class='ocrx_word' id='word_1_335' title='bbox 1650 2324 1910 2373; x_wconf 89' lang='lat' dir='ltr'>crudelior</span> <span class='ocrx_word' id='word_1_336' title='bbox 1931 2324 2019 2386; x_wconf 85' lang='lat' dir='ltr'>sit,</span> <span class='ocrx_word' id='word_1_337' title='bbox 2043 2339 2142 2388; x_wconf 89' lang='lat' dir='ltr'>quo</span> <span class='ocrx_word' id='word_1_338' title='bbox 2168 2324 2329 2374; x_wconf 83' lang='lat' dir='ltr'>veluti</span> <span class='ocrx_word' id='word_1_339' title='bbox 2352 2324 2525 2386; x_wconf 83' lang='lat' dir='ltr'>surda,</span> <span class='ocrx_word' id='word_1_340' title='bbox 2548 2324 2711 2374; x_wconf 85' lang='lat' dir='ltr'>vitam</span> 
     </span>
     <span class='ocr_line' id='line_1_62' title="bbox 1648 2399 2713 2464; baseline 0.002 -17"><span class='ocrx_word' id='word_1_341' title='bbox 1648 2399 1772 2448; x_wconf 89' lang='lat' dir='ltr'>sinit</span> <span class='ocrx_word' id='word_1_342' title='bbox 1815 2399 1938 2449; x_wconf 87' lang='lat' dir='ltr'>duci</span> <span class='ocrx_word' id='word_1_343' title='bbox 1984 2399 2283 2463; x_wconf 85' lang='lat' dir='ltr'>longiorem.</span> <span class='ocrx_word' id='word_1_344' title='bbox 2357 2399 2532 2464; x_wconf 82' lang='lat' dir='ltr'>Atque</span> <span class='ocrx_word' id='word_1_345' title='bbox 2587 2399 2713 2449; x_wconf 85' lang='lat' dir='ltr'>inde</span> 
     </span>
     <span class='ocr_line' id='line_1_63' title="bbox 1647 2475 2713 2541; baseline 0.001 -16"><span class='ocrx_word' id='word_1_346' title='bbox 1647 2477 1899 2527; x_wconf 64' lang='lat' dir='ltr'>Boethius</span> <span class='ocrx_word' id='word_1_347' title='bbox 1938 2477 2155 2541; x_wconf 80' lang='lat' dir='ltr'>colligit,</span> <span class='ocrx_word' id='word_1_348' title='bbox 2180 2491 2246 2526; x_wconf 87' lang='lat' dir='ltr'>ne</span> <span class='ocrx_word' id='word_1_349' title='bbox 2283 2477 2491 2541; x_wconf 89' lang='lat' dir='ltr'>quidem</span> <span class='ocrx_word' id='word_1_350' title='bbox 2530 2475 2608 2524; x_wconf 88' lang='lat' dir='ltr'>his</span> <span class='ocrx_word' id='word_1_351' title='bbox 2636 2478 2713 2526; x_wconf 90' lang='lat' dir='ltr'>le·</span> 
     </span>
     <span class='ocr_line' id='line_1_64' title="bbox 1646 2552 2709 2617; baseline 0.002 -16"><span class='ocrx_word' id='word_1_352' title='bbox 1646 2553 1797 2617; x_wconf 84' lang='lat' dir='ltr'>gibus</span> <span class='ocrx_word' id='word_1_353' title='bbox 1841 2559 2061 2603; x_wconf 86' lang='lat' dir='ltr'>mortem</span> <span class='ocrx_word' id='word_1_354' title='bbox 2104 2554 2205 2603; x_wconf 89' lang='lat' dir='ltr'>sibi</span> <span class='ocrx_word' id='word_1_355' title='bbox 2249 2552 2411 2602; x_wconf 78' lang='lat' dir='ltr'>fuisse</span> <span class='ocrx_word' id='word_1_356' title='bbox 2455 2552 2709 2603; x_wconf 78' lang='lat' dir='ltr'>felicem:</span> 
     </span>
     <span class='ocr_line' id='line_1_65' title="bbox 1648 2629 2711 2694; baseline -0.001 -16"><span class='ocrx_word' id='word_1_357' title='bbox 1648 2643 1765 2678; x_wconf 90' lang='lat' dir='ltr'>cum</span> <span class='ocrx_word' id='word_1_358' title='bbox 1788 2643 1922 2678; x_wconf 90' lang='lat' dir='ltr'>mors</span> <span class='ocrx_word' id='word_1_359' title='bbox 1944 2629 1996 2678; x_wconf 91' lang='lat' dir='ltr'>in</span> <span class='ocrx_word' id='word_1_360' title='bbox 2020 2644 2270 2694; x_wconf 85' lang='lat' dir='ltr'>prospera</span> <span class='ocrx_word' id='word_1_361' title='bbox 2308 2643 2542 2693; x_wconf 81' lang='lat' dir='ltr'>praeceps</span> <span class='ocrx_word' id='word_1_362' title='bbox 2566 2629 2711 2678; x_wconf 84' lang='lat' dir='ltr'>volu·</span> 
     </span>
     <span class='ocr_line' id='line_1_66' title="bbox 1647 2703 2712 2767; baseline 0 -13"><span class='ocrx_word' id='word_1_363' title='bbox 1647 2705 1771 2767; x_wconf 82' lang='lat' dir='ltr'>erit,</span> <span class='ocrx_word' id='word_1_364' title='bbox 1789 2705 1840 2753; x_wconf 89' lang='lat' dir='ltr'>in</span> <span class='ocrx_word' id='word_1_365' title='bbox 1864 2705 2088 2755; x_wconf 82' lang='lat' dir='ltr'>adversa</span> <span class='ocrx_word' id='word_1_366' title='bbox 2119 2712 2293 2755; x_wconf 84' lang='lat' dir='ltr'>autem</span> <span class='ocrx_word' id='word_1_367' title='bbox 2313 2703 2525 2756; x_wconf 84' lang='lat' dir='ltr'>fortuna</span> <span class='ocrx_word' id='word_1_368' title='bbox 2559 2704 2712 2754; x_wconf 86' lang='lat' dir='ltr'>tarda</span> 
     </span>
     <span class='ocr_line' id='line_1_67' title="bbox 1645 2779 2709 2844; baseline 0.001 -15"><span class='ocrx_word' id='word_1_369' title='bbox 1645 2781 1871 2830; x_wconf 84' lang='lat' dir='ltr'>noluerit</span> <span class='ocrx_word' id='word_1_370' title='bbox 1908 2782 2066 2831; x_wconf 84' lang='lat' dir='ltr'>vitam</span> <span class='ocrx_word' id='word_1_371' title='bbox 2109 2779 2347 2830; x_wconf 68' lang='lat' dir='ltr'>auferret</span> <span class='ocrx_word' id='word_1_372' title='bbox 2397 2779 2536 2844; x_wconf 90' lang='lat' dir='ltr'>quod</span> <span class='ocrx_word' id='word_1_373' title='bbox 2582 2782 2709 2831; x_wconf 80' lang='lat' dir='ltr'>satis</span> 
     </span>
     <span class='ocr_line' id='line_1_68' title="bbox 1645 2854 2711 2919; baseline 0.002 -15"><span class='ocrx_word' id='word_1_374' title='bbox 1645 2855 1975 2907; x_wconf 83' lang='lat' dir='ltr'>manifestum</span> <span class='ocrx_word' id='word_1_375' title='bbox 2017 2858 2120 2906; x_wconf 87' lang='lat' dir='ltr'>erit</span> <span class='ocrx_word' id='word_1_376' title='bbox 2166 2854 2455 2905; x_wconf 85' lang='lat' dir='ltr'>observatis</span> <span class='ocrx_word' id='word_1_377' title='bbox 2500 2855 2711 2919; x_wconf 81' lang='lat' dir='ltr'>quibus·</span> 
     </span>
     <span class='ocr_line' id='line_1_69' title="bbox 1644 2930 2553 2996; baseline -0.001 -16"><span class='ocrx_word' id='word_1_378' title='bbox 1644 2931 1781 2993; x_wconf 83' lang='lat' dir='ltr'>dam,</span> <span class='ocrx_word' id='word_1_379' title='bbox 1801 2946 1917 2996; x_wconf 84' lang='lat' dir='ltr'>quae</span> <span class='ocrx_word' id='word_1_380' title='bbox 1940 2938 2244 2996; x_wconf 82' lang='lat' dir='ltr'>sequuntur,</span> <span class='ocrx_word' id='word_1_381' title='bbox 2270 2930 2553 2981; x_wconf 81' lang='lat' dir='ltr'>vocabulis.</span> 
     </span>
    </p>

    <p class='ocr_par' dir='ltr' id='par_1_14' title="bbox 1627 3005 2718 4280">
     <span class='ocr_line' id='line_1_70' title="bbox 1716 3005 2707 3070; baseline 0.002 -14"><span class='ocrx_word' id='word_1_382' title='bbox 1716 3005 1915 3056; x_wconf 79' lang='lat' dir='ltr'>¹Surda</span> <span class='ocrx_word' id='word_1_383' title='bbox 2072 3007 2211 3070; x_wconf 79' lang='lat' dir='ltr'>aure]</span> <span class='ocrx_word' id='word_1_384' title='bbox 2263 3007 2458 3056; x_wconf 89' lang='lat' dir='ltr'>Surdus</span> <span class='ocrx_word' id='word_1_385' title='bbox 2512 3007 2707 3058; x_wconf 86' lang='lat' dir='ltr'>dicitur</span> 
     </span>
     <span class='ocr_line' id='line_1_71' title="bbox 1641 3083 2702 3148; baseline 0.004 -17"><span class='ocrx_word' id='word_1_386' title='bbox 1641 3083 1815 3145; x_wconf 88' lang='lat' dir='ltr'>homo,</span> <span class='ocrx_word' id='word_1_387' title='bbox 1844 3083 1932 3148; x_wconf 87' lang='lat' dir='ltr'>qui</span> <span class='ocrx_word' id='word_1_388' title='bbox 1966 3098 2088 3133; x_wconf 80' lang='lat' dir='ltr'>aure</span> <span class='ocrx_word' id='word_1_389' title='bbox 2122 3083 2375 3147; x_wconf 79' lang='lat' dir='ltr'>impedita</span> <span class='ocrx_word' id='word_1_390' title='bbox 2394 3097 2496 3133; x_wconf 89' lang='lat' dir='ltr'>non</span> <span class='ocrx_word' id='word_1_391' title='bbox 2520 3084 2702 3135; x_wconf 81' lang='lat' dir='ltr'>audit:</span> 
     </span>
     <span class='ocr_line' id='line_1_72' title="bbox 1643 3159 2707 3224; baseline 0.002 -16"><span class='ocrx_word' id='word_1_392' title='bbox 1643 3174 1804 3224; x_wconf 84' lang='lat' dir='ltr'>quare</span> <span class='ocrx_word' id='word_1_393' title='bbox 1855 3174 1972 3208; x_wconf 90' lang='lat' dir='ltr'>cum</span> <span class='ocrx_word' id='word_1_394' title='bbox 2019 3160 2158 3209; x_wconf 85' lang='lat' dir='ltr'>auris</span> <span class='ocrx_word' id='word_1_395' title='bbox 2200 3159 2369 3208; x_wconf 83' lang='lat' dir='ltr'>insitis</span> <span class='ocrx_word' id='word_1_396' title='bbox 2412 3160 2707 3223; x_wconf 86' lang='lat' dir='ltr'>praesertim</span> 
     </span>
     <span class='ocr_line' id='line_1_73' title="bbox 1640 3238 2706 3301; baseline -0.002 -14"><span class='ocrx_word' id='word_1_397' title='bbox 1640 3238 1878 3287; x_wconf 83' lang='lat' dir='ltr'>sordibus</span> <span class='ocrx_word' id='word_1_398' title='bbox 1898 3238 2227 3301; x_wconf 84' lang='lat' dir='ltr'>impediatur,</span> <span class='ocrx_word' id='word_1_399' title='bbox 2257 3245 2538 3301; x_wconf 87' lang='lat' dir='ltr'>propterea</span> <span class='ocrx_word' id='word_1_400' title='bbox 2560 3239 2575 3267; x_wconf 88' lang='lat'>‘</span> <span class='ocrx_word' id='word_1_401' title='bbox 2594 3253 2706 3288; x_wconf 76' lang='lat' dir='ltr'>sur-</span> 
     </span>
     <span class='ocr_line' id='line_1_74' title="bbox 1638 3312 2718 3377; baseline 0.002 -15"><span class='ocrx_word' id='word_1_402' title='bbox 1638 3313 1771 3376; x_wconf 87' lang='lat' dir='ltr'>dus,’</span> <span class='ocrx_word' id='word_1_403' title='bbox 1816 3315 1943 3377; x_wconf 82' lang='lat' dir='ltr'>sive,</span> <span class='ocrx_word' id='word_1_404' title='bbox 1987 3320 2046 3364; x_wconf 88' lang='lat' dir='ltr'>ut</span> <span class='ocrx_word' id='word_1_405' title='bbox 2080 3315 2303 3364; x_wconf 83' lang='lat' dir='ltr'>Veteres</span> <span class='ocrx_word' id='word_1_406' title='bbox 2338 3312 2718 3377; x_wconf 53' lang='lat' dir='ltr'>loquebantur„</span> 
     </span>
     <span class='ocr_line' id='line_1_75' title="bbox 1637 3389 2701 3455; baseline 0.004 -18"><span class='ocrx_word' id='word_1_407' title='bbox 1637 3389 1881 3439; x_wconf 86' lang='lat' dir='ltr'>‘sordus&#39;</span> <span class='ocrx_word' id='word_1_408' title='bbox 1928 3390 2135 3439; x_wconf 84' lang='lat' dir='ltr'>videtur</span> <span class='ocrx_word' id='word_1_409' title='bbox 2175 3390 2278 3439; x_wconf 89' lang='lat' dir='ltr'>dici</span> <span class='ocrx_word' id='word_1_410' title='bbox 2321 3405 2416 3455; x_wconf 82' lang='lat' dir='ltr'>per</span> <span class='ocrx_word' id='word_1_411' title='bbox 2462 3400 2701 3442; x_wconf 87' lang='lat' dir='ltr'>contrac-</span> 
     </span>
     <span class='ocr_line' id='line_1_76' title="bbox 1638 3465 2702 3530; baseline 0.003 -16"><span class='ocrx_word' id='word_1_412' title='bbox 1638 3465 1835 3515; x_wconf 89' lang='lat' dir='ltr'>tionem</span> <span class='ocrx_word' id='word_1_413' title='bbox 1880 3466 2025 3530; x_wconf 88' lang='lat' dir='ltr'>quasi</span> <span class='ocrx_word' id='word_1_414' title='bbox 2071 3466 2380 3516; x_wconf 86' lang='lat' dir='ltr'>‘sordidus.&#39;</span> <span class='ocrx_word' id='word_1_415' title='bbox 2443 3466 2567 3529; x_wconf 88' lang='lat' dir='ltr'>Sed,</span> <span class='ocrx_word' id='word_1_416' title='bbox 2611 3482 2702 3517; x_wconf 86' lang='lat' dir='ltr'>no-</span> 
     </span>
     <span class='ocr_line' id='line_1_77' title="bbox 1637 3541 2700 3592; baseline 0.002 -3"><span class='ocrx_word' id='word_1_417' title='bbox 1637 3541 1775 3592; x_wconf 88' lang='lat' dir='ltr'>mine</span> <span class='ocrx_word' id='word_1_418' title='bbox 1809 3542 1929 3592; x_wconf 86' lang='lat' dir='ltr'>hinc</span> <span class='ocrx_word' id='word_1_419' title='bbox 1962 3541 2027 3591; x_wconf 87' lang='lat' dir='ltr'>ad</span> <span class='ocrx_word' id='word_1_420' title='bbox 2049 3543 2206 3592; x_wconf 86' lang='lat' dir='ltr'>solam</span> <span class='ocrx_word' id='word_1_421' title='bbox 2232 3548 2457 3592; x_wconf 89' lang='lat' dir='ltr'>mentem</span> <span class='ocrx_word' id='word_1_422' title='bbox 2480 3543 2700 3591; x_wconf 80' lang='lat' dir='ltr'>transla-</span> 
     </span>
     <span class='ocr_line' id='line_1_78' title="bbox 1638 3617 2702 3680; baseline -0.002 -12"><span class='ocrx_word' id='word_1_423' title='bbox 1638 3625 1713 3680; x_wconf 86' lang='lat' dir='ltr'>to,</span> <span class='ocrx_word' id='word_1_424' title='bbox 1736 3619 1825 3668; x_wconf 89' lang='lat' dir='ltr'>ille</span> <span class='ocrx_word' id='word_1_425' title='bbox 1862 3620 2023 3668; x_wconf 87' lang='lat' dir='ltr'>etiam</span> <span class='ocrx_word' id='word_1_426' title='bbox 2060 3618 2254 3667; x_wconf 86' lang='lat' dir='ltr'>dicitur</span> <span class='ocrx_word' id='word_1_427' title='bbox 2287 3625 2460 3667; x_wconf 83' lang='lat' dir='ltr'>mente</span> <span class='ocrx_word' id='word_1_428' title='bbox 2496 3617 2702 3680; x_wconf 86' lang='lat' dir='ltr'>surdus,</span> 
     </span>
     <span class='ocr_line' id='line_1_79' title="bbox 1637 3693 2700 3760; baseline 0 -17"><span class='ocrx_word' id='word_1_429' title='bbox 1637 3695 1725 3758; x_wconf 89' lang='lat' dir='ltr'>qui</span> <span class='ocrx_word' id='word_1_430' title='bbox 1747 3695 1966 3760; x_wconf 84' lang='lat' dir='ltr'>quodam</span> <span class='ocrx_word' id='word_1_431' title='bbox 2006 3693 2202 3744; x_wconf 83' lang='lat' dir='ltr'>affectu</span> <span class='ocrx_word' id='word_1_432' title='bbox 2234 3694 2494 3743; x_wconf 85' lang='lat' dir='ltr'>contrario</span> <span class='ocrx_word' id='word_1_433' title='bbox 2533 3695 2700 3757; x_wconf 86' lang='lat' dir='ltr'>impe·</span> 
     </span>
     <span class='ocr_line' id='line_1_80' title="bbox 1635 3762 2696 3821; baseline -0.001 -1"><span class='ocrx_word' id='word_1_434' title='bbox 1635 3771 1775 3821; x_wconf 88' lang='lat' dir='ltr'>ditus</span> <span class='ocrx_word' id='word_1_435' title='bbox 1828 3762 2203 3821; x_wconf 74' lang='lat' dir='ltr'>orantemnon</span> <span class='ocrx_word' id='word_1_436' title='bbox 2248 3770 2508 3819; x_wconf 67' lang='lat' dir='ltr'>exaudit:</span> <span class='ocrx_word' id='word_1_437' title='bbox 2553 3768 2696 3819; x_wconf 89' lang='lat' dir='ltr'>unde</span> 
     </span>
     <span class='ocr_line' id='line_1_81' title="bbox 1630 3844 2697 3911; baseline -0.005 -14"><span class='ocrx_word' id='word_1_438' title='bbox 1630 3847 1766 3899; x_wconf 76' lang='lat' dir='ltr'>Stat.</span> <span class='ocrx_word' id='word_1_439' title='bbox 1806 3862 1871 3899; x_wconf 88' lang='lat'>11.</span> <span class='ocrx_word' id='word_1_440' title='bbox 1915 3848 2038 3898; x_wconf 87' lang='lat' dir='ltr'>Silv.</span> <span class='ocrx_word' id='word_1_441' title='bbox 2119 3846 2432 3911; x_wconf 80' lang='lat' dir='ltr'>‘Odistique</span> <span class='ocrx_word' id='word_1_442' title='bbox 2487 3844 2697 3908; x_wconf 81' lang='lat' dir='ltr'>chelyn,</span> 
     </span>
     <span class='ocr_line' id='line_1_82' title="bbox 1632 3920 2694 3989; baseline -0.004 -17"><span class='ocrx_word' id='word_1_443' title='bbox 1632 3924 1892 3989; x_wconf 87' lang='lat' dir='ltr'>surdaque</span> <span class='ocrx_word' id='word_1_444' title='bbox 1933 3922 2183 3974; x_wconf 79' lang='lat' dir='ltr'>averteris</span> <span class='ocrx_word' id='word_1_445' title='bbox 2213 3920 2372 3972; x_wconf 87' lang='lat' dir='ltr'>aure.’</span> <span class='ocrx_word' id='word_1_446' title='bbox 2434 3921 2582 3969; x_wconf 84' lang='lat' dir='ltr'>Mors</span> <span class='ocrx_word' id='word_1_447' title='bbox 2604 3934 2694 3969; x_wconf 81' lang='lat' dir='ltr'>au·</span> 
     </span>
     <span class='ocr_line' id='line_1_83' title="bbox 1635 3995 2695 4065; baseline -0.005 -15"><span class='ocrx_word' id='word_1_448' title='bbox 1635 4008 1788 4051; x_wconf 80' lang='lat' dir='ltr'>terna</span> <span class='ocrx_word' id='word_1_449' title='bbox 1809 4001 1993 4051; x_wconf 69' lang='lat' dir='ltr'>Poetis</span> <span class='ocrx_word' id='word_1_450' title='bbox 2015 4000 2229 4065; x_wconf 82' lang='lat' dir='ltr'>fingitur</span> <span class='ocrx_word' id='word_1_451' title='bbox 2262 3998 2423 4047; x_wconf 80' lang='lat' dir='ltr'>veluti</span> <span class='ocrx_word' id='word_1_452' title='bbox 2451 3995 2695 4062; x_wconf 82' lang='lat' dir='ltr'>quaedam</span> 
     </span>
     <span class='ocr_line' id='line_1_84' title="bbox 1629 4069 2696 4142; baseline -0.004 -16"><span class='ocrx_word' id='word_1_453' title='bbox 1629 4091 1870 4141; x_wconf 86' lang='lat' dir='ltr'>persona,</span> <span class='ocrx_word' id='word_1_454' title='bbox 1886 4092 2023 4142; x_wconf 84' lang='lat' dir='ltr'>quae,</span> <span class='ocrx_word' id='word_1_455' title='bbox 2054 4090 2150 4140; x_wconf 88' lang='lat' dir='ltr'>pro</span> <span class='ocrx_word' id='word_1_456' title='bbox 2170 4074 2386 4125; x_wconf 81' lang='lat' dir='ltr'>diversis</span> <span class='ocrx_word' id='word_1_457' title='bbox 2409 4074 2515 4122; x_wconf 87' lang='lat' dir='ltr'>suis</span> <span class='ocrx_word' id='word_1_458' title='bbox 2537 4069 2696 4122; x_wconf 82' lang='lat' dir='ltr'>affec-</span> 
     </span>
     <span class='ocr_line' id='line_1_85' title="bbox 1628 4149 2691 4217; baseline -0.001 -14"><span class='ocrx_word' id='word_1_459' title='bbox 1628 4153 1788 4217; x_wconf 87' lang='lat' dir='ltr'>tibus,</span> <span class='ocrx_word' id='word_1_460' title='bbox 1801 4155 2101 4203; x_wconf 84' lang='lat' dir='ltr'>invocantes</span> <span class='ocrx_word' id='word_1_461' title='bbox 2132 4152 2298 4216; x_wconf 86' lang='lat' dir='ltr'>possit</span> <span class='ocrx_word' id='word_1_462' title='bbox 2309 4149 2583 4210; x_wconf 79' lang='lat' dir='ltr'>exaudire,</span> <span class='ocrx_word' id='word_1_463' title='bbox 2606 4150 2691 4202; x_wconf 82' lang='lat' dir='ltr'>vel</span> 
     </span>
     <span class='ocr_line' id='line_1_86' title="bbox 1627 4229 2016 4280; baseline -0.008 0"><span class='ocrx_word' id='word_1_464' title='bbox 1627 4243 1728 4280; x_wconf 91' lang='lat' dir='ltr'>non</span> <span class='ocrx_word' id='word_1_465' title='bbox 1747 4229 2016 4279; x_wconf 80' lang='lat' dir='ltr'>exaudire.</span> 
     </span>
    </p>

    <p class='ocr_par' dir='ltr' id='par_1_15' title="bbox 1688 4302 2688 4367">
     <span class='ocr_line' id='line_1_87' title="bbox 1688 4302 2688 4367; baseline -0.003 -14"><span class='ocrx_word' id='word_1_466' title='bbox 1688 4303 1712 4338; x_wconf 68' lang='lat' dir='ltr'>k</span> <span class='ocrx_word' id='word_1_467' title='bbox 1737 4306 1908 4355; x_wconf 77' lang='lat' dir='ltr'>Oculos</span> <span class='ocrx_word' id='word_1_468' title='bbox 1923 4302 2161 4367; x_wconf 76' lang='lat' dir='ltr'>claudere]</span> <span class='ocrx_word' id='word_1_469' title='bbox 2198 4303 2422 4353; x_wconf 84' lang='lat' dir='ltr'>Tantum</span> <span class='ocrx_word' id='word_1_470' title='bbox 2457 4308 2538 4353; x_wconf 90' lang='lat' dir='ltr'>est</span> <span class='ocrx_word' id='word_1_471' title='bbox 2562 4314 2688 4352; x_wconf 85' lang='lat' dir='ltr'>ocu·</span> 
     </span>
    </p>
   </div>
  </div>
 </body>
</html>
