3049 4928
1005 431 1131 482 Pffl
1144 432 1521 485 LosoPHIAE
1573 433 1718 485 Lm.
1765 435 1833 485 V·

2378 426 2510 495 375

332 573 568 660 inquit.
646 573 886 661 Neque
915 579 1091 644 enim
1117 580 1312 646 suerit
1340 582 1475 646 ulla
1499 583 1845 649 rationalis
1865 590 2101 651 natura
2120 584 2277 671 quin
2293 587 2508 656 eidem

333 678 595 742 libertas
624 678 806 744 adsit
833 681 1153 748 arbitrii.¹¹¹
1241 683 1422 749 Nam
1451 687 1635 769 quod
1674 688 1928 753 ratione
1970 690 2075 755 uti
2120 692 2512 757 naturaliter

334 787 580 863 potest,
612 781 683 845 id
711 784 906 848 habet
921 785 1252 869 judicium
1304 808 1438 871 quo
1471 790 1786 881 quodque
1827 791 2206 859 discernat⁹
2249 815 2368 878 per
2396 815 2509 861 se:

332 881 524 964 igitur
551 882 865 968 fugienda
894 889 1276 972 optandave
1322 891 1675 975 dignoscit.
1764 893 1967 973 Quod
1998 915 2162 962 vero
2205 897 2355 981 quis
2386 908 2509 980 opi-

333 986 598 1050 tandum
617 990 881 1074 judicat
906 1001 1140 1072 esse,¹0
1184 994 1395 1077 petit;
1453 996 1700 1079 refugit
1738 1017 1901 1064 vero
1929 998 2112 1082 quod
2163 999 2512 1065 existimat

332 1107 476 1153 esse
503 1089 915 1174 fugiendum.
1006 1094 1232 1174 Quare
1263 1099 1511 1181 quibus
1559 1101 1733 1165 inest
1773 1102 2026 1180 ratio,¹¹
2089 1103 2265 1187 ipsisx
2299 1104 2509 1167 etiam

332 1189 496 1259 inest
537 1195 809 1261 volendi
853 1198 1247 1285 nolendique
1294 1203 1592 1269 libertas.

1698 1203 1831 1269 Sed
1876 1204 2049 1269 hanc
2087 1224 2217 1269 non
2255 1205 2323 1269 in
2372 1225 2511 1270 om-

332 1292 522 1362 nibus
570 1318 836 1383 aequam
874 1322 1026 1369 esse
1078 1307 1467 1371 constituo.¹¹
1553 1307 1735 1372 Nam
1779 1308 2086 1393 supernis
2135 1308 2507 1392 divinisque

1248 1473 1605 1495 OOOOOOOOOOOO

362 1573 415 1608 ιιι
434 1562 690 1616 discernat.
727 1566 862 1618 Edd.
885 1569 1078 1633 Delph.
1093 1576 1151 1620 et
1173 1571 1344 1623 Hack.
1378 1576 1583 1639 quodque
1618 1575 1881 1625 discernat.-
1911 1589 1996 1639 per
2028 1589 2098 1637 se,
2133 1577 2363 1625 δια-10
2396 1575 2516 1626 Esse

350 1625 505 1677 adicer
528 1628 651 1681 edd.
676 1631 1022 1685 eaedeme-ll
1059 1636 1292 1703 Uterque
1324 1639 1521 1689 Thuan.
1556 1642 1688 1704 Reg.
1721 1647 1777 1691 et
1793 1641 1930 1691 Vict.
1967 1646 2219 1706 uterque:
2253 1640 2422 1704 quibus
2463 1641 2518 1690 in

1318 1761 1531 1813 NOTAE

331 1849 450 1902 dist.
488 1859 568 1904 18.
602 1872 657 1922 q.
692 1862 740 1908 1.
775 1866 874 1912 art.
905 1866 956 1912 2.
990 1863 1056 1913 ad
1090 1869 1141 1914 ὅ.
1180 1864 1386 1916 videtur

331 1928 456 1980 hanc
495 1933 793 1985 libertatem
833 1938 884 1988 in
922 1939 1127 1992 Christo
1161 1945 1385 1995 Domino

331 2019 637 2070 agnoscere-2
670 2013 689 2040 ⁴
706 2013 934 2065 etiamsi'
955 2016 1170 2068 liberum
1194 2020 1387 2072 Christi

333 2083 619 2150 arbitrium,
653 2090 840 2157 inquit,
870 2092 887 2121 ‘
910 2102 1050 2144 esset
1081 2096 1387 2150 determina&

332 2165 435 2210 tum
456 2164 523 2213 ad
553 2180 714 2215 unum
746 2183 977 2235 numero,
1006 2173 1142 2223 sicut
1174 2175 1239 2224 ad
1274 2176 1388 2226 dili·

332 2240 550 2302 gendum
573 2245 770 2309 Deum,
790 2246 927 2312 quod
949 2263 1054 2299 non
1088 2249 1263 2304 facere
1283 2269 1387 2304 non

331 2323 519 2383 potest,
549 2327 727 2371 tamen
760 2337 828 2372 ex
860 2324 957 2375 hoc
992 2341 1094 2377 non
1117 2330 1310 2381 amittit
1330 2332 1388 2381 li·

331 2390 607 2459 bertatem,
654 2403 744 2447 aut
781 2399 1034 2451 rationem
1072 2403 1239 2455 laudis
1277 2407 1387 2457 sive

333 2471 521 2536 meriti,
544 2474 670 2538 quia
689 2474 744 2524 in
765 2476 888 2528 illud
924 2493 1026 2529 non
1060 2489 1262 2545 coacte,
1294 2485 1386 2535 sed

334 2554 515 2610 sponte
541 2551 730 2615 tendit,
750 2562 909 2619 atque
940 2556 1018 2606 ita
1038 2566 1122 2608 est
1144 2566 1290 2611 actus
1310 2563 1389 2612 sui

334 2622 601 2679 dominus!
666 2630 746 2679 Ex
786 2632 970 2697 quibus
1007 2636 1260 2701 sequitur,
1298 2653 1390 2702 po-

332 2704 571 2754 testatem
596 2708 853 2769 peccandi
887 2724 989 2760 non
1024 2711 1289 2775 pertinere
1323 2715 1390 2765 ad

334 2779 585 2837 rationem
622 2784 775 2847 hujus
809 2787 1103 2841 libertatis:
1140 2791 1390 2857 siquidem

334 2852 479 2906 Deus
502 2865 561 2909 et
577 2859 833 2926 Christus,
854 2864 906 2913 in
928 2866 1114 2929 quibus
1136 2868 1275 2918 nulla
1294 2867 1394 2919 fuit

332 2934 585 2993 peccandi
608 2942 857 3001 potestas,
889 2939 985 2990 hac
1017 2942 1201 2993 saltem
1234 2942 1390 2994 liber-

333 3012 441 3059 tate
504 3010 820 3066 afficiuntur.
904 3016 1151 3082 Sequitur
1211 3021 1390 3086 etiam,

334 3083 504 3137 Deum
550 3097 844 3142 moventem
890 3101 1113 3145 nostram
1164 3107 1392 3149 mentem

334 3159 396 3208 ad
419 3166 756 3230 semetipsum
781 3174 1025 3233 tanquam
1051 3172 1119 3221 ad
1141 3188 1392 3225 summum

333 3234 542 3304 bonum,
576 3242 687 3291 sive
718 3242 840 3293 dum
881 3252 1058 3296 nostra
1092 3261 1237 3299 mens
1275 3266 1391 3302 cum

334 3324 511 3368 nostro
525 3334 744 3384 corpore
754 3324 1105 3392 conjungitur,
1113 3328 1221 3378 sive
1235 3331 1395 3380 etiam

337 3388 457 3442 dum
496 3393 682 3446 eadem
728 3397 795 3447 ab
837 3400 1019 3451 eodem
1059 3419 1280 3468 corpore
1318 3421 1396 3457 se·

326 3464 510 3529 juncta
545 3477 646 3535 est,
682 3487 871 3537 angere
916 3478 1086 3540 potius
1119 3494 1270 3545 quam
1308 3497 1396 3532 au-

255 3581 260 3586 .
336 3543 474 3598 ferre
499 3549 795 3611 generalem
829 3552 963 3603 hanc
993 3556 1178 3605 mentis
1203 3564 1397 3609 nostroe

337 3620 669 3678 libertatem:
703 3629 719 3658 ‘
740 3630 975 3681 voluntas
1012 3634 1148 3683 enim
1182 3637 1398 3701 nostrs,’

337 3699 510 3766 inquit
545 3706 597 3753 S.
641 3704 777 3769 Aug.
819 3707 855 3757 l.
891 3721 976 3760 111.
1008 3708 1075 3760 de
1114 3710 1229 3761 Lib.
1267 3712 1398 3766 Arb.

341 3791 387 3828 c.
405 3783 455 3831 3.
478 3780 617 3840 ‘suec
638 3784 874 3835 voluntas
894 3794 1049 3850 esset,
1069 3788 1166 3838 nisi
1188 3798 1325 3842 esset
1346 3792 1399 3841 in

342 3862 522 3907 nostra
553 3867 834 3923 potestate.
900 3863 1068 3915 Porro
1098 3866 1219 3930 quia
1242 3869 1399 3918 estin

342 3939 630 3999 potestate,
677 3938 843 3988 libera
898 3946 981 3990 est
1032 3942 1197 3993 nobis.
1279 3946 1400 3996 Nou

345 4009 478 4060 enim
502 4017 587 4061 est
607 4012 757 4063 nobis
794 4015 1028 4081 liberum,
1062 4021 1200 4084 qnod
1233 4022 1287 4071 in
1309 4038 1401 4086 po·

348 4089 540 4137 testate
562 4102 664 4137 nou
695 4089 957 4156 habemus,
987 4101 1078 4144 aut
1102 4104 1277 4160 potest
1299 4112 1403 4148 non

350 4173 459 4212 esse
480 4165 615 4228 quod
635 4165 918 4221 habemus!
969 4171 1217 4224 Quamvis
1232 4181 1402 4226 autem

348 4250 492 4288 mens
515 4243 743 4303 generali
775 4243 872 4294 hae
906 4245 1149 4299 libertate
1170 4252 1409 4317 praedita,

355 4324 453 4363 uon
474 4322 753 4383 propterea
789 4318 858 4370 sit
879 4320 1212 4391 indifferens3
1245 4328 1301 4379 id
1330 4336 1406 4381 ta-

1461 1880 1582 1919 men
1604 1883 1706 1920 non
1740 1870 1934 1934 obstat,
1962 1870 2083 1936 quin
2120 1871 2172 1920 in
2203 1871 2352 1921 nobis
2384 1884 2518 1921 mor·

1462 1946 1619 1996 talem
1639 1949 1770 1998 hanc
1803 1947 1964 1998 vitam
1998 1947 2271 2013 agentibus
2306 1949 2520 1998 libertas

1462 2022 1532 2072 sit
1554 2022 1776 2074 facultas
1810 2023 1875 2074 ad
1909 2024 2208 2075 utrumlibet
2240 2025 2347 2074 sive
2369 2022 2521 2073 indif-

1464 2099 1666 2163 ferens3
1700 2102 1841 2152 unde
1858 2102 1998 2167 apud
2020 2117 2112 2152 nos
2144 2102 2336 2166 duplex
2359 2107 2441 2152 est
2461 2101 2522 2150 li-

1465 2177 1676 2229 bertas:
1727 2180 1894 2230 altera
1932 2178 2371 2241 contradictionis,
2423 2191 2523 2242 qua

1468 2267 1733 2319 possumus
1751 2270 1904 2319 agere
1928 2257 2008 2305 vel
2024 2270 2127 2305 non
2142 2270 2324 2320 agere:
2360 2255 2525 2305 altera

1468 2331 1874 2394 contrarietatis,
1917 2347 2019 2398 qua
2060 2346 2324 2397 possumus
2364 2343 2522 2396 agere

1467 2409 1565 2459 hoc
1585 2409 1670 2459 vel
1688 2408 1843 2460 iilud:
1879 2411 2013 2460 sicut
2044 2409 2204 2462 fusius
2226 2411 2523 2476 Philosophi

1466 2486 1678 2538 docent.
1725 2487 1742 2516 ‘
1767 2487 2007 2538 Liberum
2031 2488 2334 2552 arbitrium,’
2355 2490 2527 2554 inquit

1467 2562 1521 2612 S.
1545 2562 1678 2626 Aug.
1711 2562 1749 2613 1.
1782 2563 1851 2613 de
1873 2564 1992 2614 Cor.
2015 2572 2070 2614 et
2093 2565 2189 2616 Gr.
2216 2580 2332 2629 cap.
2356 2571 2403 2615 1.
2426 2566 2444 2593 ‘
2469 2571 2526 2615 et

1470 2639 1537 2688 ad
1569 2639 1758 2688 malum
1796 2644 1853 2689 et
1883 2639 1949 2689 ad
1984 2640 2175 2690 bonum
2207 2639 2552 2704 faciendum,

1470 2714 1826 2766 confitendum
1849 2723 1930 2765 est
1952 2730 2046 2765 nos
2068 2715 2295 2766 habere?

1536 2797 1572 2823 ¹¹¹
1596 2792 1763 2854 Neque
1805 2791 1929 2840 enim
1959 2791 2117 2851 fuerit
2153 2792 2252 2840 ulla
2281 2791 2532 2841 rationalis

1471 2873 1644 2918 natura
1659 2870 1774 2931 quin
1795 2867 1943 2917 eidem
1964 2868 2159 2917 libem
2174 2868 2301 2917 adsit
2314 2868 2531 2932 arbitrii]

1474 2960 1542 2995 11.
1565 2945 1746 3015 posita
1775 2945 2026 3010 praedicta
2060 2943 2323 2994 libertatis
2347 2941 2530 2993 defini·

1469 3024 1634 3087 tione,
1650 3021 1805 3072 facile
1821 3028 2012 3087 potest,
2027 3020 2362 3085 Philosophia
2381 3020 2534 3083 duce,

1470 3104 1653 3156 eadem
1696 3104 1908 3154 libertas
1950 3101 2268 3168 propugnari
2310 3101 2407 3151 hac
2450 3110 2534 3149 ra·

1469 3182 1801 3233 tione=.cnm
1845 3180 2062 3229 libertas
2105 3179 2229 3228 nihil
2270 3178 2341 3228 sit
2373 3176 2531 3239 aliud,

1475 3270 1628 3321 quam
1651 3268 1812 3320 mens,
1833 3271 1950 3321 quae
1982 3254 2277 3319 cognitione
2302 3254 2435 3304 duce
2458 3266 2538 3303 se-

1475 3334 1764 3398 metipsam,
1818 3332 2062 3395 volendo,
2123 3347 2280 3397 agere
2344 3336 2538 3397 potest,

1479 3423 1817 3474 quaecumque
1855 3423 2018 3471 mens,
2055 3408 2348 3473 cognitione
2383 3407 2538 3472 duce,

1478 3486 1809 3549 semetipsam
1833 3486 1958 3549 agit,
1979 3486 2221 3549 volendo,
2249 3486 2362 3535 haec
2383 3485 2542 3535 liber·

1480 3565 1594 3612 tate
1640 3559 1912 3624 afficiatur,
1953 3576 2168 3613 necesse
2211 3569 2311 3614 est.
2376 3560 2540 3627 Atqui

1479 3653 1626 3689 mens
1648 3639 1811 3689 omnis
1843 3639 1918 3688 ita
1953 3653 2009 3688 se
2033 3638 2218 3689 habett
2253 3653 2372 3704 nam
2392 3652 2541 3688 mens

1480 3716 1643 3766 omnis
1665 3731 1767 3766 non
1805 3716 1969 3765 solum
2003 3716 2292 3779 cognoscit,
2324 3721 2380 3765 et
2400 3714 2545 3778 judi-

1481 3791 1649 3841 cando
1672 3791 1943 3854 discernit,
1965 3791 2104 3856 qnod
2127 3790 2431 3856 fugiendum
2460 3799 2544 3843 est

1481 3877 1538 3920 et
1573 3869 1890 3933 optandum3
1924 3868 2015 3917 sed
2048 3868 2066 3897 ‘
2092 3867 2229 3932 qnod
2258 3868 2544 3931 optandum

1481 3959 1596 3996 esse
1603 3944 1829 4009 judicat,
1842 3943 1981 4008 petit
1997 3959 2012 4005 3
2036 3942 2232 4007 refugit
2248 3958 2389 4009 vero,
2409 3944 2543 4010 quod

1482 4021 1748 4072 existimat
1808 4036 1923 4071 esse
1981 4020 2342 4085 fugiendum?
2380 4020 2544 4088 'quod

1482 4099 1831 4163 unusquisqne
1854 4098 1906 4145 in
1927 4098 2207 4161 semetipso
2229 4097 2515 4160 experitur.

1547 4181 1573 4208 ¹¹
1595 4173 1692 4226 Sed
1709 4175 1830 4225 hanc
1839 4189 1934 4225 mm
1947 4172 2001 4223 in
2021 4175 2230 4224 omnibus
2250 4189 2429 4237 oequam
2447 4189 2546 4225 esse

1484 4252 1742 4315 constituo]
1776 4266 1865 4302 ιιι.
1885 4252 2070 4301 Posito
2092 4251 2386 4302 discrimine
2408 4252 2547 4303 inter

1488 4335 1717 4382 mentem
1754 4328 1998 4394 divinam,
2032 4328 2332 4395 angelicam,
2370 4337 2424 4380 et
2454 4331 2544 4381 hu-
