3049 4928
1200 399 1507 448 noar-mr
1557 399 1755 448 vri-A.
2487 383 2578 450 35

363 545 624 612 titulum
654 545 885 622 modo,
908 543 1032 609 sed
1059 551 1129 609 et
1159 544 1610 610 elocutionem
1633 552 1706 610 et
1733 544 2198 610 inventionem·
2217 545 2569 614 mentitur:

366 647 562 716 aliter
591 647 771 711 enim
801 645 1131 712 Boethius
1162 647 1546 731 scripsisset
1576 647 1636 712 si
1667 667 1751 712 ea
1781 647 1864 712 de
1894 668 1964 713 re
1997 648 2282 713 scribere
2325 648 2574 714 voluis-

365 755 483 814 set.
576 749 721 815 Sed
781 749 1010 833 ipsum
1060 748 1421 828 mittamuS,
1450 768 1532 814 ac
1577 749 1662 814 de
1705 749 2268 814 Hebdomadibus
2312 750 2570 834 aliquid

361 853 593 936 potius
634 853 707 917 in
759 852 1052 917 medium
1111 850 1486 915 afferamus.
1577 851 1749 916 Sunt
1811 857 2034 919 autem
2088 850 2572 916 Hebdomades

365 974 577 1040 opera
650 962 908 1040 septem
987 954 1298 1039 partibus
1354 953 1750 1038 distributa3
1830 955 2033 1020 sicuti
2091 953 2325 1019 decem
2382 954 2572 1020 libris

365 1057 700 1135 DecadeS,
720 1063 785 1122 et
811 1076 1056 1123 novem
1087 1056 1464 1124 EnneadeS.
1554 1056 2043 1123 Hebdomadas
2060 1055 2280 1122 Varro
2313 1055 2571 1141 primus

361 1161 732 1246 inscripsit,
765 1159 1002 1225 deinde
1031 1160 1142 1225 hic
1172 1160 1324 1245 ipse
1355 1181 1374 1225 ε
1421 1178 1515 1224 ex
1544 1160 1791 1245 quibus
1817 1159 2088 1226 libellus
2120 1159 2203 1224 de
2235 1159 2568 1226 Substan-

363 1264 478 1329 tiae
518 1264 716 1345 bono,
747 1271 816 1330 et
858 1242 1034 1329 alius
1079 1261 1165 1328 de
1211 1262 1491 1329 Unitate
1518 1270 1586 1329 et
1628 1261 1786 1328 Uno
1816 1269 2079 1329 sumtus
2124 1268 2264 1343 est;
2308 1263 2571 1347 reliqua

363 1373 479 1433 aut
515 1368 707 1433 edita
748 1386 884 1432 non
938 1373 1117 1446 sunt,
1163 1367 1346 1452 quod
1395 1386 1482 1432 ea
1536 1367 1690 1445 sibi,
1736 1372 1813 1431 ut
1858 1365 2235 1452 significare
2277 1364 2567 1443 videtur,

354 1477 849 1537 commentatus
891 1477 1100 1550 esset,
1161 1476 1277 1536 aut
1338 1470 1426 1547 ad
1481 1490 1604 1536 nos
1656 1490 1874 1556 usque
1918 1489 2056 1535 non
2100 1472 2564 1553 pervenerunt.

363 1573 852 1639 Hebdomadas
871 1573 1145 1659 juvenis
1167 1574 1571 1658 composuit,
1590 1574 1781 1640 velut
1806 1580 1873 1642 et
1902 1573 1987 1638 de
2016 1572 2280 1637 duabus
2309 1571 2567 1634 naturis

362 1681 429 1741 et
463 1696 609 1740 una
636 1690 928 1760 persona
949 1675 1224 1742 Christi.
1313 1676 1477 1743 Hoc
1502 1682 1581 1742 ut
1607 1678 1706 1742 ita
1736 1676 2146 1754 existimem,
2178 1675 2325 1759 ejus
2357 1672 2566 1739 verba

359 1778 654 1844 faciunt:
717 1783 739 1813 ‘
764 1777 1193 1864 Episcopus:
1221 1780 1465 1863 inquit,
1520 1784 1543 1815 ‘
1575 1780 1861 1863 scriptor
1901 1779 2224 1862 epistolae·
2240 1782 2563 1858 tanquam

359 1882 562 1948 valde
592 1883 1064 1947 necessarium
1098 1902 1254 1949 cum
1283 1885 1625 1967 praeterire
1642 1883 2000 1960 noluisset,
2027 1903 2065 1946 e
2096 1881 2559 1946 duabusnatu·

359 1987 448 2050 ris
480 1984 825 2050 Christum
857 1986 1254 2061 consistere,
1285 1992 1354 2050 et
1381 1986 1450 2049 in
1477 1985 1743 2049 duabus
1769 1983 2141 2068 aequaliter,
2172 1976 2561 2045 Catholicos

359 2088 661 2167 credere,
692 2088 993 2153 novitate
1037 2088 1206 2153 dicti
1236 2090 1613 2173 perculsus,
1655 2086 2029 2151 meditabar
2070 2102 2300 2150 omnes
2333 2080 2560 2145 animo

357 2190 808 2274 quaestiones?
852 2191 1215 2256 Decretum
1240 2192 1369 2257 hoc
1392 2191 1615 2257 fuerat
1637 2188 1946 2255 Concilio
1980 2185 2414 2253 Chalcedone
2449 2199 2562 2245 ce-

355 2291 645 2372 lebrat0,
687 2293 985 2378 illucque
1016 2293 1161 2359 Leo
1191 2292 1548 2359 Romanus
1579 2292 1968 2377 Episcopus
2004 2294 2314 2356 venerat:
2362 2283 2559 2368 cujus

356 2395 673 2481 Epistola
702 2395 1258 2476 Romammissa,
1307 2417 1455 2462 cum
1500 2402 1746 2482 postea
1792 2395 2161 2460 nitentibus
2212 2386 2559 2474 acephalis

355 2500 875 2582 condemnatum
922 2500 1068 2585 jam
1115 2499 1355 2584 dogma
1408 2511 1751 2579 revocare,
1808 2498 2116 2583 pluribus
2159 2489 2557 2561 convocatis

355 2598 600 2667 Romae
627 2602 982 2685 legeretur,
1011 2622 1136 2666 nec
1164 2603 1331 2668 satis
1353 2603 1500 2688 jam
1530 2602 1694 2686 quid
1740 2602 2129 2667 decerneret
2158 2596 2556 2676 intelligere-

353 2707 481 2782 tur,
514 2703 748 2769 ansam
777 2702 1073 2770 Boethio
1124 2704 1309 2768 dedit
1347 2724 1499 2769 eum
1543 2704 1789 2768 librum
1838 2697 2282 2789 componendi
2324 2700 2557 2760 contra

355 2804 773 2885 Nestorium,
804 2807 923 2891 qui
951 2806 1220 2871 duabus
1260 2806 1517 2870 naturis
1545 2824 1876 2889 personas
1906 2801 2188 2868 totidem
2235 2798 2555 2882 adjunge-

351 2910 496 2988 bat,
555 2917 626 2976 et
691 2908 1159 2993 Eutychetem,
1213 2908 1329 2991 qui
1381 2906 1654 2971 unicam
1710 2911 2013 2969 naturam
2066 2910 2137 2968 et
2194 2916 2552 2985 personam

351 3014 678 3078 tuebatur.
767 3012 944 3094 Ergo
976 3012 1038 3076 si
1068 3010 1221 3095 quis
1254 3009 1341 3074 ab
1371 3007 1780 3092 Imperatore
1810 3007 2061 3083 Leone,
2092 3002 2211 3088 qui
2232 3000 2554 3084 rejectam

351 3116 475 3179 sub
500 3115 851 3180 Martiano
875 3114 1179 3180 Nestorii
1210 3118 1277 3177 et
1312 3111 1702 3197 Eutychetis
1732 3110 2114 3194 opinionem
2143 3104 2440 3196 fovebat,
2463 3099 2551 3165 ad

349 3216 700 3282 lustinum
728 3236 947 3301 usque
972 3220 1298 3300 supputet
1326 3233 1564 3292 annoS‚
1595 3214 1797 3298 paulo
1828 3212 2047 3277 minus
2068 3205 2551 3293 quinquaginta

298 3362 313 3366 Α
352 3311 844 3404 deprehendet3
919 3319 1168 3403 quibus
1228 3317 1314 3382 de
1367 3315 1643 3382 Boethii
1699 3315 1868 3381 Vita
1925 3312 2272 3389 detractiS,
2331 3308 2550 3391 prima
2638 3312 2650 3323 ‘

342 3419 716 3504 juventutis
767 3427 1064 3505 tempora
1112 3421 1585 3503 relinquentur.
1672 3417 1928 3483 Verum
1984 3416 2133 3480 haec
2176 3420 2251 3477 ut
2271 3408 2552 3475 libuerit

351 3523 637 3608 quisque
666 3522 987 3607 accipiat3
1010 3521 1175 3587 illud
1199 3527 1381 3586 certe
1406 3540 1544 3585 non
1565 3518 2049 3586 admittendum
2072 3512 2547 3587 contenderim,

351 3623 711 3689 Boethium
738 3631 948 3691 morte
965 3630 1376 3710 praeventum
1397 3625 1742 3689 Musicani
1768 3643 1902 3687 non
1923 3619 2319 3686 absolvisse.
2364 3614 2551 3679 Nam

353 3725 538 3810 quod
597 3727 930 3812 objiciunt
987 3728 1222 3812 aliqui,
1282 3725 1516 3792 titulos
1579 3745 1808 3791 eorum
1858 3743 2010 3807 quae
2053 3720 2294 3786 desunt
2327 3715 2549 3781 adhuc

352 3846 732 3912 superesse,
763 3828 836 3894 id
876 3847 1004 3893 nos
1045 3829 1120 3892 in
1158 3830 1562 3894 contrariam
1607 3826 2011 3893 sententiam
2041 3823 2283 3908 potius
2327 3818 2550 3897 trahit,

349 3929 713 3995 absurdum
770 3950 920 3996 esse
979 3931 1475 4009 existimanteS,
1536 3931 1827 3995 nondum
1882 3929 2288 4012 conscriptis
2344 3926 2545 3990 rebus

344 4034 516 4099 velle
557 4053 806 4098 nomen
834 4034 1199 4117 imponere.
1291 4032 1492 4113 Quod
1539 4035 1601 4098 si
1633 4034 1793 4116 quid
1822 4032 2289 4117 imperfectum
2332 4030 2546 4093 Seve-

336 4133 526 4204 rinus
556 4134 860 4217 reliquit,
889 4134 957 4199 id
987 4135 1134 4219 ipse
1161 4133 1604 4218 Theologiam
1647 4135 1860 4199 fuisse
1909 4132 2321 4199 censuerim:
2368 4126 2544 4193 satis

346 4237 522 4305 enim
554 4256 889 4323 superque
920 4237 1427 4323 Philosophiam
1475 4237 1952 4305 illustraverat.
2044 4236 2288 4320 ltaque
2319 4230 2549 4298 divina
