3049 4928
494 404 626 470 180
1201 405 1513 458 noss‘rmr
1562 404 1662 453 nn
1711 400 2020 451 coNsou.

498 567 723 647 Quam
751 563 1047 629 multos
1093 578 1246 624 esse
1290 551 1679 639 conjectas*
1722 550 1841 635 qui
1892 566 2048 611 sese
2099 544 2282 611 coelo
2329 541 2697 627 proximos
2719 546 2738 583 ¹

495 671 913 744 arbitrentur,
966 664 1025 729 si
1069 664 1152 727 de
1203 660 1489 724 fortunae
1537 661 1674 719 tuae
1724 651 2031 734 reliquiis
2083 668 2241 732 pars
2294 647 2397 711 eis
2444 645 2738 709 minima

496 771 896 855 contingat?
995 767 1136 831 Hic
1164 765 1314 847 ipse
1340 762 1561 838 loeuS,
1612 777 1810 842 quem
1840 761 1914 819 tu
1945 753 2226 818 exilium
2256 768 2486 825 vocaS,
2532 748 2739 811 inco-

495 876 789 942 lentibus
821 873 1047 958 patria
1078 876 1211 934 est.
1299 864 1497 930 Adeo
1527 861 1695 926 nihil
1727 864 1832 934 est
1859 858 2207 933 miserum,
2244 854 2374 918 nisi
2414 871 2570 917 cum
2599 869 2740 933 pu-

496 989 636 1044 tes:
620 990 696 1016 ·”⁸
738 983 1112 1059 contraque
1137 974 1343 1037 beata
1374 974 1585 1034 sors
1628 964 1847 1030 omnis
1880 967 1987 1026 est
2019 955 2526 1043 aequanimitate
2557 953 2742 1017 tole-

498 1083 729 1147 rantis.
731 1093 761 1119 ’⁸
852 1078 1024 1158 Quis
1056 1083 1159 1143 est
1186 1075 1303 1139 ille
1331 1080 1471 1140 tam
1498 1071 1690 1146 felix,
1720 1066 1860 1151 qui,
1891 1085 2047 1131 cum
2077 1062 2335 1127 dederit
2361 1056 2742 1142 impatien-

499 1186 620 1249 tiae
650 1195 930 1260 manus,⁰
950 1191 977 1218 ¹
1010 1185 1258 1245 statum
1292 1195 1485 1242 suum
1515 1180 1776 1239 mutare
1805 1183 1942 1234 non
1973 1165 2253 1251 optettr
2298 1162 2527 1242 Quam
2556 1158 2743 1224 mul-

501 1289 589 1352 tis
618 1286 1218 1352 amaritudinibus⁸
1260 1282 1574 1346 humanae
1626 1272 1975 1339 felicitatis
2007 1268 2303 1336 dulcedo
2324 1275 2377 1318 ¹⁹
2417 1281 2748 1347 respersa

505 1390 646 1454 est!
679 1409 834 1473 quae
866 1390 926 1452 si
957 1387 1162 1452 etiam
1192 1382 1432 1450 fruenti
1454 1378 1762 1466 jucunda
1791 1396 1945 1441 esse
1963 1375 2294 1448 videatur,
2317 1377 2563 1446 tamen,
2594 1385 2746 1449 quo

502 1494 723 1556 minus
753 1510 908 1556 cum
940 1490 1126 1568 velit,
1147 1489 1375 1563 abeat,
1404 1480 1678 1550 retineri
1709 1500 1840 1545 non
1863 1479 2108 1563 possit.
2114 1484 2172 1514 ²0
2222 1474 2465 1559 Liquet
2487 1469 2753 1554 igitur·

504 1615 712 1679 quam
743 1595 834 1657 sit
862 1567 1248 1658 mortalium
1279 1609 1501 1654 rerum
1524 1586 1775 1651 misera
1801 1580 2180 1659 beatitudo,
2213 1598 2364 1662 quae
2392 1593 2522 1639 nec
2546 1570 2747 1655 apud

569 1764 594 1797 ἢ
629 1764 743 1813 Non
755 1762 961 1812 dubitas.
1149 1759 1165 1793 1
1198 1760 1394 1809 Beatos.
1596 1762 1635 1787 ”⁸
1668 1751 1901 1816 Aliquid
1881 1767 1937 1800 ιιι
1953 1765 2007 1800 eo
2020 1764 2119 1800 esse
2135 1748 2361 1799 miserioe.
2531 1749 2560 1773 ’⁸
2595 1738 2751 1790 Felix

506 1829 728 1894 quaelibet
749 1828 973 1884 conditio,
992 1826 1034 1876 si
1056 1841 1188 1891 oequo
1211 1826 1366 1874 animo
1378 1822 1594 1884 seratur.
1727 1816 2042 1867 ⁰Putaverit
2062 1812 2394 1879 impatibilem.

1438 1947 1813 1970 OOWO&‘

506 2057 719 2107 respersa
738 2045 809 2091 est
827 2033 1169 2090 παρεῖσέ-20
1204 2037 1302 2089 Ed.
1326 2023 1567 2087 Norimb.
1593 2030 1794 2083 retineri
1826 2044 1921 2078 uon
1953 2028 2222 2093 ponsa—1
2258 2019 2495 2096 Amittere
2535 2031 2754 2090 unquam

1513 2170 1730 2225 NOTAE

577 2298 601 2324 v
624 2292 784 2349 Quum
806 2290 1004 2355 multos]
1027 2291 1247 2341 Sextum
1283 2290 1582 2353 exemplum

515 2376 600 2420 est
638 2369 705 2418 de
741 2369 857 2433 ipso
882 2368 1127 2425 Boethio,
1162 2366 1229 2415 de
1269 2366 1414 2430 cujus
1445 2363 1584 2414 ‘for-

513 2454 655 2496 tunae
679 2443 906 2510 reliquiis
930 2445 973 2495 si
1006 2459 1127 2508 pars
1149 2440 1389 2500 minimu'
1428 2440 1587 2506 pluri-

513 2523 610 2573 bus
634 2521 748 2570 aliis
766 2521 1060 2572 hominibus
1096 2520 1112 2547 ‘
1134 2517 1500 2582 contingeret‚’
1536 2519 1589 2567 hi

513 2598 701 2648 felices
738 2599 752 2625 ‘
773 2612 887 2648 sese
923 2598 1057 2647 coelo
1079 2596 1344 2660 proximos
1368 2594 1587 2645 arbitra-

516 2674 753 2735 renturz’
801 2690 919 2725 cum
966 2682 1141 2723 tamen
1186 2673 1301 2737 ipse
1334 2671 1589 2722 Boethius

517 2768 631 2803 sese
658 2760 812 2818 putet
838 2751 1120 2801 infelicem.

580 2837 614 2863 '¹
637 2831 800 2880 Beata
834 2827 961 2892 sors]
1001 2829 1200 2877 Beatus
1236 2827 1411 2888 homo,
1440 2825 1589 2889 cujus

518 2923 665 2957 mens
689 2907 970 2972 cogitando
993 2907 1071 2956 ita
1107 2913 1353 2956 constans
1378 2912 1480 2965 est,
1511 2911 1592 2966 ut,

518 2985 686 3035 instar
722 2984 871 3033 uhrae
910 2983 1133 3048 aequatis
1175 2980 1489 3046 ponderibus
1507 2979 1591 3028 fir·

519 3069 684 3123 mata,
700 3046 807 3109 nec‘
821 3059 1054 3123 erigatur
1071 3057 1361 3122 prosperis,
1379 3070 1479 3105 nec
1502 3056 1594 3105 ad-

520 3139 687 3187 versis
740 3137 1082 3201 deprimatur.
1164 3136 1265 3185 Sed
1308 3134 1460 3182 homo
1503 3131 1595 3180 ille

523 3230 672 3267 rarus
696 3222 778 3264 est
797 3215 849 3264 in
876 3215 1065 3265 terris:
1100 3228 1220 3263 nam
1257 3212 1370 3276 quis
1403 3216 1486 3261 est
1507 3210 1596 3259 ille

525 3300 637 3341 tam
659 3291 811 3354 felix,
834 3292 940 3356 qui,
962 3306 1079 3342 cum

526 3418 530 3423 .
590 3374 617 3399 ⁸
639 3367 845 3417 Dederit
867 3367 1180 3431 impatientioe
1203 3363 1395 3428 manus]
1425 3363 1598 3426 Impa-

528 3443 718 3493 tientia
739 3444 878 3493 vinci
902 3458 957 3493 se
986 3459 1170 3507 passus
1195 3442 1385 3492 fuerit:
1424 3441 1499 3490 sic
1524 3440 1598 3489 lo·

528 3521 705 3585 quitur
724 3521 927 3570 Tullius
955 3521 1020 3568 de
1051 3519 1224 3569 Amic.
1257 3519 1273 3546 ‘
1296 3515 1487 3583 atque,’
1521 3517 1600 3566 in-

530 3596 665 3661 quit,
685 3597 700 3622 ‘
718 3594 784 3644 ad
808 3605 1102 3645 extremum
1125 3595 1220 3644 dat
1236 3608 1437 3656 manus,
1462 3594 1600 3644 vinci

527 3689 586 3724 se
622 3674 821 3738 patitur
844 3678 877 3721 ι’
917 3673 1158 3722 nimirum
1204 3687 1325 3722 cum
1365 3670 1602 3721 manibus

530 3752 826 3815 praesertim
847 3751 1001 3799 homo
1025 3765 1139 3800 sese
1163 3749 1299 3798 tueri
1317 3747 1602 3811 soleat,ubi

530 3830 755 3893 primum
775 3829 1089 3892 intelligitur
1116 3829 1281 3878 victas
1308 3840 1489 3876 manus
1513 3825 1603 3874 de-

532 3907 689 3968 disse,
709 3907 791 3955 hic
817 3906 1129 3969 intelligitur
1145 3906 1344 3955 victus:

533 4026 541 4035 .
596 3991 620 4026 Y
657 3984 848 4034 Statum
884 3998 1023 4033 suum
1062 3988 1246 4033 mutare
1277 3997 1372 4031 rum
1413 3984 1544 4044 optet
1557 3977 1605 4042 12]

533 4061 705 4110 Instar
747 4061 966 4110 hominis
1007 4061 1158 4124 aegri,
1192 4059 1286 4124 qui
1320 4055 1602 4119 cujuslibet

535 4137 666 4186 situs
699 4138 997 4201 impatienS,
1040 4145 1220 4200 partes
1261 4149 1318 4182 se
1352 4133 1513 4182 vertit
1547 4132 1601 4180 in

538 4228 733 4262 omnes·

603 4291 821 4347 ²Quam
851 4288 1018 4338 multis
1050 4284 1464 4349 amaritudinibus,
1498 4285 1605 4349 ξιτ]

1665 2285 1786 2338 Jam
1828 2282 2142 2340 monuimus,
2184 2281 2412 2327 mentem
2443 2273 2757 2336 humanam,

1665 2362 1829 2413 veluti
1871 2359 2098 2409 mediam
2147 2355 2289 2405 inter
2337 2354 2515 2402 Deum
2566 2350 2755 2399 huma-

1667 2451 1894 2504 numque
1937 2448 2148 2499 corpus,
2194 2435 2450 2497 quatenus
2492 2431 2578 2477 est
2618 2438 2758 2491 opus

1669 2518 1776 2570 Dei
1799 2523 1854 2566 et
1872 2515 2040 2566 forma
2059 2512 2213 2577 huJus
2233 2506 2488 2572 eorporis,
2509 2512 2570 2555 et
2588 2520 2620 2554 a
2634 2506 2758 2556 Deo

1671 2602 1728 2646 et
1767 2611 1798 2643 a
1838 2605 2058 2656 corpore
2111 2591 2339 2639 humano
2395 2583 2755 2634 commoveri:

1671 2672 1792 2722 hinc
1814 2677 1988 2720 autem
2031 2673 2274 2732 putamus
2300 2661 2424 2712 oriri
2449 2659 2762 2710 amaritudi-

1648 2744 1793 2799 'nem
1813 2754 1868 2799 et
1890 2744 2222 2796 dulcedinem
2258 2741 2496 2789 humanae
2519 2734 2759 2786 felicita-

1672 2827 1772 2885 tis,
1757 2841 1771 2854 ·
1808 2822 2142 2874 dulcedinem
2166 2816 2374 2883 quidem
2400 2829 2431 2864 a
2452 2815 2575 2863 Deo
2611 2827 2759 2862 com-

1673 2907 1954 2962 movente3
1989 2893 2390 2948 amaritudinem
2412 2904 2537 2940 vero
2575 2905 2609 2938 a
2642 2903 2760 2939 cor-

1676 2995 1832 3046 pore:
1864 2992 2021 3045 quare
2040 2990 2159 3026 cuin
2182 2975 2354 3036 homo,
2367 2968 2612 3036 quamdiu
2635 2981 2760 3031 per-

1679 3064 1907 3116 severat,
1933 3055 2000 3103 ab
2023 3058 2241 3123 utraque
2265 3050 2360 3098 hac
2384 3059 2538 3096 causa
2563 3042 2760 3105 afficia-

1677 3141 1782 3196 tur,
1837 3130 2036 3182 idcirco
2079 3128 2205 3177 nihil
2249 3123 2441 3174 homiui
2481 3121 2641 3170 dulce
2678 3128 2763 3171 est

1677 3210 1779 3260 nisi
1804 3224 1923 3259 cum
1958 3220 2135 3258 amaro
2174 3204 2539 3268 conjunctum.
2577 3214 2762 3263 quam-

1680 3292 1858 3342 obrem
1883 3289 1949 3338 de
1969 3298 2297 3352 quacumque
2315 3280 2552 3344 corporis
2577 3279 2766 3342 volup-

1680 3375 1793 3418 tate
1828 3365 1934 3417 dici
1975 3369 2171 3429 potest,
2209 3359 2348 3427 quod
2374 3355 2654 3407 Lucretius
2693 3355 2761 3404 de

1680 3443 1875 3495 Amore
1910 3441 2045 3490 dixit
2079 3441 2114 3489 l.
2149 3452 2231 3488 xv.
2295 3433 2538 3484 ‘Eximia
2580 3438 2757 3495 veste,

1681 3529 1739 3571 et
1773 3521 1936 3582 victu,
1964 3517 2224 3580 convivia,
2259 3513 2390 3575 ludi,
2412 3511 2615 3561 Pocula
2640 3525 2756 3560 cre-

1683 3598 1796 3658 bra,
1822 3598 2106 3658 unguenta,
2141 3603 2365 3651 coronae,
2400 3593 2543 3636 serta
2564 3601 2758 3650 paran-

1684 3679 1790 3734 tur,
1839 3669 2234 3735 Nequicquam:
2280 3665 2524 3731 quoniam
2578 3663 2760 3713 medio

1687 3749 1754 3798 de
1786 3746 1933 3796 fonte
1970 3747 2205 3809 leporum
2242 3743 2424 3805 Surgit
2463 3740 2631 3790 amari
2666 3741 2761 3790 ali-

1686 3826 1829 3891 quid,
1864 3823 2002 3890 quod
2047 3823 2101 3873 in
2143 3823 2267 3887 ipsis
2305 3819 2522 3870 fioribus
2562 3818 2762 3881 angat?

1689 3903 1829 3954 Quin
1881 3901 2000 3965 ipsa
2059 3899 2216 3949 etiam
2258 3897 2480 3951 dulcedo
2540 3896 2594 3945 in
2657 3898 2760 3946 hoc

1689 3993 1885 4041 amara,
1909 3977 2067 4044 quod,
2088 3977 2258 4027 invito
2279 3976 2394 4040 ipso
2418 3973 2632 4023 homine
2668 3973 2761 4038 qui

1689 4057 1779 4105 illa
1802 4054 1939 4105 affici
1957 4054 2179 4117 videtur,
2193 4052 2347 4102 abeat
2363 4049 2731 4100 irrevocabilis
2747 4066 2765 4110 3

1685 4133 1702 4160 ⁴
1721 4146 1818 4181 nec
1841 4131 2056 4181 retineri
2078 4128 2269 4194 possit’
2298 4129 2365 4178 ad
2388 4133 2592 4190 nutum,
2625 4128 2640 4155 ‘
2655 4140 2759 4193 quo

1685 4211 1852 4260 minus
1875 4210 2032 4259 abeat
2051 4208 2092 4257 :'
2115 4214 2172 4258 ut
2192 4207 2277 4257 hic
2301 4205 2509 4255 dicitur.

1755 4295 1778 4320 ⁸
1797 4288 1968 4351 Liquet
1988 4287 2167 4350 igitur„
2183 4284 2291 4349 cisa]
2327 4280 2671 4348 Philosophia
2693 4295 2760 4331 ex
