3049 4928
552 400 687 470 494

622 559 795 611 Plures
828 571 1048 620 magnum
1091 569 1215 618 soepe
1256 567 1422 603 nomen
1469 548 1618 613 falsie

555 638 689 699 uulgi
725 634 1021 698 opinionibus
1041 630 1356 693 abstulerunt]
1389 628 1621 678 AElianns

558 715 626 763 de
678 712 875 775 Gorgia
910 719 965 760 et
999 710 1327 770 Protagora:
1374 704 1495 755 ἔοικε
1526 700 1620 768 γάρ

563 808 663 841 πως
681 789 713 850 ἦ
736 788 845 851 δόξα
862 786 927 849 μὴ
948 784 1072 836 πάνυ
1084 803 1133 833 τι
1154 781 1340 847 ἀκριβὲς
1354 780 1476 843 μήτε
1489 780 1622 844 ὄρᾷν,

556 866 678 930 μήτε
709 864 911 916 ἀκούειν.
939 862 1068 913 ἔνθεν
1085 858 1162 911 τοὶ
1181 858 1260 909 καὶ
1280 856 1443 907 πολλὰ
1461 854 1620 919 σφάλ-

557 953 716 996 λεται.
749 941 830 992 καὶ
861 941 924 990 τὰ
964 937 1054 1001 μὲν
1083 934 1468 1001 καταχαρίζεται,
1486 936 1550 983 τὰ
1570 930 1621 982 δὲ

556 1020 795 1086 ψεύδεται.
865 1018 1168 1069 Alexander
1207 1017 1434 1078 Magnus
1478 1010 1619 1076 apud

559 1100 629 1151 Q.
667 1096 905 1158 Curtium
928 1094 1061 1143 libro
1093 1106 1265 1141 nono:
1300 1090 1316 1118 ‘
1339 1090 1621 1153 Nunquam

561 1174 631 1226 ad
681 1171 930 1237 liquidnm
970 1169 1108 1219 fama
1142 1166 1478 1232 producitur:
1513 1179 1622 1215 om-

559 1253 667 1314 nia,
691 1251 780 1300 illa
804 1249 1061 1310 tradente,
1092 1246 1291 1309 majora
1326 1250 1448 1293 sunt
1480 1257 1619 1292 vero.

563 1328 763 1379 Nostra
786 1339 990 1391 quoque
1014 1321 1180 1387 gloria
1201 1335 1318 1371 cum
1349 1319 1419 1368 sit
1453 1333 1519 1367 ex
1542 1333 1623 1367 so·

560 1407 689 1467 lide,
712 1405 1026 1469 plus‘tamen
1049 1400 1206 1450 habet
1223 1396 1445 1447 nominis
1469 1409 1623 1458 quam

562 1480 764 1546 operis?
832 1479 1080 1530 Libanius
1118 1476 1382 1539 sophista:
1415 1469 1625 1536 τᾶς-γὰρ

561 1561 589 1608 ὁ
609 1558 743 1621 δόξαν
754 1558 910 1620 κτῆμα
925 1553 1147 1617 νομίζων,
1163 1553 1247 1602 οὐκ
1262 1550 1437 1613 ἀγαθὸς
1454 1552 1550 1599 τῶν
1564 1550 1626 1599 ὣς

559 1637 745 1696 ὄληθῶς
759 1631 1011 1696 κτημάτων
1030 1630 1207 1695 φύλαξ.
1241 1629 1353 1678 ἀλλ’
1374 1628 1402 1676 ὁ
1421 1635 1623 1692 προσελ-

560 1714 668 1775 θὸν,
684 1713 764 1763 καὶ
790 1709 1098 1772 κολακεύσας,
1121 1705 1313 1767 ἀπῆλθέ
1329 1725 1377 1755 τι
1394 1705 1574 1765 λαβὼν,
1599 1704 1626 1751 ὁ

559 1790 647 1841 τὸν
665 1787 859 1855 ἀριστέα
877 1786 1102 1851 καλέσας,
1131 1784 1297 1848 μισθὸν
1322 1783 1424 1847 ἔχει
1440 1784 1526 1831 τοῦ
1546 1779 1625 1845 ῥή-

560 1885 725 1928 ματος.
749 1864 831 1916 εἶτ’
847 1866 901 1915 ἐκ
921 1864 1121 1926 τούτων,
1143 1864 1188 1913 οἱ
1207 1861 1293 1925 μὲν
1314 1858 1628 1925 ἀποφέρονται

559 1942 755 2008 χρυσόν·
794 1942 940 1992 αὐτὸς
959 1941 1013 1991 δὲ
1030 1939 1280 2005 εἷρωνείαν.
1302 1938 1475 1988 Sitzm.

651 2021 813 2071 Falsis
866 2019 1000 2080 vulgi
1050 2014 1368 2081 opinionibus]
1422 2014 1627 2076 Vulgus

566 2096 702 2146 enim
726 2094 808 2160 (nt
832 2094 1071 2143 Persium
1093 2094 1391 2156 loquentem
1413 2086 1628 2152 faciam)

566 2178 660 2221 aut
698 2185 957 2235 nunquam
1015 2175 1106 2218 aut
1164 2168 1424 2218 rarissime
1468 2167 1483 2194 ‘
1500 2165 1627 2214 Veri

567 2247 797 2312 speciem
846 2246 1146 2309 dignoscere
1191 2246 1366 2305 callet,
1406 2244 1491 2293 Ne
1527 2256 1627 2307 qua

566 2324 832 2374 subaerato
870 2322 1172 2373 mendosum
1230 2321 1422 2371 tinniat
1463 2317 1627 2369 auro?

567 2403 638 2452 Et
655 2401 858 2463 mirum,
882 2402 925 2450 si
950 2400 1143 2463 saepius
1174 2414 1206 2447 a
1227 2396 1457 2460 fortuna,
1475 2410 1627 2460 quam

567 2495 598 2528 a
606 2479 812 2544 judicio
829 2477 1047 2528 celebris
1069 2477 1206 2526 fama
1229 2474 1631 2539 proficiscatur?

566 2555 877 2619 Exemplum
918 2553 1250 2603 memorabile
1284 2550 1352 2600 de
1386 2550 1630 2599 Pallante

568 2632 774 2683 Claudii
808 2631 1000 2682 liberto
1044 2629 1267 2679 omnium
1315 2626 1630 2675 nebulonum

567 2709 978 2773 postremissimo
1024 2706 1259 2756 invenies
1304 2703 1445 2767 apud
1489 2703 1627 2752 Pliu.

568 2786 861 2838 Secundum
885 2784 1018 2834 libro
1037 2782 1281 2847 septimo,
1300 2781 1524 2844 Epistol.
1549 2784 1630 2830 29.

568 2868 626 2914 et
642 2864 773 2913 libro
796 2877 934 2912 nono
956 2861 1125 2924 Epist.
1146 2864 1195 2910 6.
1232 2861 1382 2908 Idem.

636 2941 736 2996 Qui
753 2942 886 3002 falso
907 2941 1245 3003 pradicantur,
1263 2936 1362 2984 suis
1388 2934 1499 2997 ipsi,
1521 2931 1632 2996 Bra]

569 3018 862 3069 Cassiodor.
910 3030 1037 3067 vm.
1074 3014 1278 3082 Variar.
1320 3015 1399 3060 18.
1466 3011 1481 3038 ‘
1500 3009 1632 3058 Cum

568 3096 733 3151 omnis
756 3094 1040 3159 appellatio
1077 3091 1142 3141 ad
1185 3085 1526 3139 declarandas
1549 3098 1632 3134 res

567 3173 814 3222 videatur
857 3169 1119 3234 imposita,
1160 3166 1311 3216 nimis
1349 3160 1633 3213 absurdum

572 3258 652 3299 est
676 3256 887 3313 portare
923 3261 1110 3297 nomen
1148 3244 1390 3304 alienum,
1415 3246 1470 3289 et
1491 3227 1633 3288 aliud

573 3325 695 3389 dici,
716 3340 872 3389 quam
903 3323 1070 3389 possit
1108 3322 1159 3370 in
1184 3319 1410 3369 moribus
1434 3313 1634 3364 inveni-

573 3403 635 3453 ri.
636 3402 651 3424 '
715 3402 837 3469 Huc
857 3400 1089 3463 pertinet
1111 3395 1248 3462 quod
1270 3387 1635 3445 Jurisconsulti

570 3477 752 3526 aiunt.
801 3474 1067 3525 ‘Nomina
1089 3471 1241 3520 rebus
1264 3461 1639 3530 consequentia

574 3568 689 3605 esse
749 3553 963 3604 debera
965 3551 981 3574 ’
1040 3551 1110 3599 Et
1163 3546 1408 3596 divinitus
1450 3541 1637 3591 scribit

574 3629 863 3694 Gregorius
889 3629 1158 3692 Nyssenus
1188 3623 1241 3672 in
1267 3621 1399 3670 libro
1418 3617 1524 3681 περὶ
1558 3635 1639 3666 τε·

574 3708 840 3771 λειότητος,
855 3704 935 3756 καὶ
956 3706 1116 3754 ὁποῖον
1135 3700 1229 3765 χρὴ
1264 3696 1378 3749 εἶναι
1396 3695 1482 3745 τὸν
1500 3711 1638 3761 χρισ-

574 3785 753 3838 τιανόν.
855 3784 1039 3833 Οὐκοῦν
1079 3778 1238 3836 ἐπειδὴ
1276 3777 1363 3826 τοῦ
1411 3774 1641 3836 μεγίστου

577 3863 723 3914 τεκαὶ
743 3860 989 3912 θειοτάτου
1008 3857 1085 3907 καὶ
1099 3854 1282 3920 πρώτου
1294 3854 1391 3902 τῶν
1407 3849 1642 3913 ὀνομάτων

575 3938 750 4002 γέγονε
768 3937 896 4002 παρὰ
930 3936 1014 3985 τοῦ
1042 3933 1220 3995 ἀγαθοῦ
1256 3927 1489 3980 δεσπότου
1530 3927 1640 3988 ἡμῖν

576 4015 805 4080 κοινωνία,
840 4014 964 4064 ὥστε
1016 4008 1127 4060 τοὺς
1170 4009 1233 4075 τῇ
1279 4003 1508 4070 ἐπωνυμίᾳ
1554 4004 1643 4052 τοῦ

577 4096 779 4160 χριστοῦ
825 4091 1099 4155 τιμηθέντας
1140 4084 1436 4153 χριστιανοὺς
1479 4080 1642 4144 ὄνομα·

578 4173 761 4238 ζεσθαι·
784 4171 1038 4231 ἀναγκαῖον
1069 4168 1128 4217 ἂν
1145 4166 1234 4225 εἴη,
1249 4163 1405 4214 πάντα
1423 4161 1488 4212 τὰ
1505 4162 1643 4226 ἑρμη-

576 4251 764 4319 νευτικὰ
792 4250 889 4307 τῆς
906 4245 1121 4305 τοιαύτης
1156 4245 1313 4307 φωνῆς
1348 4240 1554 4302 ὀνόματα
1591 4240 1643 4288 ἐν

580 4329 691 4392 ἡμῖν
728 4329 1024 4393 καθορᾶσθαι.
1065 4325 1127 4373 ὧς
1157 4321 1223 4383 μὴ
1253 4319 1547 4385 ψευδώνυμον
1566 4315 1642 4380 ἐφ’

1257 407 1478 460 No'rAE
1524 405 1618 455 VA
1630 404 1929 455 monum
1975 405 1998 452 1
2010 401 2058 453 N

1689 547 1799 609 ἡμῖν
1830 545 1945 598 εἶναι
1977 546 2071 605 τὴν
2103 545 2288 608 κλῆσιν,
2309 540 2425 594 ἀλλ’
2448 541 2513 592 ἐκ
2539 541 2628 591 τοῦ
2650 540 2752 598 ὥς

1689 624 1780 684 τὴν
1811 623 2064 688 μαρτυρίαν
2097 622 2244 684 ἔχειν.
2267 621 2322 670 οὔ
2340 621 2436 684 γὰρ
2458 620 2515 669 ἐκ
2549 620 2636 670 τοῦ
2669 636 2748 668 κα-

1689 700 1878 751 λεῖσθαί
1894 720 1942 750 τι
1960 700 2018 750 τὸ
2041 698 2155 750 εἶναι
2169 700 2364 761 γίνεται.
2386 699 2501 748 ἀλλ’
2522 696 2557 757 ἡ
2579 698 2750 745 ὑποκει-

1690 777 1809 841 μένη
1824 776 1982 841 φύσις,
2000 776 2078 827 οΐα
2110 778 2149 826 δ’
2169 777 2228 827 ἂν
2255 774 2374 825 οὖσα
2392 774 2548 841 τύχῃ,
2574 774 2650 824 διὰ
2672 775 2752 832 τῆς

1690 857 1957 921 Ιπροσφυῶς
1974 856 2060 905 τοῦ
2093 853 2316 914 ὀνόματος
2337 849 2582 915 σημασίας
2596 849 2753 914 γνωρί·

1693 935 1842 1000 ferat·
1879 932 1976 984 οἷόν
1994 952 2042 983 τι
2056 931 2203 995 λέγω,
2221 931 2263 981 εί
2283 930 2449 996 δένδρῳ
2466 930 2545 980 τὶς
2563 929 2596 989 ἢ
2613 928 2752 993 πέτρᾳ

1692 1011 2007 1079 προσηγορίαν
2064 1010 2298 1075 ἀνθρώπου
2352 1010 2625 1073 χαρίσαιτο·
2671 1004 2755 1070 ἂρα

1695 1088 1925 1155 ἄνθρωπος
1940 1088 2074 1138 ἔσται
2092 1088 2168 1138 διὰ
2179 1087 2266 1146 τὴν
2281 1090 2457 1145 κλῆσιν
2475 1086 2511 1145 ἢ
2524 1085 2584 1134 τὸ
2615 1082 2755 1148 φυτὸν

1692 1165 1724 1226 ἦ
1737 1170 1763 1216 ὁ
1779 1165 1910 1217 λίθος
1926 1184 1940 1229 ;
1957 1167 2040 1216 οὐκ
2056 1164 2158 1215 ἔστι
2178 1167 2346 1216 ταῦτα·
2367 1164 2500 1214 ἀλλὰ
2522 1162 2620 1227 χρὴ
2641 1164 2756 1225 arpii-

1693 1263 1778 1295 τον
1807 1243 1920 1295 εἶναι
1941 1244 2196 1309 ἄνθρωπον,
2225 1241 2306 1292 εἷθ’
2326 1241 2474 1291 οὕτως
2496 1239 2758 1300 ὀνομασθῆ-

1694 1340 1769 1373 ναι
1789 1325 1853 1388 τῇ
1870 1321 2160 1387 προσηγορίᾳ
2174 1322 2261 1379 τῆς
2280 1317 2483 1383 φύσεως.
2557 1319 2633 1367 Et
2650 1330 2757 1381 quoe

1695 1399 1888 1449 ibidem
1929 1399 2080 1462 plura
2119 1402 2439 1461 sequuntur:
2501 1407 2663 1458 quem
2692 1393 2758 1440 lo-

1694 1489 1811 1525 cum
1847 1490 1913 1525 ex
1949 1474 2109 1524 saeris
2142 1471 2453 1530 lectionibus
2492 1470 2604 1520 suis
2639 1468 2759 1517 mibi

1697 1552 2014 1603 condonavit
2037 1547 2710 1601 C.Rittershusius.1dem.

1763 1630 1898 1679 Inter
1930 1629 2031 1677 lroec
2060 1641 2169 1676 vero
2213 1624 2485 1689 popularem
2520 1620 2760 1684 gratiam]

1698 1707 1802 1756 Ms.
1826 1689 2075 1754 R’ittersh.
2109 1717 2215 1765 pop.
2232 1700 2457 1763 gloriam.
2525 1699 2764 1760 Recepta

1699 1788 1873 1831 tamen
1896 1780 2057 1830 lectio
2082 1793 2179 1829 non
2200 1776 2512 1826 destituitur
2537 1774 2763 1823 anctori-

1702 1868 1809 1911 tate
1842 1858 2161 1925 qnorundam
2199 1865 2330 1907 vett.
2371 1854 2766 1919 exemplarium,

1701 1945 1758 1988 et
1789 1935 2121 1987 confirmatur
2143 1934 2206 1984 ab
2232 1931 2557 1994 Herodiano,
2581 1930 2671 1995 qni
2703 1930 2765 1978 de

1702 2012 1982 2066 Commodo
2017 2012 2091 2061 sic
2123 2011 2341 2060 scribit:
2373 2006 2518 2071 μέχρι
2538 2006 2634 2070 μὲν
2652 2006 2768 2057 τού·

1698 2110 1811 2154 των,
1841 2090 1886 2139 οἷ
1912 2089 1990 2139 καὶ
2009 2086 2254 2145 βασιλείας
2280 2085 2344 2135 τὰ
2362 2085 2670 2149 πραττόμενα
2707 2082 2767 2142 ἦν

1700 2168 1946 2234 ἀλλότρια,
1989 2167 2117 2226 πλὴν
2146 2163 2354 2229 ἀνδρείας
2390 2161 2469 2212 καὶ
2506 2159 2768 2222 εὐστοχίας

1699 2247 1826 2310 παρὰ
1864 2248 1962 2295 τοῖς
2000 2242 2250 2306 δημώδεσιν
2300 2241 2404 2303 είχε
2444 2239 2555 2289 τινὰ
2599 2236 2761 2303 χάριν.

1703 2327 1856 2375 Idem.

1770 2399 2052 2450 Nobilitatis
2070 2395 2258 2459 nomen]
2293 2393 2604 2443 Nobilitatis
2627 2391 2766 2455 apud

1704 2491 1884 2527 omnes
1918 2474 2028 2525 fere
2072 2474 2293 2537 populos
2331 2484 2522 2534 magna
2554 2483 2795 2532 semper.

1705 2555 1815 2604 laus
1837 2552 1955 2614 fnit,
1978 2565 2078 2599 non
2099 2546 2334 2611 γνώσεως,
2368 2554 2458 2595 aut
2484 2543 2765 2610 λαμπρότη-

1705 2649 1806 2692 τος,
1828 2628 1918 2678 sed
1956 2624 2207 2689 εὐγενείας,
2231 2640 2260 2673 a
2285 2636 2495 2687 genere.
2527 2622 2589 2669 Ἥ
2629 2623 2671 2669 δ’
2695 2620 2768 2669 εὖ·

1705 2705 1880 2771 γένεια,
1925 2707 2092 2770 inquit
2135 2700 2453 2752 Aristoteles
2512 2699 2650 2748 libro
2689 2711 2767 2748 vt.

1706 2783 1918 2832 Pontio.
1940 2781 2048 2843 παρ’
2086 2776 2302 2827 ἑκάστοις
2337 2775 2458 2825 οἴκοι
2487 2774 2657 2834 τίμιος.
2698 2771 2768 2822 ἔτι

1706 2855 1821 2907 διότι
1852 2855 2068 2913 βελτίους
2099 2851 2219 2902 εἰκὸς
2248 2849 2359 2901 τοὺς
2392 2851 2445 2898 ἐκ
2483 2848 2768 2906 βελτιόνων·

1707 2931 1916 2996 εὐγένεια
1935 2933 2030 2996 γὰρ
2048 2929 2179 2980 ἔστιν
2199 2929 2341 2994 ἁρετὴ
2361 2926 2552 2990 γένους.
2617 2929 2633 2955 ‘
2663 2926 2716 2977 N
2720 2941 2770 2976 o·

1708 3012 1883 3060 bilitas
1917 3010 2053 3057 enim
2088 3005 2228 3070 apud
2271 3012 2488 3054 cunctos
2522 3003 2770 3053 mortales

1709 3087 1845 3138 domi
1871 3087 2154 3136 honorata:
2192 3089 2478 3146 propterea
2503 3079 2646 3144 quod
2664 3093 2769 3128 me-

1708 3166 1862 3214 liores
1887 3161 2162 3211 verisimile
2181 3165 2305 3208 este
2328 3157 2632 3206 melioribus
2652 3170 2768 3219 pro-

1709 3240 1876 3291 creari
1898 3255 1912 3288 z
1973 3236 2217 3287 nobilitas
2260 3235 2395 3284 enim
2434 3241 2519 3283 est
2565 3233 2769 3295 generis

1709 3315 1906 3366 virtus?
1973 3313 2106 3364 Inde
2139 3311 2307 3362 crevit
2348 3310 2483 3373 adeo
2514 3324 2659 3373 resp.
2685 3308 2770 3357 illa

1711 3396 1960 3455 Romana,
1997 3393 2052 3440 in
2086 3404 2188 3454 qua
2221 3387 2584 3450 utplurimum
2622 3383 2769 3448 probi

1708 3471 1848 3534 iique
1870 3460 2068 3517 nobiles
2110 3472 2167 3515 et
2201 3459 2463 3513 nobilibus
2500 3461 2769 3522 nati,·non

1708 3551 1770 3594 ut
1794 3543 2011 3594 Athenis
2029 3541 2198 3607 quivis
2215 3555 2244 3589 e
2262 3539 2473 3603 populo,
2494 3534 2768 3601 praefuere.

1712 3623 1729 3651 ‘
1748 3622 1946 3672 Omnes
1981 3619 2138 3681 boni,’
2164 3618 2328 3682 inquit
2364 3616 2602 3681 ejusdem
2633 3614 2762 3676 reip.

1709 3701 1881 3749 lumen
1903 3698 2106 3754 Cicero,
2143 3698 2157 3725 ⁸
2182 3708 2387 3756 semper
2406 3691 2672 3742 nobilitati
2694 3689 2768 3738 t'a·

1711 3791 1908 3838 vernus,
1933 3782 1987 3825 et
2012 3775 2132 3839 quia
2154 3773 2280 3822 utile
2303 3777 2384 3821 est
2408 3770 2540 3833 reip.
2577 3769 2768 3819 nobiles

1711 3852 1942 3902 homines
1964 3864 2076 3900 esse
2102 3850 2285 3913 dignos
2318 3846 2603 3910 majoribus
2636 3843 2767 3902 suis3

1713 3936 1767 3981 et
1785 3929 1906 3994 quia
1922 3929 2062 3977 valet
2080 3925 2220 3990 apud
2235 3939 2327 3973 nos
2341 3924 2600 3972 clarorum
2616 3917 2767 3968 homi-

1714 4021 1832 4056 num
1874 4013 1931 4055 et
1964 4004 2099 4053 bene
2133 4001 2199 4050 de
2237 3998 2441 4064 republ.
2464 3998 2764 4046 meritorum

1713 4082 1981 4143 memoria,
2002 4081 2160 4129 etiam
2183 4073 2542 4127 mortuorum.’
2582 4074 2764 4136 Neque

1714 4159 1924 4211 aliunde
1959 4155 2205 4206 extremis
2227 4151 2457 4217 ejusdem
2485 4151 2616 4213 reip.
2642 4155 2763 4198 tem-

1716 4235 1944 4301 poribus,
1977 4230 2263 4281 nobilitatis
2304 4241 2489 4292 nomen
2525 4231 2671 4275 tanto
2709 4221 2761 4268 in

1713 4314 1908 4364 honore
1933 4308 2180 4371 habitum,
2206 4312 2264 4355 ut
2288 4303 2390 4368 ipsi
2413 4302 2759 4366 Imperatores
