<?xml version="1.0" encoding="UTF-8"?>
<!DOCTYPE html PUBLIC "-//W3C//DTD XHTML 1.0 Transitional//EN"
    "http://www.w3.org/TR/xhtml1/DTD/xhtml1-transitional.dtd">
<html xmlns="http://www.w3.org/1999/xhtml" xml:lang="en" lang="en">
 <head>
  <title>
</title>
<meta http-equiv="Content-Type" content="text/html;charset=utf-8" />
  <meta name='ocr-system' content='tesseract 3.04.00' />
  <meta name='ocr-capabilities' content='ocr_page ocr_carea ocr_par ocr_line ocrx_word'/>
</head>
<body>
  <div class='ocr_page' id='page_1' title='image "./deconsolationep00boetgoog_0326.png"; bbox 0 0 3049 4928; ppageno 0'>
   <div class='ocr_carea' id='block_1_1' title="bbox 489 387 2017 457">
    <p class='ocr_par' dir='ltr' id='par_1_1' title="bbox 489 387 2017 457">
     <span class='ocr_line' id='line_1_1' title="bbox 489 387 2017 457; baseline -0.003 -3"><span class='ocrx_word' id='word_1_1' title='bbox 489 387 623 454; x_wconf 73' lang='lat'><strong>:316</strong></span> <span class='ocrx_word' id='word_1_2' title='bbox 1198 400 1505 457; x_wconf 64' lang='lat' dir='ltr'><strong>zoaran</strong></span> <span class='ocrx_word' id='word_1_3' title='bbox 1558 403 1656 453; x_wconf 76' lang='lat' dir='ltr'><strong>na</strong></span> <span class='ocrx_word' id='word_1_4' title='bbox 1700 401 2017 452; x_wconf 71' lang='lat' dir='ltr'><strong>consui„</strong></span> 
     </span>
    </p>
   </div>
   <div class='ocr_carea' id='block_1_2' title="bbox 1489 548 1706 602">
    <p class='ocr_par' dir='ltr' id='par_1_2' title="bbox 1489 548 1706 602">
     <span class='ocr_line' id='line_1_2' title="bbox 1489 548 1706 602; baseline -0.009 -1"><span class='ocrx_word' id='word_1_5' title='bbox 1489 548 1706 602; x_wconf 74' lang='lat' dir='ltr'><strong>NOTAE</strong></span> 
     </span>
    </p>
   </div>
   <div class='ocr_carea' id='block_1_3' title="bbox 485 644 2697 1024">
    <p class='ocr_par' dir='ltr' id='par_1_3' title="bbox 485 644 2697 1024">
     <span class='ocr_line' id='line_1_3' title="bbox 485 644 2692 714; baseline -0.001 -14"><span class='ocrx_word' id='word_1_6' title='bbox 485 648 576 700; x_wconf 72' lang='lat' dir='ltr'><strong>=vel</strong></span> <span class='ocrx_word' id='word_1_7' title='bbox 600 647 774 714; x_wconf 75' lang='lat' dir='ltr'><strong>potius</strong></span> <span class='ocrx_word' id='word_1_8' title='bbox 796 646 962 699; x_wconf 77' lang='lat' dir='ltr'><strong>oculis</strong></span> <span class='ocrx_word' id='word_1_9' title='bbox 984 646 1139 701; x_wconf 74' lang='lat' dir='ltr'><strong>tortis</strong></span> <span class='ocrx_word' id='word_1_10' title='bbox 1156 647 1456 700; x_wconf 80' lang='lat' dir='ltr'><strong>interiorem</strong></span> <span class='ocrx_word' id='word_1_11' title='bbox 1473 646 1554 699; x_wconf 83' lang='lat' dir='ltr'><strong>fn·</strong></span> <span class='ocrx_word' id='word_1_12' title='bbox 1632 647 1756 699; x_wconf 87' lang='lat' dir='ltr'><strong>Solo</strong></span> <span class='ocrx_word' id='word_1_13' title='bbox 1789 646 1899 696; x_wconf 77' lang='lat' dir='ltr'><strong>sive</strong></span> <span class='ocrx_word' id='word_1_14' title='bbox 1933 644 2114 712; x_wconf 77' lang='lat' dir='ltr'><strong>patria</strong></span> <span class='ocrx_word' id='word_1_15' title='bbox 2147 644 2346 711; x_wconf 72' lang='lat' dir='ltr'><strong>pulsus,</strong></span> <span class='ocrx_word' id='word_1_16' title='bbox 2378 659 2599 712; x_wconf 84' lang='lat' dir='ltr'><strong>cumque</strong></span> <span class='ocrx_word' id='word_1_17' title='bbox 2616 651 2692 711; x_wconf 77' lang='lat' dir='ltr'><strong>ty·</strong></span> 
     </span>
     <span class='ocr_line' id='line_1_4' title="bbox 493 720 2694 792; baseline 0 -16"><span class='ocrx_word' id='word_1_18' title='bbox 493 724 621 776; x_wconf 75' lang='lat' dir='ltr'><strong>roris</strong></span> <span class='ocrx_word' id='word_1_19' title='bbox 643 731 839 775; x_wconf 86' lang='lat' dir='ltr'><strong>motum</strong></span> <span class='ocrx_word' id='word_1_20' title='bbox 866 725 945 776; x_wconf 83' lang='lat' dir='ltr'><strong>ita</strong></span> <span class='ocrx_word' id='word_1_21' title='bbox 965 725 1247 792; x_wconf 77' lang='lat' dir='ltr'><strong>significat,</strong></span> <span class='ocrx_word' id='word_1_22' title='bbox 1272 734 1330 778; x_wconf 86' lang='lat' dir='ltr'><strong>ut</strong></span> <span class='ocrx_word' id='word_1_23' title='bbox 1359 720 1569 778; x_wconf 80' lang='lat' dir='ltr'><strong>tuenti·&#39;</strong></span> <span class='ocrx_word' id='word_1_24' title='bbox 1636 727 1786 778; x_wconf 88' lang='lat' dir='ltr'><strong>ranni</strong></span> <span class='ocrx_word' id='word_1_25' title='bbox 1802 728 1854 777; x_wconf 89' lang='lat' dir='ltr'><strong>in</strong></span> <span class='ocrx_word' id='word_1_26' title='bbox 1879 727 2036 778; x_wconf 82' lang='lat' dir='ltr'><strong>terris</strong></span> <span class='ocrx_word' id='word_1_27' title='bbox 2053 726 2350 778; x_wconf 74' lang='lat' dir='ltr'><strong>habitantes</strong></span> <span class='ocrx_word' id='word_1_28' title='bbox 2366 742 2433 777; x_wconf 79' lang='lat' dir='ltr'><strong>ex</strong></span> <span class='ocrx_word' id='word_1_29' title='bbox 2447 728 2571 778; x_wconf 88' lang='lat' dir='ltr'><strong>Solo</strong></span> <span class='ocrx_word' id='word_1_30' title='bbox 2589 727 2694 777; x_wconf 75' lang='lat' dir='ltr'><strong>sive</strong></span> 
     </span>
     <span class='ocr_line' id='line_1_5' title="bbox 493 801 2695 870; baseline 0.001 -18"><span class='ocrx_word' id='word_1_31' title='bbox 493 803 592 852; x_wconf 79' lang='lat' dir='ltr'><strong>bus</strong></span> <span class='ocrx_word' id='word_1_32' title='bbox 614 802 684 853; x_wconf 74' lang='lat' dir='ltr'><strong>sit</strong></span> <span class='ocrx_word' id='word_1_33' title='bbox 704 801 949 853; x_wconf 75' lang='lat' dir='ltr'><strong>terribilis</strong></span> <span class='ocrx_word' id='word_1_34' title='bbox 971 819 985 853; x_wconf 72' lang='grc' dir='ltr'><em>ε</em></span> <span class='ocrx_word' id='word_1_35' title='bbox 1011 803 1130 854; x_wconf 88' lang='lat' dir='ltr'><strong>hinc</strong></span> <span class='ocrx_word' id='word_1_36' title='bbox 1143 810 1321 854; x_wconf 73' lang='lat' dir='ltr'><strong>taurus</strong></span> <span class='ocrx_word' id='word_1_37' title='bbox 1339 818 1555 869; x_wconf 80' lang='lat' dir='ltr'><strong>praeser-</strong></span> <span class='ocrx_word' id='word_1_38' title='bbox 1635 805 1808 869; x_wconf 72' lang='lat' dir='ltr'><strong>potius</strong></span> <span class='ocrx_word' id='word_1_39' title='bbox 1827 803 1981 867; x_wconf 84' lang='lat' dir='ltr'><strong>coelo,</strong></span> <span class='ocrx_word' id='word_1_40' title='bbox 1995 805 2166 870; x_wconf 86' lang='lat' dir='ltr'><strong>patria</strong></span> <span class='ocrx_word' id='word_1_41' title='bbox 2187 819 2301 868; x_wconf 84' lang='lat' dir='ltr'><strong>sua,</strong></span> <span class='ocrx_word' id='word_1_42' title='bbox 2317 805 2481 855; x_wconf 81' lang='lat' dir='ltr'><strong>veluti</strong></span> <span class='ocrx_word' id='word_1_43' title='bbox 2498 805 2695 869; x_wconf 75' lang='lat' dir='ltr'><strong>expulsi</strong></span> 
     </span>
     <span class='ocr_line' id='line_1_6' title="bbox 493 879 2697 948; baseline 0.001 -18"><span class='ocrx_word' id='word_1_44' title='bbox 493 879 587 930; x_wconf 85' lang='lat' dir='ltr'><strong>tim</strong></span> <span class='ocrx_word' id='word_1_45' title='bbox 605 884 781 930; x_wconf 68' lang='lat' dir='ltr'><strong>torvus</strong></span> <span class='ocrx_word' id='word_1_46' title='bbox 800 879 1041 944; x_wconf 84' lang='lat' dir='ltr'><strong>habetur,</strong></span> <span class='ocrx_word' id='word_1_47' title='bbox 1055 880 1193 947; x_wconf 84' lang='lat' dir='ltr'><strong>quod</strong></span> <span class='ocrx_word' id='word_1_48' title='bbox 1215 881 1404 931; x_wconf 87' lang='lat' dir='ltr'><strong>animal</strong></span> <span class='ocrx_word' id='word_1_49' title='bbox 1425 880 1554 932; x_wconf 87' lang='lat' dir='ltr'><strong>illud</strong></span> <span class='ocrx_word' id='word_1_50' title='bbox 1637 882 1760 946; x_wconf 76' lang='lat' dir='ltr'><strong>sint,</strong></span> <span class='ocrx_word' id='word_1_51' title='bbox 1782 882 1904 933; x_wconf 88' lang='lat' dir='ltr'><strong>ideo</strong></span> <span class='ocrx_word' id='word_1_52' title='bbox 1927 882 2092 934; x_wconf 85' lang='lat' dir='ltr'><strong>videri</strong></span> <span class='ocrx_word' id='word_1_53' title='bbox 2113 889 2330 948; x_wconf 75' lang='lat' dir='ltr'><strong>possunt</strong></span> <span class='ocrx_word' id='word_1_54' title='bbox 2351 882 2552 933; x_wconf 79' lang='lat' dir='ltr'><strong>exules.</strong></span> <span class='ocrx_word' id='word_1_55' title='bbox 2614 881 2697 932; x_wconf 85' lang='lat' dir='ltr'><strong>Ad</strong></span> 
     </span>
     <span class='ocr_line' id='line_1_7' title="bbox 492 955 2696 1024; baseline 0.002 -18"><span class='ocrx_word' id='word_1_56' title='bbox 492 955 687 1022; x_wconf 77' lang='lat' dir='ltr'><strong>saepius</strong></span> <span class='ocrx_word' id='word_1_57' title='bbox 727 956 863 1008; x_wconf 83' lang='lat' dir='ltr'><strong>hanc</strong></span> <span class='ocrx_word' id='word_1_58' title='bbox 909 955 1127 1009; x_wconf 83' lang='lat' dir='ltr'><strong>formam</strong></span> <span class='ocrx_word' id='word_1_59' title='bbox 1161 957 1360 1010; x_wconf 84' lang='lat' dir='ltr'><strong>induat.</strong></span> <span class='ocrx_word' id='word_1_60' title='bbox 1403 959 1556 1024; x_wconf 77' lang='lat' dir='ltr'><strong>Virg-</strong></span> <span class='ocrx_word' id='word_1_61' title='bbox 1637 961 1809 1013; x_wconf 84' lang='lat' dir='ltr'><strong>Hebr.</strong></span> <span class='ocrx_word' id='word_1_62' title='bbox 1853 965 1934 1013; x_wconf 73' lang='lat'><strong>18.</strong></span> <span class='ocrx_word' id='word_1_63' title='bbox 1998 962 2016 990; x_wconf 91' lang='lat'>‘</span> <span class='ocrx_word' id='word_1_64' title='bbox 2043 963 2093 1015; x_wconf 86' lang='lat' dir='ltr'>N</span> <span class='ocrx_word' id='word_1_65' title='bbox 2097 975 2165 1012; x_wconf 91' lang='lat' dir='ltr'><strong>on</strong></span> <span class='ocrx_word' id='word_1_66' title='bbox 2197 961 2444 1013; x_wconf 74' lang='lat' dir='ltr'><strong>habemns</strong></span> <span class='ocrx_word' id='word_1_67' title='bbox 2475 961 2561 1012; x_wconf 85' lang='lat' dir='ltr'><strong>hic</strong></span> <span class='ocrx_word' id='word_1_68' title='bbox 2592 976 2696 1011; x_wconf 83' lang='lat' dir='ltr'><strong>ma·</strong></span> 
     </span>
    </p>
   </div>
   <div class='ocr_carea' id='block_1_4' title="bbox 492 1032 2699 1176">
    <p class='ocr_par' dir='ltr' id='par_1_4' title="bbox 492 1032 2699 1176">
     <span class='ocr_line' id='line_1_8' title="bbox 492 1032 2699 1103; baseline 0 -18"><span class='ocrx_word' id='word_1_69' title='bbox 492 1032 689 1099; x_wconf 76' lang='lat' dir='ltr'><strong>Georg.</strong></span> <span class='ocrx_word' id='word_1_70' title='bbox 729 1047 820 1086; x_wconf 84' lang='lat' dir='ltr'><strong>m.</strong></span> <span class='ocrx_word' id='word_1_71' title='bbox 886 1035 902 1065; x_wconf 86' lang='lat'>‘</span> <span class='ocrx_word' id='word_1_72' title='bbox 929 1035 1148 1101; x_wconf 82' lang='lat' dir='ltr'><strong>Optima</strong></span> <span class='ocrx_word' id='word_1_73' title='bbox 1179 1042 1343 1087; x_wconf 78' lang='lat' dir='ltr'><strong>torvae</strong></span> <span class='ocrx_word' id='word_1_74' title='bbox 1368 1036 1559 1087; x_wconf 84' lang='lat' dir='ltr'><strong>Forma</strong></span> <span class='ocrx_word' id='word_1_75' title='bbox 1635 1043 1848 1088; x_wconf 87' lang='lat' dir='ltr'><strong>nentem</strong></span> <span class='ocrx_word' id='word_1_76' title='bbox 1871 1037 2157 1102; x_wconf 83' lang='lat' dir='ltr'><strong>civitatem,</strong></span> <span class='ocrx_word' id='word_1_77' title='bbox 2175 1036 2268 1090; x_wconf 74' lang='lat' dir='ltr'><strong>sed</strong></span> <span class='ocrx_word' id='word_1_78' title='bbox 2290 1035 2523 1089; x_wconf 80' lang='lat' dir='ltr'><strong>futuram</strong></span> <span class='ocrx_word' id='word_1_79' title='bbox 2542 1036 2699 1103; x_wconf 84' lang='lat' dir='ltr'><strong>inqui·</strong></span> 
     </span>
     <span class='ocr_line' id='line_1_9' title="bbox 495 1109 1829 1176; baseline 0.007 -15"><span class='ocrx_word' id='word_1_80' title='bbox 495 1109 674 1161; x_wconf 56' lang='lat' dir='ltr'><strong>bovis?</strong></span> <span class='ocrx_word' id='word_1_81' title='bbox 715 1111 884 1162; x_wconf 87' lang='lat' dir='ltr'><strong>Porro</strong></span> <span class='ocrx_word' id='word_1_82' title='bbox 902 1126 1020 1162; x_wconf 90' lang='lat' dir='ltr'><strong>cum</strong></span> <span class='ocrx_word' id='word_1_83' title='bbox 1038 1112 1183 1176; x_wconf 84' lang='lat' dir='ltr'><strong>exul,</strong></span> <span class='ocrx_word' id='word_1_84' title='bbox 1200 1111 1328 1176; x_wconf 75' lang='lat' dir='ltr'><strong>sive,</strong></span> <span class='ocrx_word' id='word_1_85' title='bbox 1343 1119 1404 1163; x_wconf 90' lang='lat' dir='ltr'><strong>ut</strong></span> <span class='ocrx_word' id='word_1_86' title='bbox 1425 1127 1554 1162; x_wconf 89' lang='lat' dir='ltr'><strong>non·</strong></span> <span class='ocrx_word' id='word_1_87' title='bbox 1633 1116 1829 1169; x_wconf 73' lang='lat' dir='ltr'><strong>rimus-⁹</strong></span> 
     </span>
    </p>
   </div>
   <div class='ocr_carea' id='block_1_5' title="bbox 494 1187 1553 1256">
    <p class='ocr_par' dir='ltr' id='par_1_5' title="bbox 494 1187 1553 1256">
     <span class='ocr_line' id='line_1_10' title="bbox 494 1187 1553 1256; baseline 0.001 -17"><span class='ocrx_word' id='word_1_88' title='bbox 494 1187 622 1239; x_wconf 78' lang='lat' dir='ltr'><strong>nulli</strong></span> <span class='ocrx_word' id='word_1_89' title='bbox 640 1188 895 1256; x_wconf 78' lang='lat' dir='ltr'><strong>scribunt,</strong></span> <span class='ocrx_word' id='word_1_90' title='bbox 912 1190 1064 1256; x_wconf 69' lang='lat' dir='ltr'><strong>mol,</strong></span> <span class='ocrx_word' id='word_1_91' title='bbox 1084 1189 1292 1242; x_wconf 83' lang='lat' dir='ltr'><strong>dicatur</strong></span> <span class='ocrx_word' id='word_1_92' title='bbox 1311 1191 1459 1256; x_wconf 82' lang='lat' dir='ltr'><strong>quasi</strong></span> <span class='ocrx_word' id='word_1_93' title='bbox 1485 1205 1553 1241; x_wconf 83' lang='lat' dir='ltr'><strong>ex</strong></span> 
     </span>
    </p>
   </div>
   <div class='ocr_carea' id='block_1_6' title="bbox 1352 1669 1838 1739">
    <p class='ocr_par' dir='ltr' id='par_1_6' title="bbox 1352 1669 1838 1739">
     <span class='ocr_line' id='line_1_11' title="bbox 1352 1669 1838 1739; baseline -0.002 -1"><span class='ocrx_word' id='word_1_94' title='bbox 1352 1669 1676 1739; x_wconf 89' lang='lat' dir='ltr'><strong>PROSA</strong></span> <span class='ocrx_word' id='word_1_95' title='bbox 1738 1671 1838 1738; x_wconf 90' lang='lat'><strong>11.</strong></span> 
     </span>
    </p>
   </div>
   <div class='ocr_carea' id='block_1_7' title="bbox 490 1836 2711 3065">
    <p class='ocr_par' dir='ltr' id='par_1_7' title="bbox 490 1836 2711 3065">
     <span class='ocr_line' id='line_1_12' title="bbox 579 1836 2697 1926; baseline 0.001 -25"><span class='ocrx_word' id='word_1_96' title='bbox 579 1836 757 1902; x_wconf 82' lang='grc' dir='ltr'><strong>ΤυΜ</strong></span> <span class='ocrx_word' id='word_1_97' title='bbox 787 1857 935 1922; x_wconf 83' lang='lat' dir='ltr'><strong>ego,</strong></span> <span class='ocrx_word' id='word_1_98' title='bbox 966 1837 1233 1923; x_wconf 55' lang='lat' dir='ltr'><strong>Papae?</strong></span> <span class='ocrx_word' id='word_1_99' title='bbox 1260 1839 1563 1924; x_wconf 86' lang='lat' dir='ltr'><strong>inquam,</strong></span> <span class='ocrx_word' id='word_1_100' title='bbox 1593 1847 1670 1905; x_wconf 91' lang='lat' dir='ltr'><strong>ut</strong></span> <span class='ocrx_word' id='word_1_101' title='bbox 1688 1840 1977 1923; x_wconf 63' lang='lat' dir='ltr'><strong>magna*</strong></span> <span class='ocrx_word' id='word_1_102' title='bbox 2017 1839 2390 1926; x_wconf 82' lang='lat' dir='ltr'><strong>promittis!</strong></span> <span class='ocrx_word' id='word_1_103' title='bbox 2434 1858 2557 1905; x_wconf 90' lang='lat' dir='ltr'><strong>nec</strong></span> <span class='ocrx_word' id='word_1_104' title='bbox 2583 1837 2697 1904; x_wconf 90' lang='lat' dir='ltr'><strong>du-</strong></span> 
     </span>
     <span class='ocr_line' id='line_1_13' title="bbox 492 1937 2697 2029; baseline 0.001 -25"><span class='ocrx_word' id='word_1_105' title='bbox 492 1937 637 2005; x_wconf 88' lang='lat' dir='ltr'><strong>bito</strong></span> <span class='ocrx_word' id='word_1_106' title='bbox 679 1941 844 2024; x_wconf 89' lang='lat' dir='ltr'><strong>quin</strong></span> <span class='ocrx_word' id='word_1_107' title='bbox 890 1942 1117 2028; x_wconf 86' lang='lat' dir='ltr'><strong>possis</strong></span> <span class='ocrx_word' id='word_1_108' title='bbox 1161 1941 1464 2010; x_wconf 81' lang='lat' dir='ltr'><strong>efficere:</strong></span> <span class='ocrx_word' id='word_1_109' title='bbox 1509 1950 1585 2009; x_wconf 90' lang='lat' dir='ltr'><strong>tu</strong></span> <span class='ocrx_word' id='word_1_110' title='bbox 1628 1942 1832 2008; x_wconf 93' lang='lat' dir='ltr'><strong>modo</strong></span> <span class='ocrx_word' id='word_1_111' title='bbox 1884 1964 2078 2029; x_wconf 90' lang='lat' dir='ltr'><strong>quem</strong></span> <span class='ocrx_word' id='word_1_112' title='bbox 2131 1943 2567 2021; x_wconf 80' lang='lat' dir='ltr'><strong>excitaveriS,</strong></span> <span class='ocrx_word' id='word_1_113' title='bbox 2614 1961 2697 2006; x_wconf 90' lang='lat' dir='ltr'><strong>ne</strong></span> 
     </span>
     <span class='ocr_line' id='line_1_14' title="bbox 493 2043 2698 2132; baseline 0.002 -27"><span class='ocrx_word' id='word_1_114' title='bbox 493 2043 811 2109; x_wconf 72' lang='lat' dir='ltr'><strong>moreris!</strong></span> <span class='ocrx_word' id='word_1_115' title='bbox 893 2044 1197 2112; x_wconf 90' lang='lat' dir='ltr'><strong>Primum</strong></span> <span class='ocrx_word' id='word_1_116' title='bbox 1224 2043 1482 2131; x_wconf 61' lang='lat' dir='ltr'><strong>igitur}</strong></span> <span class='ocrx_word' id='word_1_117' title='bbox 1518 2047 1761 2132; x_wconf 86' lang='lat' dir='ltr'><strong>inquit,</strong></span> <span class='ocrx_word' id='word_1_118' title='bbox 1781 2047 1977 2112; x_wconf 87' lang='lat' dir='ltr'><strong>bonis</strong></span> <span class='ocrx_word' id='word_1_119' title='bbox 2010 2066 2277 2132; x_wconf 82' lang='lat' dir='ltr'><strong>semper</strong></span> <span class='ocrx_word' id='word_1_120' title='bbox 2307 2045 2549 2113; x_wconf 85' lang='lat' dir='ltr'><strong>adesse</strong></span> <span class='ocrx_word' id='word_1_121' title='bbox 2578 2065 2698 2130; x_wconf 92' lang='lat' dir='ltr'><strong>po—</strong></span> 
     </span>
     <span class='ocr_line' id='line_1_15' title="bbox 492 2144 2711 2234; baseline 0.002 -27"><span class='ocrx_word' id='word_1_122' title='bbox 492 2144 801 2224; x_wconf 87' lang='lat' dir='ltr'><strong>tentiam,</strong></span> <span class='ocrx_word' id='word_1_123' title='bbox 830 2145 1051 2213; x_wconf 88' lang='lat' dir='ltr'><strong>malos</strong></span> <span class='ocrx_word' id='word_1_124' title='bbox 1073 2150 1340 2215; x_wconf 87' lang='lat' dir='ltr'><strong>cunctis</strong></span> <span class='ocrx_word' id='word_1_125' title='bbox 1365 2150 1625 2216; x_wconf 85' lang='lat' dir='ltr'><strong>viribus</strong></span> <span class='ocrx_word' id='word_1_126' title='bbox 1654 2169 1806 2215; x_wconf 86' lang='lat' dir='ltr'><strong>esse</strong></span> <span class='ocrx_word' id='word_1_127' title='bbox 1833 2148 2157 2229; x_wconf 74' lang='lat' dir='ltr'><strong>desertoS‚</strong></span> <span class='ocrx_word' id='word_1_128' title='bbox 2184 2168 2519 2234; x_wconf 84' lang='lat' dir='ltr'><strong>agnoscas</strong></span> <span class='ocrx_word' id='word_1_129' title='bbox 2546 2147 2711 2212; x_wconf 74' lang='lat' dir='ltr'><strong>lice·</strong></span> 
     </span>
     <span class='ocr_line' id='line_1_16' title="bbox 491 2243 2700 2335; baseline 0.002 -26"><span class='ocrx_word' id='word_1_130' title='bbox 491 2243 633 2313; x_wconf 84' lang='lat' dir='ltr'><strong>bit:</strong></span> <span class='ocrx_word' id='word_1_131' title='bbox 680 2267 961 2333; x_wconf 90' lang='lat' dir='ltr'><strong>quorum</strong></span> <span class='ocrx_word' id='word_1_132' title='bbox 1019 2252 1364 2335; x_wconf 78' lang='lat' dir='ltr'><strong>quidem·¹³</strong></span> <span class='ocrx_word' id='word_1_133' title='bbox 1435 2254 1717 2320; x_wconf 86' lang='lat' dir='ltr'><strong>alterum</strong></span> <span class='ocrx_word' id='word_1_134' title='bbox 1779 2252 2272 2321; x_wconf 86' lang='lat' dir='ltr'><strong>demonstratur</strong></span> <span class='ocrx_word' id='word_1_135' title='bbox 2330 2272 2416 2318; x_wconf 86' lang='lat' dir='ltr'><strong>ex</strong></span> <span class='ocrx_word' id='word_1_136' title='bbox 2471 2251 2700 2318; x_wconf 87' lang='lat' dir='ltr'><strong>altero.</strong></span> 
     </span>
     <span class='ocr_line' id='line_1_17' title="bbox 495 2347 2701 2443; baseline 0.002 -30"><span class='ocrx_word' id='word_1_137' title='bbox 495 2347 680 2414; x_wconf 89' lang='lat' dir='ltr'><strong>Nam</strong></span> <span class='ocrx_word' id='word_1_138' title='bbox 712 2371 870 2417; x_wconf 90' lang='lat' dir='ltr'><strong>cum</strong></span> <span class='ocrx_word' id='word_1_139' title='bbox 896 2353 1146 2420; x_wconf 84' lang='lat' dir='ltr'><strong>bonum</strong></span> <span class='ocrx_word' id='word_1_140' title='bbox 1176 2358 1565 2443; x_wconf 89' lang='lat' dir='ltr'><strong>malumque</strong></span> <span class='ocrx_word' id='word_1_141' title='bbox 1615 2356 1948 2423; x_wconf 86' lang='lat' dir='ltr'><strong>contraria</strong></span> <span class='ocrx_word' id='word_1_142' title='bbox 1993 2357 2150 2437; x_wconf 84' lang='lat' dir='ltr'><strong>sint,</strong></span> <span class='ocrx_word' id='word_1_143' title='bbox 2201 2357 2262 2423; x_wconf 87' lang='lat' dir='ltr'><strong>si</strong></span> <span class='ocrx_word' id='word_1_144' title='bbox 2298 2358 2550 2423; x_wconf 89' lang='lat' dir='ltr'><strong>bonum</strong></span> <span class='ocrx_word' id='word_1_145' title='bbox 2579 2373 2701 2439; x_wconf 91' lang='lat' dir='ltr'><strong>po-</strong></span> 
     </span>
     <span class='ocr_line' id='line_1_18' title="bbox 496 2455 2703 2546; baseline 0.003 -29"><span class='ocrx_word' id='word_1_146' title='bbox 496 2455 646 2518; x_wconf 84' lang='lat' dir='ltr'><strong>tens</strong></span> <span class='ocrx_word' id='word_1_147' title='bbox 674 2474 823 2521; x_wconf 87' lang='lat' dir='ltr'><strong>esse</strong></span> <span class='ocrx_word' id='word_1_148' title='bbox 853 2458 1248 2539; x_wconf 88' lang='lat' dir='ltr'><strong>constiterit,</strong></span> <span class='ocrx_word' id='word_1_149' title='bbox 1291 2461 1502 2546; x_wconf 88' lang='lat' dir='ltr'><strong>liquet</strong></span> <span class='ocrx_word' id='word_1_150' title='bbox 1548 2460 1985 2527; x_wconf 82' lang='lat' dir='ltr'><strong>imbecillitas</strong></span> <span class='ocrx_word' id='word_1_151' title='bbox 2014 2461 2217 2528; x_wconf 83' lang='lat' dir='ltr'><strong>mali:</strong></span> <span class='ocrx_word' id='word_1_152' title='bbox 2264 2469 2337 2527; x_wconf 88' lang='lat' dir='ltr'><strong>at</strong></span> <span class='ocrx_word' id='word_1_153' title='bbox 2365 2462 2426 2527; x_wconf 88' lang='lat' dir='ltr'><strong>si</strong></span> <span class='ocrx_word' id='word_1_154' title='bbox 2455 2459 2703 2544; x_wconf 79' lang='lat' dir='ltr'><strong>fragili-</strong></span> 
     </span>
     <span class='ocr_line' id='line_1_19' title="bbox 491 2558 2702 2644; baseline 0.003 -22"><span class='ocrx_word' id='word_1_155' title='bbox 491 2561 601 2622; x_wconf 86' lang='lat' dir='ltr'><strong>tas</strong></span> <span class='ocrx_word' id='word_1_156' title='bbox 630 2558 963 2627; x_wconf 83' lang='lat' dir='ltr'><strong>clarescat</strong></span> <span class='ocrx_word' id='word_1_157' title='bbox 1003 2564 1186 2644; x_wconf 88' lang='lat' dir='ltr'><strong>mali‚</strong></span> <span class='ocrx_word' id='word_1_158' title='bbox 1238 2566 1396 2630; x_wconf 90' lang='lat' dir='ltr'><strong>boni</strong></span> <span class='ocrx_word' id='word_1_159' title='bbox 1445 2565 1727 2631; x_wconf 85' lang='lat' dir='ltr'><strong>firmitas</strong></span> <span class='ocrx_word' id='word_1_160' title='bbox 1754 2571 1917 2632; x_wconf 89' lang='lat' dir='ltr'><strong>nota</strong></span> <span class='ocrx_word' id='word_1_161' title='bbox 1945 2572 2071 2634; x_wconf 90' lang='lat' dir='ltr'><strong>est.</strong></span> <span class='ocrx_word' id='word_1_162' title='bbox 2160 2566 2298 2632; x_wconf 88' lang='lat' dir='ltr'><strong>Sed</strong></span> <span class='ocrx_word' id='word_1_163' title='bbox 2325 2566 2426 2631; x_wconf 87' lang='lat' dir='ltr'><strong>uti</strong></span> <span class='ocrx_word' id='word_1_164' title='bbox 2456 2569 2702 2633; x_wconf 74' lang='lat' dir='ltr'><strong>nostrae</strong></span> 
     </span>
     <span class='ocr_line' id='line_1_20' title="bbox 494 2661 2703 2754; baseline 0.004 -30"><span class='ocrx_word' id='word_1_165' title='bbox 494 2661 853 2729; x_wconf 76' lang='lat' dir='ltr'><strong>s&#39;ententiae</strong></span> <span class='ocrx_word' id='word_1_166' title='bbox 883 2664 1049 2731; x_wconf 83' lang='lat' dir='ltr'><strong>fides</strong></span> <span class='ocrx_word' id='word_1_167' title='bbox 1081 2669 1522 2736; x_wconf 88' lang='lat' dir='ltr'><strong>abundantior</strong></span> <span class='ocrx_word' id='word_1_168' title='bbox 1563 2669 1680 2750; x_wconf 86' lang='lat' dir='ltr'><strong>sit,</strong></span> <span class='ocrx_word' id='word_1_169' title='bbox 1726 2670 2048 2737; x_wconf 85' lang='lat' dir='ltr'><strong>alterutro</strong></span> <span class='ocrx_word' id='word_1_170' title='bbox 2098 2670 2270 2737; x_wconf 88' lang='lat' dir='ltr'><strong>calle</strong></span> <span class='ocrx_word' id='word_1_171' title='bbox 2321 2668 2703 2754; x_wconf 87' lang='lat' dir='ltr'><strong>procedam,</strong></span> 
     </span>
     <span class='ocr_line' id='line_1_21' title="bbox 490 2766 2709 2859; baseline 0.005 -32"><span class='ocrx_word' id='word_1_172' title='bbox 490 2782 673 2830; x_wconf 84' lang='lat' dir='ltr'><strong>nunc</strong></span> <span class='ocrx_word' id='word_1_173' title='bbox 703 2766 882 2848; x_wconf 89' lang='lat' dir='ltr'><strong>hinc,</strong></span> <span class='ocrx_word' id='word_1_174' title='bbox 932 2791 1109 2837; x_wconf 89' lang='lat' dir='ltr'><strong>nunc</strong></span> <span class='ocrx_word' id='word_1_175' title='bbox 1160 2772 1319 2838; x_wconf 88' lang='lat' dir='ltr'><strong>inde</strong></span> <span class='ocrx_word' id='word_1_176' title='bbox 1365 2776 1727 2859; x_wconf 86' lang='lat' dir='ltr'><strong>proposita</strong></span> <span class='ocrx_word' id='word_1_177' title='bbox 1781 2774 2206 2841; x_wconf 87' lang='lat' dir='ltr'><strong>confirmans.</strong></span> <span class='ocrx_word' id='word_1_178' title='bbox 2296 2774 2464 2840; x_wconf 89' lang='lat' dir='ltr'><strong>Duo</strong></span> <span class='ocrx_word' id='word_1_179' title='bbox 2506 2777 2709 2838; x_wconf 62' lang='lat' dir='ltr'><strong>sunt*</strong></span> 
     </span>
     <span class='ocr_line' id='line_1_22' title="bbox 491 2867 2701 2958; baseline 0.003 -27"><span class='ocrx_word' id='word_1_180' title='bbox 491 2867 738 2950; x_wconf 88' lang='lat' dir='ltr'><strong>quibus</strong></span> <span class='ocrx_word' id='word_1_181' title='bbox 766 2874 983 2939; x_wconf 85' lang='lat' dir='ltr'><strong>omnis</strong></span> <span class='ocrx_word' id='word_1_182' title='bbox 1013 2876 1449 2942; x_wconf 88' lang='lat' dir='ltr'><strong>humanorum</strong></span> <span class='ocrx_word' id='word_1_183' title='bbox 1488 2885 1764 2943; x_wconf 86' lang='lat' dir='ltr'><strong>actuum</strong></span> <span class='ocrx_word' id='word_1_184' title='bbox 1813 2883 2079 2944; x_wconf 87' lang='lat' dir='ltr'><strong>constat</strong></span> <span class='ocrx_word' id='word_1_185' title='bbox 2108 2874 2426 2958; x_wconf 83' lang='lat' dir='ltr'><strong>effectus;</strong></span> <span class='ocrx_word' id='word_1_186' title='bbox 2470 2875 2701 2942; x_wconf 87' lang='lat' dir='ltr'><strong>volun·</strong></span> 
     </span>
     <span class='ocr_line' id='line_1_23' title="bbox 492 2973 2704 3065; baseline 0.003 -29"><span class='ocrx_word' id='word_1_187' title='bbox 492 2975 604 3037; x_wconf 86' lang='lat' dir='ltr'><strong>tas</strong></span> <span class='ocrx_word' id='word_1_188' title='bbox 634 2973 916 3057; x_wconf 87' lang='lat' dir='ltr'><strong>scilicet,</strong></span> <span class='ocrx_word' id='word_1_189' title='bbox 943 2997 1026 3043; x_wconf 90' lang='lat' dir='ltr'><strong>ac</strong></span> <span class='ocrx_word' id='word_1_190' title='bbox 1057 2985 1411 3064; x_wconf 82' lang='lat' dir='ltr'><strong>potestas:</strong></span> <span class='ocrx_word' id='word_1_191' title='bbox 1459 3000 1745 3065; x_wconf 90' lang='lat' dir='ltr'><strong>quorum</strong></span> <span class='ocrx_word' id='word_1_192' title='bbox 1796 2981 1859 3046; x_wconf 86' lang='lat' dir='ltr'><strong>si</strong></span> <span class='ocrx_word' id='word_1_193' title='bbox 1889 2981 2283 3047; x_wconf 87' lang='lat' dir='ltr'><strong>alterutrum</strong></span> <span class='ocrx_word' id='word_1_194' title='bbox 2311 2978 2512 3058; x_wconf 85' lang='lat' dir='ltr'><strong>desit,</strong></span> <span class='ocrx_word' id='word_1_195' title='bbox 2540 2976 2704 3043; x_wconf 88' lang='lat' dir='ltr'><strong>nihil</strong></span> 
     </span>
    </p>
   </div>
   <div class='ocr_carea' id='block_1_8' title="bbox 557 3154 1327 3216">
    <p class='ocr_par' dir='ltr' id='par_1_8' title="bbox 557 3154 1327 3216">
     <span class='ocr_line' id='line_1_24' title="bbox 557 3154 1327 3216; baseline 0 -1"><span class='ocrx_word' id='word_1_196' title='bbox 557 3154 584 3189; x_wconf 79' lang='lat'><strong>¹⁸</strong></span> <span class='ocrx_word' id='word_1_197' title='bbox 617 3158 830 3216; x_wconf 69' lang='lat' dir='ltr'><strong>Quanta.</strong></span> <span class='ocrx_word' id='word_1_198' title='bbox 1023 3161 1041 3197; x_wconf 78' lang='lat'>²</span> <span class='ocrx_word' id='word_1_199' title='bbox 1075 3163 1327 3216; x_wconf 67' lang='lat' dir='ltr'><strong>neten-des.</strong></span> 
     </span>
    </p>
   </div>
   <div class='ocr_carea' id='block_1_9' title="bbox 1425 3260 1782 3283">
    <p class='ocr_par' dir='ltr' id='par_1_9' title="bbox 1425 3260 1782 3283">
     <span class='ocr_line' id='line_1_25' title="bbox 1425 3260 1782 3283; baseline 0.003 -1"><span class='ocrx_word' id='word_1_200' title='bbox 1425 3260 1782 3283; x_wconf 57' lang='lat' dir='ltr'><strong>“teocam“</strong></span> 
     </span>
    </p>
   </div>
   <div class='ocr_carea' id='block_1_10' title="bbox 557 3333 2703 3557">
    <p class='ocr_par' dir='ltr' id='par_1_10' title="bbox 557 3333 2703 3557">
     <span class='ocr_line' id='line_1_26' title="bbox 557 3333 2703 3427; baseline 0.004 -25"><span class='ocrx_word' id='word_1_201' title='bbox 557 3356 621 3403; x_wconf 75' lang='lat'><strong>13</strong></span> <span class='ocrx_word' id='word_1_202' title='bbox 655 3333 793 3409; x_wconf 84' lang='lat' dir='ltr'><strong>Edd.</strong></span> <span class='ocrx_word' id='word_1_203' title='bbox 817 3357 1013 3425; x_wconf 88' lang='lat' dir='ltr'><strong>Delph.</strong></span> <span class='ocrx_word' id='word_1_204' title='bbox 1036 3365 1093 3412; x_wconf 91' lang='lat' dir='ltr'><strong>et</strong></span> <span class='ocrx_word' id='word_1_205' title='bbox 1117 3360 1289 3415; x_wconf 87' lang='lat' dir='ltr'><strong>Hack.</strong></span> <span class='ocrx_word' id='word_1_206' title='bbox 1305 3361 1558 3414; x_wconf 88' lang='lat' dir='ltr'><strong>omittunt</strong></span> <span class='ocrx_word' id='word_1_207' title='bbox 1574 3362 1816 3413; x_wconf 80' lang='lat' dir='ltr'><strong>voculam</strong></span> <span class='ocrx_word' id='word_1_208' title='bbox 1832 3359 2168 3427; x_wconf 61' lang='lat' dir='ltr'><strong>quidem-14</strong></span> <span class='ocrx_word' id='word_1_209' title='bbox 2193 3357 2346 3416; x_wconf 75' lang='lat' dir='ltr'><strong>Quem</strong></span> <span class='ocrx_word' id='word_1_210' title='bbox 2366 3371 2478 3409; x_wconf 79' lang='lat' dir='ltr'><strong>vero</strong></span> <span class='ocrx_word' id='word_1_211' title='bbox 2496 3352 2703 3422; x_wconf 60' lang='lat' dir='ltr'><strong>affecit&amp;</strong></span> 
     </span>
     <span class='ocr_line' id='line_1_27' title="bbox 1496 3506 1711 3557; baseline -0.005 0"><span class='ocrx_word' id='word_1_212' title='bbox 1496 3506 1711 3557; x_wconf 83' lang='lat' dir='ltr'>NOTAE</span> 
     </span>
    </p>
   </div>
   <div class='ocr_carea' id='block_1_11' title="bbox 493 3615 1564 4382">
    <p class='ocr_par' dir='ltr' id='par_1_11' title="bbox 493 3615 1564 4068">
     <span class='ocr_line' id='line_1_28' title="bbox 558 3615 1564 3687; baseline 0.008 -22"><span class='ocrx_word' id='word_1_213' title='bbox 558 3621 583 3648; x_wconf 67' lang='grc' dir='ltr'>θ</span> <span class='ocrx_word' id='word_1_214' title='bbox 602 3615 779 3681; x_wconf 78' lang='lat' dir='ltr'><strong>Papae]</strong></span> <span class='ocrx_word' id='word_1_215' title='bbox 830 3617 846 3647; x_wconf 86' lang='lat'>‘</span> <span class='ocrx_word' id='word_1_216' title='bbox 865 3617 1067 3682; x_wconf 80' lang='lat' dir='ltr'><strong>Papae‚&#39;</strong></span> <span class='ocrx_word' id='word_1_217' title='bbox 1101 3619 1212 3671; x_wconf 76' lang='lat' dir='ltr'><strong>sive</strong></span> <span class='ocrx_word' id='word_1_218' title='bbox 1246 3626 1306 3670; x_wconf 85' lang='lat' dir='ltr'><strong>ut</strong></span> <span class='ocrx_word' id='word_1_219' title='bbox 1336 3621 1564 3687; x_wconf 82' lang='lat' dir='ltr'><strong>loquitur</strong></span> 
     </span>
     <span class='ocr_line' id='line_1_29' title="bbox 493 3694 1562 3763; baseline 0.005 -18"><span class='ocrx_word' id='word_1_220' title='bbox 493 3694 717 3745; x_wconf 77' lang='lat' dir='ltr'><strong>Plautus</strong></span> <span class='ocrx_word' id='word_1_221' title='bbox 738 3698 752 3723; x_wconf 89' lang='lat'>‘</span> <span class='ocrx_word' id='word_1_222' title='bbox 776 3695 962 3759; x_wconf 80' lang='lat' dir='ltr'><strong>babae,&#39;</strong></span> <span class='ocrx_word' id='word_1_223' title='bbox 1007 3704 1089 3747; x_wconf 76' lang='lat' dir='ltr'><strong>est</strong></span> <span class='ocrx_word' id='word_1_224' title='bbox 1129 3698 1432 3763; x_wconf 82' lang='lat' dir='ltr'><strong>interjectio</strong></span> <span class='ocrx_word' id='word_1_225' title='bbox 1472 3700 1562 3751; x_wconf 86' lang='lat' dir='ltr'><strong>ho·</strong></span> 
     </span>
     <span class='ocr_line' id='line_1_30' title="bbox 493 3773 1560 3845; baseline 0.006 -23"><span class='ocrx_word' id='word_1_226' title='bbox 493 3773 647 3823; x_wconf 79' lang='lat' dir='ltr'><strong>minis</strong></span> <span class='ocrx_word' id='word_1_227' title='bbox 666 3773 801 3824; x_wconf 88' lang='lat' dir='ltr'><strong>mira</strong></span> <span class='ocrx_word' id='word_1_228' title='bbox 831 3773 1006 3825; x_wconf 72' lang='lat' dir='ltr'><strong>subito</strong></span> <span class='ocrx_word' id='word_1_229' title='bbox 1026 3775 1331 3841; x_wconf 85' lang='lat' dir='ltr'><strong>accipientis</strong></span> <span class='ocrx_word' id='word_1_230' title='bbox 1351 3793 1367 3839; x_wconf 71' lang='grc' dir='ltr'>ς</span> <span class='ocrx_word' id='word_1_231' title='bbox 1401 3778 1560 3845; x_wconf 87' lang='lat' dir='ltr'><strong>qnod,</strong></span> 
     </span>
     <span class='ocr_line' id='line_1_31' title="bbox 495 3848 1562 3917; baseline 0.006 -19"><span class='ocrx_word' id='word_1_232' title='bbox 495 3855 555 3899; x_wconf 83' lang='lat' dir='ltr'><strong>ut</strong></span> <span class='ocrx_word' id='word_1_233' title='bbox 578 3848 899 3913; x_wconf 78' lang='lat' dir='ltr'><strong>conjicimus,</strong></span> <span class='ocrx_word' id='word_1_234' title='bbox 930 3849 1010 3899; x_wconf 66' lang='lat' dir='ltr'><strong>ho</strong></span> <span class='ocrx_word' id='word_1_235' title='bbox 1049 3865 1204 3903; x_wconf 84' lang='lat' dir='ltr'><strong>voces</strong></span> <span class='ocrx_word' id='word_1_236' title='bbox 1241 3853 1419 3917; x_wconf 77' lang='lat' dir='ltr'><strong>primae</strong></span> <span class='ocrx_word' id='word_1_237' title='bbox 1452 3856 1562 3905; x_wconf 80' lang='lat' dir='ltr'><strong>sint</strong></span> 
     </span>
     <span class='ocr_line' id='line_1_32' title="bbox 495 3926 1560 3992; baseline 0.006 -17"><span class='ocrx_word' id='word_1_238' title='bbox 495 3935 624 3990; x_wconf 78' lang='lat' dir='ltr'><strong>quas</strong></span> <span class='ocrx_word' id='word_1_239' title='bbox 663 3926 832 3989; x_wconf 85' lang='lat' dir='ltr'><strong>pueri,</strong></span> <span class='ocrx_word' id='word_1_240' title='bbox 853 3926 1024 3977; x_wconf 87' lang='lat' dir='ltr'><strong>omnia</strong></span> <span class='ocrx_word' id='word_1_241' title='bbox 1053 3934 1114 3978; x_wconf 91' lang='lat' dir='ltr'><strong>ut</strong></span> <span class='ocrx_word' id='word_1_242' title='bbox 1149 3927 1445 3992; x_wconf 80' lang='lat' dir='ltr'><strong>ignorantes</strong></span> <span class='ocrx_word' id='word_1_243' title='bbox 1483 3931 1560 3981; x_wconf 67' lang='lat' dir='ltr'><strong>sic</strong></span> 
     </span>
     <span class='ocr_line' id='line_1_33' title="bbox 495 4002 1339 4068; baseline 0.005 -15"><span class='ocrx_word' id='word_1_244' title='bbox 495 4002 836 4068; x_wconf 80' lang='lat' dir='ltr'><strong>admirantes,</strong></span> <span class='ocrx_word' id='word_1_245' title='bbox 855 4002 1091 4068; x_wconf 83' lang='lat' dir='ltr'><strong>proferre</strong></span> <span class='ocrx_word' id='word_1_246' title='bbox 1112 4006 1339 4057; x_wconf 83' lang='lat' dir='ltr'><strong>soleant.</strong></span> 
     </span>
    </p>

    <p class='ocr_par' dir='ltr' id='par_1_12' title="bbox 493 4076 1564 4382">
     <span class='ocr_line' id='line_1_34' title="bbox 561 4076 1563 4150; baseline 0.003 -19"><span class='ocrx_word' id='word_1_247' title='bbox 561 4076 584 4116; x_wconf 71' lang='lat'><strong><em>¹</em></strong></span> <span class='ocrx_word' id='word_1_248' title='bbox 604 4081 827 4132; x_wconf 55' lang='lat' dir='ltr'><strong>Primum</strong></span> <span class='ocrx_word' id='word_1_249' title='bbox 865 4082 1038 4145; x_wconf 66' lang='lat' dir='ltr'><strong>igitur,</strong></span> <span class='ocrx_word' id='word_1_250' title='bbox 1073 4084 1180 4149; x_wconf 58' lang='grc' dir='ltr'><strong>ξω]</strong></span> <span class='ocrx_word' id='word_1_251' title='bbox 1226 4083 1563 4150; x_wconf 82' lang='lat' dir='ltr'><strong>Philosophia</strong></span> 
     </span>
     <span class='ocr_line' id='line_1_35' title="bbox 493 4157 1564 4225; baseline 0 -16"><span class='ocrx_word' id='word_1_252' title='bbox 493 4160 765 4224; x_wconf 85' lang='lat' dir='ltr'><strong>proponit,</strong></span> <span class='ocrx_word' id='word_1_253' title='bbox 799 4157 936 4225; x_wconf 90' lang='lat' dir='ltr'><strong>quod</strong></span> <span class='ocrx_word' id='word_1_254' title='bbox 975 4160 1073 4210; x_wconf 79' lang='lat' dir='ltr'><strong>sibi</strong></span> <span class='ocrx_word' id='word_1_255' title='bbox 1110 4160 1165 4209; x_wconf 87' lang='lat' dir='ltr'><strong>in</strong></span> <span class='ocrx_word' id='word_1_256' title='bbox 1203 4160 1304 4211; x_wconf 86' lang='lat' dir='ltr'><strong>hac</strong></span> <span class='ocrx_word' id='word_1_257' title='bbox 1326 4161 1564 4211; x_wconf 86' lang='lat' dir='ltr'><strong>oratione</strong></span> 
     </span>
     <span class='ocr_line' id='line_1_36' title="bbox 495 4236 1563 4301; baseline 0.004 -15"><span class='ocrx_word' id='word_1_258' title='bbox 495 4236 823 4301; x_wconf 87' lang='lat' dir='ltr'><strong>probandum</strong></span> <span class='ocrx_word' id='word_1_259' title='bbox 883 4236 1166 4300; x_wconf 50' lang='lat' dir='ltr'><strong>incumbitf</strong></span> <span class='ocrx_word' id='word_1_260' title='bbox 1208 4238 1461 4289; x_wconf 82' lang='lat' dir='ltr'><strong>videlicet</strong></span> <span class='ocrx_word' id='word_1_261' title='bbox 1505 4246 1563 4290; x_wconf 90' lang='lat' dir='ltr'><strong>et</strong></span> 
     </span>
     <span class='ocr_line' id='line_1_37' title="bbox 499 4313 1560 4382; baseline 0.004 -18"><span class='ocrx_word' id='word_1_262' title='bbox 499 4313 691 4378; x_wconf 83' lang='lat' dir='ltr'><strong>probos</strong></span> <span class='ocrx_word' id='word_1_263' title='bbox 717 4321 960 4379; x_wconf 83' lang='lat' dir='ltr'><strong>potentes</strong></span> <span class='ocrx_word' id='word_1_264' title='bbox 998 4321 1055 4366; x_wconf 86' lang='lat' dir='ltr'><strong>et</strong></span> <span class='ocrx_word' id='word_1_265' title='bbox 1100 4316 1362 4381; x_wconf 82' lang='lat' dir='ltr'><strong>improbos</strong></span> <span class='ocrx_word' id='word_1_266' title='bbox 1396 4316 1560 4382; x_wconf 81' lang='lat' dir='ltr'><strong>impo-</strong></span> 
     </span>
    </p>
   </div>
   <div class='ocr_carea' id='block_1_12' title="bbox 1641 3610 2715 4376">
    <p class='ocr_par' dir='ltr' id='par_1_13' title="bbox 1641 3610 2713 3825">
     <span class='ocr_line' id='line_1_38' title="bbox 1643 3610 2713 3682; baseline -0.012 -9"><span class='ocrx_word' id='word_1_267' title='bbox 1643 3628 1853 3673; x_wconf 65' lang='lat' dir='ltr'><strong>tentes:</strong></span> <span class='ocrx_word' id='word_1_268' title='bbox 1912 3620 1968 3671; x_wconf 90' lang='lat' dir='ltr'><strong>id</strong></span> <span class='ocrx_word' id='word_1_269' title='bbox 2009 3626 2184 3671; x_wconf 81' lang='lat' dir='ltr'><strong>autem</strong></span> <span class='ocrx_word' id='word_1_270' title='bbox 2227 3615 2476 3682; x_wconf 81' lang='lat' dir='ltr'><strong>probabit</strong></span> <span class='ocrx_word' id='word_1_271' title='bbox 2518 3610 2713 3678; x_wconf 86' lang='lat' dir='ltr'><strong>triplici.</strong></span> 
     </span>
     <span class='ocr_line' id='line_1_39' title="bbox 1642 3698 2711 3765; baseline -0.009 -16"><span class='ocrx_word' id='word_1_272' title='bbox 1642 3705 2065 3765; x_wconf 81' lang='lat' dir='ltr'><strong>argumentorum</strong></span> <span class='ocrx_word' id='word_1_273' title='bbox 2100 3710 2312 3762; x_wconf 69' lang='lat' dir='ltr'><strong>genere,</strong></span> <span class='ocrx_word' id='word_1_274' title='bbox 2347 3708 2464 3760; x_wconf 81' lang='lat' dir='ltr'><strong>quae</strong></span> <span class='ocrx_word' id='word_1_275' title='bbox 2502 3698 2711 3742; x_wconf 59' lang='lat' dir='ltr'><strong>contra-</strong></span> 
     </span>
     <span class='ocr_line' id='line_1_40' title="bbox 1641 3774 2482 3825; baseline -0.005 0"><span class='ocrx_word' id='word_1_276' title='bbox 1641 3775 1769 3825; x_wconf 86' lang='lat' dir='ltr'><strong>here</strong></span> <span class='ocrx_word' id='word_1_277' title='bbox 1788 3774 2107 3825; x_wconf 87' lang='lat' dir='ltr'><strong>conabimur.</strong></span> <span class='ocrx_word' id='word_1_278' title='bbox 2479 3806 2482 3809; x_wconf 82' lang='lat'>-</span> 
     </span>
    </p>

    <p class='ocr_par' dir='ltr' id='par_1_14' title="bbox 1641 3844 2715 4376">
     <span class='ocr_line' id='line_1_41' title="bbox 1706 3844 2702 3916; baseline -0.011 -12"><span class='ocrx_word' id='word_1_279' title='bbox 1706 3860 1734 3897; x_wconf 72' lang='lat'><strong>⁸</strong></span> <span class='ocrx_word' id='word_1_280' title='bbox 1758 3854 1873 3904; x_wconf 78' lang='lat' dir='ltr'><strong>Duo</strong></span> <span class='ocrx_word' id='word_1_281' title='bbox 1891 3848 2144 3916; x_wconf 46' lang='lat' dir='ltr'><strong>&amp;tuq-cd</strong></span> <span class='ocrx_word' id='word_1_282' title='bbox 2191 3861 2233 3898; x_wconf 78' lang='grc' dir='ltr'><strong>ι.</strong></span> <span class='ocrx_word' id='word_1_283' title='bbox 2268 3844 2582 3910; x_wconf 73' lang='lat' dir='ltr'><strong>Argumeuti</strong></span> <span class='ocrx_word' id='word_1_284' title='bbox 2620 3857 2702 3908; x_wconf 83' lang='lat' dir='ltr'><strong>ge-</strong></span> 
     </span>
     <span class='ocr_line' id='line_1_42' title="bbox 1641 3919 2709 3993; baseline -0.012 -11"><span class='ocrx_word' id='word_1_285' title='bbox 1641 3945 1756 3981; x_wconf 73' lang='lat' dir='ltr'><strong>nus.</strong></span> <span class='ocrx_word' id='word_1_286' title='bbox 1820 3929 2153 3993; x_wconf 78' lang='lat' dir='ltr'><strong>Quicumque</strong></span> <span class='ocrx_word' id='word_1_287' title='bbox 2189 3925 2340 3974; x_wconf 86' lang='lat' dir='ltr'><strong>homo</strong></span> <span class='ocrx_word' id='word_1_288' title='bbox 2381 3923 2435 3973; x_wconf 90' lang='lat' dir='ltr'><strong>id</strong></span> <span class='ocrx_word' id='word_1_289' title='bbox 2469 3919 2709 3986; x_wconf 79' lang='lat' dir='ltr'><strong>adipisci-</strong></span> 
     </span>
     <span class='ocr_line' id='line_1_43' title="bbox 1642 3997 2704 4070; baseline -0.01 -14"><span class='ocrx_word' id='word_1_290' title='bbox 1642 4012 1729 4056; x_wconf 88' lang='lat' dir='ltr'><strong>tur</strong></span> <span class='ocrx_word' id='word_1_291' title='bbox 1749 4003 1887 4070; x_wconf 87' lang='lat' dir='ltr'><strong>qnod</strong></span> <span class='ocrx_word' id='word_1_292' title='bbox 1904 4004 2038 4064; x_wconf 84' lang='lat' dir='ltr'><strong>vult,</strong></span> <span class='ocrx_word' id='word_1_293' title='bbox 2062 4003 2106 4052; x_wconf 83' lang='lat' dir='ltr'><strong>ia</strong></span> <span class='ocrx_word' id='word_1_294' title='bbox 2131 4006 2316 4065; x_wconf 74' lang='lat' dir='ltr'><strong>potens</strong></span> <span class='ocrx_word' id='word_1_295' title='bbox 2326 4005 2443 4049; x_wconf 73' lang='lat' dir='ltr'><strong>estz</strong></span> <span class='ocrx_word' id='word_1_296' title='bbox 2479 3997 2704 4062; x_wconf 75' lang='lat' dir='ltr'><strong>quicum·</strong></span> 
     </span>
     <span class='ocr_line' id='line_1_44' title="bbox 1642 4071 2704 4150; baseline -0.012 -16"><span class='ocrx_word' id='word_1_297' title='bbox 1642 4098 1743 4150; x_wconf 87' lang='lat' dir='ltr'><strong>que</strong></span> <span class='ocrx_word' id='word_1_298' title='bbox 1760 4096 1886 4132; x_wconf 87' lang='lat' dir='ltr'><strong>vero</strong></span> <span class='ocrx_word' id='word_1_299' title='bbox 1910 4079 2024 4130; x_wconf 85' lang='lat' dir='ltr'><strong>vult</strong></span> <span class='ocrx_word' id='word_1_300' title='bbox 2059 4074 2274 4142; x_wconf 82' lang='lat' dir='ltr'><strong>aliquid,</strong></span> <span class='ocrx_word' id='word_1_301' title='bbox 2310 4073 2449 4141; x_wconf 87' lang='lat' dir='ltr'><strong>quod</strong></span> <span class='ocrx_word' id='word_1_302' title='bbox 2478 4087 2581 4123; x_wconf 90' lang='lat' dir='ltr'><strong>non</strong></span> <span class='ocrx_word' id='word_1_303' title='bbox 2601 4071 2704 4123; x_wconf 83' lang='lat' dir='ltr'><strong>adi·</strong></span> 
     </span>
     <span class='ocr_line' id='line_1_45' title="bbox 1644 4149 2704 4228; baseline -0.012 -15"><span class='ocrx_word' id='word_1_304' title='bbox 1644 4160 1887 4228; x_wconf 79' lang='lat' dir='ltr'><strong>piscitnr,</strong></span> <span class='ocrx_word' id='word_1_305' title='bbox 1905 4157 1951 4208; x_wconf 77' lang='lat' dir='ltr'><strong>is</strong></span> <span class='ocrx_word' id='word_1_306' title='bbox 1974 4163 2057 4208; x_wconf 81' lang='lat' dir='ltr'><strong>est</strong></span> <span class='ocrx_word' id='word_1_307' title='bbox 2075 4157 2332 4220; x_wconf 82' lang='lat' dir='ltr'><strong>impotens</strong></span> <span class='ocrx_word' id='word_1_308' title='bbox 2352 4170 2367 4204; x_wconf 75' lang='lat' dir='ltr'>z</span> <span class='ocrx_word' id='word_1_309' title='bbox 2396 4151 2535 4219; x_wconf 87' lang='lat' dir='ltr'><strong>quod</strong></span> <span class='ocrx_word' id='word_1_310' title='bbox 2556 4149 2704 4201; x_wconf 85' lang='lat' dir='ltr'><strong>effec-</strong></span> 
     </span>
     <span class='ocr_line' id='line_1_46' title="bbox 1642 4230 2715 4299; baseline -0.013 -8"><span class='ocrx_word' id='word_1_311' title='bbox 1642 4247 1728 4291; x_wconf 82' lang='lat' dir='ltr'><strong>tus</strong></span> <span class='ocrx_word' id='word_1_312' title='bbox 1741 4241 2008 4299; x_wconf 81' lang='lat' dir='ltr'><strong>humanus,</strong></span> <span class='ocrx_word' id='word_1_313' title='bbox 2027 4234 2167 4285; x_wconf 90' lang='lat' dir='ltr'><strong>unde</strong></span> <span class='ocrx_word' id='word_1_314' title='bbox 2183 4233 2299 4299; x_wconf 80' lang='lat' dir='ltr'><strong>quis</strong></span> <span class='ocrx_word' id='word_1_315' title='bbox 2309 4230 2583 4296; x_wconf 86' lang='lat' dir='ltr'><strong>judicatur</strong></span> <span class='ocrx_word' id='word_1_316' title='bbox 2594 4241 2715 4279; x_wconf 81' lang='lat' dir='ltr'><strong>esse-</strong></span> 
     </span>
     <span class='ocr_line' id='line_1_47' title="bbox 1642 4306 2698 4376; baseline -0.011 -9"><span class='ocrx_word' id='word_1_317' title='bbox 1642 4317 1724 4370; x_wconf 84' lang='lat' dir='ltr'><strong>vel</strong></span> <span class='ocrx_word' id='word_1_318' title='bbox 1748 4330 1848 4368; x_wconf 87' lang='lat' dir='ltr'><strong>non</strong></span> <span class='ocrx_word' id='word_1_319' title='bbox 1872 4328 1989 4365; x_wconf 78' lang='lat' dir='ltr'><strong>esse</strong></span> <span class='ocrx_word' id='word_1_320' title='bbox 2028 4319 2236 4376; x_wconf 81' lang='lat' dir='ltr'><strong>potens,</strong></span> <span class='ocrx_word' id='word_1_321' title='bbox 2272 4306 2698 4363; x_wconf 76' lang='lat' dir='ltr'><strong>necessitudinem</strong></span> 
     </span>
    </p>
   </div>
  </div>
 </body>
</html>
