3049 4928
960 418 1480 470 Pultiosot‘mffi
1536 421 1676 468 mu.
1727 421 1827 468 IV.

654 570 896 656 Hydra
929 570 1276 635 combusto
1304 569 1511 652 periit
1542 586 1797 634 veneno
1820 562 1882 632 :¹¹

657 673 902 740 Fronte
933 679 1242 757 turpatus
1266 678 1317 723 ¹⁹
1360 669 1708 737 Achelous
1737 668 1996 750 amum,¹

658 777 797 843 Ora
826 778 1136 849 demersit
1164 777 1566 863 pudibunda
1593 776 1799 860 ripis:

654 881 910 948 Stravit
937 878 1247 946 Antaeum
1275 880 1568 965 'Libycis
1596 880 1817 945 arenis
1836 900 1853 944 :
1870 886 1910 916 ¹⁸¹

657 984 881 1050 Cacus
913 983 1209 1049 Evandri
1239 984 1513 1049 satiavit
1542 984 1680 1049 iras
1707 990 1771 1049 :⁸

660 1088 985 1172 Quosque
1015 1105 1369 1171 pressurus
1397 1087 1566 1152 foret
1594 1087 1771 1151 altus
1804 1086 2011 1163 orbis»,

659 1192 916 1275 Setiger
944 1190 1203 1275 spumis
1232 1190 1555 1255 humeros
1583 1190 1885 1255 notavit:
1904 1197 1932 1225 ⁰

315 1397 545 1462 occubuit,
566 1397 665 1461 <ius
684 1414 860 1451 veneno
883 1399 1093 1451 extincto
1102 1397 1337 1465 flammis.
1384 1395 1616 1448 Achelous
1640 1399 1849 1465 fluvius,
1871 1399 2134 1461 infamatus
2160 1399 2295 1461 facie
2325 1404 2521 1464 propter

315 1480 454 1514 cornu
476 1469 708 1530 avulsum,
728 1467 925 1516 involvit
946 1467 1129 1515 vultum
1141 1465 1407 1529 pudendum
1428 1465 1531 1513 suis
1552 1464 1810 1514 littoribus.
1860 1467 1992 1516 Idem
2017 1465 2253 1516 Hercules
2281 1466 2523 1527 interfecit

315 1530 539 1580 Antoeum
562 1531 613 1581 i'u
634 1533 771 1596 agris
793 1531 959 1596 Libyoe
973 1549 989 1582 .·
1033 1533 1184 1580 Cocus
1203 1530 1261 1579 ab
1284 1532 1441 1578 eodem
1459 1526 1668 1580 Hercule
1690 1531 1868 1580 occisus
1887 1531 2166 1596 compescuit
2186 1533 2286 1581 irus
2312 1530 2526 1580 Evandri

314 1596 386 1644 sui
405 1597 685 1650 adversarii.
749 1599 881 1662 Aper
903 1597 1154 1647 maculavit
1177 1610 1263 1645 suu
1296 1609 1462 1659 spuma
1499 1597 1715 1646 humeros
1747 1597 1993 1662 Hert-udis,
2014 1612 2128 1663 quos
2148 1598 2312 1648 coelum
2333 1595 2525 1647 sublime

1242 1743 1540 1764 OOO‘OOOMO
1546 1744 1603 1764 CO

315 1839 643 1905 quibusdam,
686 1844 858 1894 Fronte
890 1850 1128 1909 turpatus.
1164 1860 1317 1911 quam
1341 1845 1623 1897 lectionem
1647 1851 1702 1896 et
1725 1844 1887 1896 Basil.
1918 1843 2002 1895 ed.
2024 1850 2175 1894 vetus
2201 1842 2436 1903 retinuit,
2471 1848 2529 1892 et

315 1905 591 1957 confirmat
612 1909 739 1959 illud
762 1908 976 1961 Senecae
1002 1911 1051 1960 in
1072 1911 1237 1962 Herc.
1258 1912 1370 1962 OEt.
1385 1928 1459 1963 vs.
1483 1916 1600 1963 495.
1621 1920 1677 1962 et
1696 1909 1863 1978 seqq!
1898 1910 2066 1960 Sitzm.
2106 1904 2231 1959 Vid.
2257 1910 2384 1960 Not.
2402 1906 2529 1958 Var.

1316 2059 1539 2111 NOTAE

314 2171 512 2224 Efferus
532 2173 759 2222 humana
774 2172 859 2239 qui
871 2172 1007 2237 dape
1023 2173 1165 2238 pavit
1180 2173 1389 2239 equos?

314 2250 416 2300 Sed
438 2256 721 2315 tyrannum
740 2250 880 2311 hunc
906 2251 1165 2302 Hercules
1201 2252 1387 2302 iisdem

317 2327 460 2392 equis
481 2327 842 2378 devorandum
865 2329 1080 2393 obJecit.

378 2404 402 2439 Β
435 2407 623 2473 Hydra
634 2407 870 2457 combusto
882 2407 1027 2472 periit
1043 2408 1237 2473 veneno]
1254 2407 1383 2474 Sep·

318 2484 471 2534 timus
493 2484 740 2533 Herculis
765 2484 932 2535 labor.
961 2485 1145 2549 Hydra
1169 2501 1383 2551 serpens

319 2576 421 2611 non
451 2563 622 2612 solum
648 2560 700 2610 in
727 2568 867 2611 terra
885 2562 1259 2626 vivax,verum
1284 2564 1387 2612 eti·

318 2652 399 2687 am
418 2638 471 2687 in
497 2638 670 2703 aquis,
691 2637 830 2687 unde
856 2638 931 2688 illi
952 2653 1142 2689 nomen
1178 2639 1245 2689 ab
1269 2637 1388 2704 ὕδωρ

318 2730 469 2780 aqua,
491 2716 545 2765 in
570 2714 745 2765 Lerna
766 2716 957 2779 palude
983 2715 1119 2766 inter
1133 2717 1387 2780 Mycenas

319 2801 372 2843 et
411 2791 591 2858 Argos
635 2792 940 2844 habitabat:
988 2808 1150 2858 quare
1199 2794 1392 2845 dicitur

320 2869 546 2919 Lernaea
570 2870 756 2934 pestis.
821 2871 1038 2935 Septem
1064 2878 1173 2935 aut,
1191 2879 1250 2921 nt
1274 2871 1391 2921 aliis

317 2948 515 3010 placet,
539 2947 920 3013 quinquaginta
945 2949 1175 2999 habebat
1196 2949 1393 3015 capita,

319 3039 544 3088 quorum
572 3023 615 3073 si
637 3025 877 3089 quaedam
911 3026 1137 3076 abscissa
1161 3026 1391 3090 fueraut,

319 3101 419 3149 alia
464 3101 743 3166 duplicato
795 3117 1009 3153 numero
1050 3104 1390 3154 renasceban-

321 3185 423 3228 tur.
473 3178 739 3228 Hercules
758 3186 948 3242 autem,
971 3179 1178 3230 admoto
1202 3180 1268 3230 ad
1286 3181 1388 3230 sin-

322 3257 442 3319 gula
471 3256 696 3305 vulnera
740 3256 878 3321 igne,
921 3257 1144 3307 bestiam
1178 3258 1392 3309 tandem

321 3331 617 3383 interfecit.

386 3407 398 3441 ¹
436 3410 620 3459 Fronte
663 3413 886 3473 turpatus
928 3410 1161 3462 Achelous
1214 3412 1392 3477 amnis]

327 3484 566 3534 Octavus
616 3485 863 3535 Herculis
902 3487 1070 3537 labor.
1132 3488 1394 3538 Achelous

324 3561 458 3612 filius
484 3562 690 3613 Oceani
708 3570 763 3611 et
777 3564 1005 3629 Tethyos
1027 3579 1141 3614 cum
1163 3565 1395 3615 Hercule

327 3640 588 3704 pugnavit
616 3654 712 3703 pro
726 3639 979 3704 Dejanira
997 3640 1103 3690 filia
1120 3633 1273 3693 OEnei
1297 3643 1398 3693 Re·

330 3717 405 3780 gis
428 3715 764 3781 Calydoniae:
801 3715 894 3766 sed
918 3716 1179 3768 Achelous
1205 3719 1399 3769 viribus

330 3794 498 3858 impar
533 3809 591 3843 se
637 3793 799 3843 vertit
845 3794 1066 3856 primum
1100 3795 1309 3861 quidem
1344 3797 1398 3846 in

331 3879 654 3936 serpentem,
696 3870 889 3921 deinde
946 3872 1000 3921 in
1053 3878 1277 3932 taurum,
1311 3874 1398 3924 cui

1472 2189 1609 2225 snroe
1632 2190 1649 2224 :
1689 2176 1837 2240 cujus
1872 2174 1947 2224 rei
1983 2172 2186 2223 infinita
2213 2176 2336 2222 sunt
2357 2184 2531 2221 exem·

1472 2254 1560 2318 pla
1583 2253 1720 2317 apud
1746 2253 1948 2317 poetas.

1539 2337 1577 2363 ¹¹¹
1610 2331 1805 2381 Stravit
1840 2331 2068 2380 Auta-um
2109 2328 2308 2394 Libycis
2348 2327 2536 2391 arenis]

1470 2407 1654 2459 Nonus
1678 2409 1925 2459 Herculis
1949 2408 2113 2458 labor.
2158 2406 2376 2457 Antaeus
2392 2407 2538 2470 Nep-

1469 2489 1579 2538 tuni
1598 2502 1662 2537 ex
1680 2494 1824 2538 terra
1843 2487 1981 2537 filius
2002 2494 2146 2537 tanto
2165 2501 2384 2550 corpore
2403 2500 2539 2549 prae-

1468 2563 1625 2626 ditus,
1648 2572 1707 2614 ut
1740 2565 1792 2614 in
1827 2563 2175 2627 quadraginta
2209 2563 2416 2612 cubitos
2449 2576 2539 2610 ex-

1469 2640 1714 2691 creverit.
1763 2641 1869 2691 Hic
1893 2655 2011 2690 cum
2038 2641 2269 2690 Hercule
2293 2653 2540 2703 congres-

1471 2732 1576 2779 sus,
1600 2717 1803 2782 quoties
1841 2715 2074 2766 membra
2098 2716 2433 2774 deficiebant,
2458 2723 2540 2764 to-

1473 2798 1576 2846 ties
1621 2802 1766 2845 tacta
1812 2802 1956 2844 terra
2001 2792 2360 2853 recreabatur,
2398 2792 2536 2856 quod

1475 2873 1900 2923 animadvertens
1934 2870 2212 2932 Hercules,
2242 2868 2465 2918 eundem
2489 2869 2539 2917 in

1470 2951 1595 3001 aere
1628 2963 1863 3013 pressum
1891 2945 2181 3000 interfecit.

1538 3034 1563 3060 ¹²
1599 3028 1752 3076 Cacus
1770 3025 1989 3075 Evandri
2009 3023 2208 3074 satiavit
2232 3022 2355 3085 irus]
2380 3022 2541 3071 Deci-

1472 3121 1587 3156 mus
1611 3104 1856 3154 Herculis
1878 3104 2045 3153 labor.
2114 3102 2285 3152 Cacus
2312 3101 2539 3151 Vulcani

1473 3183 1629 3244 filius,
1651 3181 1740 3246 qni
1773 3180 1979 3231 Latium
2006 3177 2233 3242 undique
2254 3175 2541 3225 latrociniis

1474 3260 1580 3310 suis
1601 3256 1900 3320 infestabat,
1934 3269 2001 3304 ne
2025 3254 2124 3318 ipsi
2161 3253 2367 3318 quidem
2406 3252 2544 3302 Her·

1475 3336 1579 3387 culi
1620 3334 1897 3399 pepercit:
1948 3331 2107 3396 hujus
2146 3331 2342 3396 quippe
2378 3329 2543 3379 boves

1473 3419 1633 3463 noctu
1655 3410 1823 3462 cauda
1837 3407 2107 3474 versisque
2128 3416 2409 3473 propterea
2434 3420 2546 3456 ves-

1479 3487 1619 3552 tigiis
1642 3487 1694 3537 in
1719 3492 1924 3537 antrum
1940 3500 2086 3535 suum
2112 3485 2269 3535 traxit
2292 3501 2305 3534 ε
2342 3484 2432 3533 sed
2457 3484 2548 3533 bo-

1479 3582 1566 3616 um
1601 3565 1803 3628 mugitu
1827 3562 2122 3614 admonitus
2148 3562 2424 3623 Hercules,
2469 3576 2548 3611 re-

1480 3643 1651 3707 ceptis
1676 3641 1860 3703 bobus,
1897 3641 2091 3690 Cacum
2126 3640 2380 3702 extinxit,
2402 3640 2545 3691 ultus

1479 3723 1720 3787 injuriam
1757 3718 2007 3778 Evandri,
2045 3719 2195 3783 cnjus
2229 3719 2397 3769 Cacus
2431 3718 2547 3767 hos-

1479 3812 1574 3863 pes
1593 3796 1907 3860 fuerat,aut,
1927 3801 1990 3845 nt
2018 3794 2107 3844 alii
2125 3794 2326 3855 volunt,
2349 3808 2547 3854 servus.

1543 3882 1568 3907 ⁰
1599 3875 1792 3936 Setiger
1843 3872 2021 3938 spumis
2075 3874 2289 3922 humeros
2339 3870 2549 3933 notavit]

332 3947 598 3998 Hercules
624 3948 917 4011 amputavit
938 3963 1121 4010 cornu,
1143 3949 1282 4013 quod
1304 3950 1402 4000 Co·
1481 3950 1799 4000 Undecimus
1854 3949 2100 4000 Herculis
2150 3949 2313 3998 labor.
2401 3947 2552 4010 Aper

334 4025 448 4087 pize(
462 4024 643 4074 comiti
665 4024 890 4074 fortunae
909 4025 1086 4074 datum
1104 4033 1229 4102 est:
1264 4026 1401 4076 unde
1485 4027 1854 4092 Erymanthius
1894 4027 1946 4076 in
1989 4026 2237 4089 Arcadia,
2281 4026 2419 4090 quod
2466 4026 2549 4073 hic

337 4098 604 4150 Achelous
628 4116 730 4150 uno
758 4099 926 4166 turpis
965 4117 1128 4151 cornu
1165 4117 1279 4153 sese
1316 4117 1400 4153 oc·

1484 4104 1747 4154 immensae
1781 4104 1930 4153 molis
1953 4110 2091 4165 erat,
2117 4103 2379 4167 regionem
2403 4100 2553 4150 undi-

339 4178 563 4228 cultavit
597 4179 651 4229 in
691 4178 847 4230 fluvio
886 4181 1210 4244 cognomine.
1279 4182 1402 4231 Non
1485 4196 1585 4246 que
1610 4180 2038 4230 vastabatzhunc
2061 4177 2318 4245 Hercules
2333 4176 2554 4227 adduxit

340 4269 470 4318 opus
495 4262 598 4319 est,
627 4271 711 4306 me
735 4272 941 4307 monere
977 4258 1063 4308 hic
1104 4260 1119 4286 ‘
1141 4257 1406 4323 turpatus’

1488 4258 1557 4310 ad
1582 4260 1958 4324 Eurystheum:
1994 4258 2084 4307 sed
2110 4258 2230 4322 quia
2267 4263 2394 4306 tunc
2424 4270 2554 4320 aper

343 4330 581 4382 ultimam
605 4333 894 4397 producere
932 4341 1150 4400 propter
1186 4336 1287 4385 vim
1310 4351 1407 4387 cae·
1490 4335 1580 4386 ille
1619 4336 1684 4386 ab
1719 4334 1955 4385 Hercule
1990 4347 2092 4382 non
2126 4331 2287 4382 fuerit
2309 4330 2551 4382 interfec-
