3049 4928
584 375 715 441 546

567 536 673 585 -ina
695 534 830 585 enim
851 548 969 599 quse
995 532 1138 595 vicit,
1159 531 1360 597 fragilia
1377 538 1647 584 et-morta-

586 611 658 662 lia
680 610 924 661 fuerunt!
959 611 1035 660 m.

656 688 819 738 Certis
836 687 1058 751 sagittis]
1098 688 1210 738 Has
1231 689 1368 753 ipsas
1392 690 1648 739 Hercules

584 766 897 816 Philoctetae
915 764 1204 814 traditurus
1225 766 1302 815 ita
1322 766 1650 815 commendat

583 843 723 907 apud
764 844 948 892 Senec.
979 843 1032 891 111
1071 842 1231 893 Herc.
1271 843 1382 892 OEt.
1416 858 1463 890 v.
1503 846 1649 892 1652.

584 921 840 970 ‘victure
880 918 1029 968 felix!
1080 920 1170 969 bas
1210 921 1346 970 enim
1384 935 1648 985 nunquam

582 998 760 1047 irritas
783 997 967 1047 Mittes
991 997 1041 1045 in
1065 998 1269 1047 hostes:
1307 998 1417 1046 sive
1454 996 1521 1046 de
1548 1010 1650 1045 me-

584 1073 673 1123 dia
692 1074 832 1122 voles
851 1071 1073 1123 Auferre
1092 1075 1328 1123 volucres
1352 1073 1490 1122 nube
1507 1089 1522 1133 ς
1558 1072 1647 1121 de·

582 1151 831 1201 scendent
877 1166 1018 1213 aves,
1065 1152 1137 1201 Et
1173 1158 1368 1201 certam
1413 1150 1645 1213 praedam

584 1229 690 1278 tela
726 1229 790 1278 de
830 1230 961 1278 caelo
997 1226 1183 1278 ferent.
1218 1228 1333 1277 Nec
1367 1225 1520 1276 fallet
1555 1241 1646 1275 un-

582 1320 736 1370 quam
757 1304 1027 1354 dexteram
1062 1305 1144 1354 hic
1176 1318 1324 1354 arcus
1350 1311 1524 1353 tuam:
1562 1304 1647 1353 Li-

582 1383 736 1432 brare
773 1382 931 1431 telum
967 1382 1172 1438 didicit,
1195 1388 1252 1430 et
1284 1389 1481 1430 certam
1518 1381 1647 1430 dare

581 1460 777 1523 Fugam
803 1459 1044 1523 sagittis3
1078 1459 1191 1522 ipsa
1213 1472 1316 1507 non
1340 1456 1529 1507 fallunt
1545 1459 1649 1508 iter

584 1536 789 1586 Emissa
809 1550 969 1585 nervo
1004 1535 1147 1585 tela!
1211 1536 1292 1584 De
1328 1535 1425 1583 hoc
1465 1534 1646 1584 labore

582 1613 794 1662 Lucret.
816 1612 909 1663 lib.
927 1626 979 1661 v.
1015 1610 1285 1660 Claudian-
1307 1610 1356 1659 111
1380 1610 1647 1674 Epigram-

580 1695 720 1738 mate
765 1688 830 1737 de
873 1688 1135 1750 Hystrlce‚
1173 1688 1359 1736 Senec.
1393 1687 1445 1735 in
1487 1688 1648 1738 Herc.

566 1766 703 1815 -Fur.
738 1782 786 1816 v.
807 1770 923 1815 248.
946 1768 1060 1814 945.
1082 1764 1134 1812 111
1157 1761 1339 1824 Agam.
1365 1779 1413 1811 v.
1456 1767 1571 1812 850.
1596 1763 1647 1812 in

581 1843 707 1893 Oct.
725 1858 771 1891 v.
793 1846 874 1891 17.
893 1843 944 1889 111
963 1841 1126 1890 Herc.
1144 1840 1254 1890 OEt.
1272 1853 1319 1888 v.
1333 1843 1475 1889 1237.
1500 1845 1646 1891 1390.

584 1923 731 1970 1888.
767 1918 914 1967 Idem.

648 1994 803 2042 Poma
824 1993 1034 2042 cernenti
1053 1993 1219 2057 rapuit
1257 1993 1493 2057 Draconi]
1523 1994 1648 2045 Sen.

582 2070 636 2118 in
661 2071 825 2119 Herc.
852 2071 972 2118 Fur.
996 2085 1044 2118 v.
1064 2073 1179 2118 240.
1201 2071 1217 2099 ‘
1236 2071 1477 2119 Posthaec
1500 2070 1653 2119 ador-

513 2175 522 2184 ·
582 2155 667 2195 tus
689 2146 912 2195 nemoris
934 2147 1166 2210 opulenti
1201 2147 1381 2197 domos
1407 2147 1650 2197 Aurifera

580 2221 750 2286 vigilis
771 2222 935 2286 spolia
969 2225 1224 2286 serpentis
1258 2225 1418 2274 tulit!
1467 2226 1649 2275 Latius

581 2314 707 2348 vero
730 2299 843 2348 liaec
867 2300 1144 2362 exequitur
1167 2302 1216 2349 in
1242 2301 1428 2364 Agam.
1453 2317 1501 2351 v.
1535 2307 1650 2353 851.

582 2382 639 2424 et
682 2389 828 2438 seqq.
897 2377 912 2404 ‘
930 2374 1203 2440 Arborque
1254 2380 1421 2441 pomis
1462 2376 1649 2428 fertilis

581 2452 751 2503 aureis
772 2452 1029 2502 Extimuit
1048 2469 1246 2515 manus,
1263 2455 1466 2506 insueta
1483 2457 1648 2520 carpi,

583 2530 850 2594 Fugitque
875 2531 925 2578 in
942 2544 1095 2578 auras
1121 2532 1314 2580 leviore
1336 2546 1478 2582 ramo
1501 2550 1516 2582 2
1542 2533 1646 2582 Au-

581 2604 716 2655 divit
738 2607 962 2655 sonitum
981 2606 1275 2670 crepitante
1299 2609 1467 2657 lamna
1484 2609 1646 2673 Frigi-

581 2683 680 2734 dus
717 2691 891 2735 custos
931 2686 1137 2735 nescius
1161 2687 1342 2747 somni,
1363 2688 1650 2750 Linqueret

565 2775 700 2810 cum
726 2761 836 2824 jam
877 2775 1055 2810 nemus
1089 2777 1241 2812 omne
1274 2761 1419 2812 fulvo
1453 2764 1647 2812 Plenus

581 2836 797 2887 Alcides
820 2852 1035 2886 vacuum
1072 2838 1322 2888 metallo!
1389 2839 1555 2888 Porro
1579 2840 1646 2888 ad

579 2910 737 2961 istum
763 2927 811 2961 ν.
831 2919 889 2961 et
910 2927 1054 2977 seqq.
1071 2912 1479 2963 referendasunt
1498 2929 1650 2963 amae·

579 2988 778 3039 nissimi
803 2990 961 3038 verba
980 2991 1162 3051 Solini,
1186 2992 1271 3055 qui
1303 3007 1420 3055 cap.
1439 2995 1521 3042 24.
1547 2993 1645 3043 ait:

582 3066 600 3096 ⁶
617 3067 703 3115 De
733 3067 902 3115 hortis.
918 3066 1301 3130 Hesperidum,
1323 3073 1380 3116 et
1412 3069 1649 3132 pervigili

581 3143 852 3205 Dracone,
887 3157 953 3191 ne
989 3142 1141 3193 famae
1176 3144 1393 3194 licentia
1413 3145 1651 3195 vulnere·

567 3227 688 3283 .tur‚
713 3219 843 3269 fides
865 3231 921 3270 et
938 3222 1071 3270 ratio
1091 3223 1204 3271 haec
1226 3229 1327 3273 est.
1393 3225 1650 3273 Flexuoso

569 3303 760 3344 meatu
781 3299 1078 3345 aestuarium
1104 3312 1134 3346 e
1158 3301 1287 3348 mari
1310 3297 1499 3362 fertur,
1520 3300 1651 3350 adeo

585 3370 806 3420 sinuosis
824 3372 1075 3421 lateribus
1092 3380 1397 3438 tortuosum,
1413 3384 1472 3426 ut
1487 3377 1652 3426 visen-

585 3445 725 3495 tibus
770 3448 955 3509 procul
1001 3450 1171 3510 lapsus
1212 3465 1438 3514 angueos
1482 3451 1652 3501 fracta

583 3522 846 3585 vertigine
884 3524 1184 3575 mentiatur.
1259 3527 1470 3593 Itaque,
1513 3530 1651 3593 quod

584 3597 762 3647 hortos
782 3599 1131 3663 appellavere,
1151 3603 1459 3655 circumdat.
1495 3606 1651 3655 Un'de

587 3689 857 3740 pomorum
905 3677 1177 3727 custodem
1222 3680 1653 3744 interpretantes,

585 3760 905 3803 struxerunt⁴
923 3754 1025 3804 iter
1055 3756 1119 3803 ad
1156 3757 1480 3807 mendacium
1503 3759 1654 3808 fabu-

587 3830 747 3881 landi.
797 3830 897 3879 Sed
915 3832 1025 3881 haec
1043 3831 1211 3882 insula
1231 3834 1435 3884 sinuata
1453 3837 1652 3885 sinibus

592 3908 729 3956 alvei
771 3909 1139 3971 procurrentis,
1166 3906 1225 3958 e't
1256 3911 1310 3958 in
1344 3911 1650 3976 quibusdam

592 3985 815 4047 aequoris
850 3985 1002 4048 spiris
1042 3986 1158 4043 sita,
1204 3994 1399 4051 praeter
1441 3988 1652 4039 arbores

589 4060 801 4109 oleastri
834 4062 1025 4109 similes
1059 4070 1113 4110 et
1136 4078 1277 4112 aram
1295 4078 1489 4112 sacram
1515 4064 1651 4113 Her-

592 4136 717 4194 culi,
746 4138 883 4186 aliud
916 4138 1044 4186 1111111
1069 4138 1286 4201 praefert
1307 4139 1442 4203 quod
1467 4154 1654 4203 propa-

593 4221 687 4277 get
729 4217 1004 4265 vetustatis
1052 4217 1365 4267 memoriam.
1458 4219 1651 4267 Verum

579 4294 733 4345 ‚ultra
755 4292 972 4346 frutices
994 4309 1192 4359 aureos,
1211 4303 1267 4345 et
1285 4296 1495 4346 metalla
1512 4294 1651 4346 fron·

1295 387 1508 436 No'rAE
1558 385 1954 436 vAmoRuM
2012 387 2093 436 IN

1722 531 1903 580 deutia
1922 531 2051 581 illud
2073 531 2232 595 magis
2247 531 2448 593 mirum,
2459 529 2599 595 quod
2610 530 2750 580 solum

1704 605 1966 657 inferiore
1989 608 2118 657 licet
2155 609 2289 657 libra
2322 607 2627 672 depressius,
2646 622 2752 656 111111-

1723 699 1876 748 quam
1913 692 2085 734 tamen
2109 700 2321 735 accessu
2353 683 2473 733 freti
2496 683 2752 746 superlabi-

1725 771 1827 822 tur,
1848 765 1941 814 sed
1971 765 2243 814 obstaculo
2280 762 2527 812 naturalis
2548 760 2757 825 repaguli

1723 840 1775 888 in
1790 841 1914 904 ipsis
1924 840 2237 903 marginibus
2250 841 2414 889 haeret
2429 838 2645 899 unda,et
2658 837 2756 886 iuti·

1708 920 1818 967 *mis
1839 933 2041 968 orarum
2064 918 2355 982 superciliis
2388 923 2576 980 sponte
2593 912 2756 963 fluctus

1724 996 2020 1059 ingruentes
2057 995 2340 1045 sistuntur:
2401 1001 2462 1043 ut
2497 991 2756 1055 spectando

1706 1072 1958 1121 nimirum
1993 1071 2203 1136 ingenio
2236 1071 2356 1134 lori,
2389 1068 2637 1133 planicies
2669 1081 2757 1115 ma-

1722 1156 1817 1199 net
1854 1150 2010 1212 sicca,
2052 1150 2282 1213 quamvis
2328 1162 2497 1212 prona
2541 1158 2757 1210 superve-

1704 1227 1868 1278 -niant
1891 1225 2136 1291 oequora.'
2193 1226 2345 1275 Idem.

1785 1306 1944 1355 Aureo
1963 1307 2080 1353 loeva
2096 1305 2291 1366 gravior
2308 1300 2522 1364 maalle]
2539 1299 2673 1348 -Mssa
2692 1300 2758 1347 Ια-

1720 1397 1843 1431 vam.
1892 1381 2024 1431 Eod.
2045 1381 2195 1429 modo
2210 1380 2393 1428 Senec.
2428 1378 2484 1426 in
2515 1375 2760 1440 Hippolyt.

1720 1474 1771 1507 v.
1797 1464 1912 1508 300.
1935 1459 2002 1509 de
2026 1460 2161 1511 Jove
2183 1474 2196 1506 =
2233 1460 2250 1486 ‘
2271 1455 2537 1506 Candidas
2554 1454 2652 1503 ales
2671 1465 2761 1501 mo-

1722 1534 1789 1585 do
1824 1536 1986 1585 movit
2024 1537 2130 1584 alas
2170 1535 2391 1584 Dulcior
2431 1546 2608 1582 vocem
2630 1529 2762 1579 mori·

1723 1621 1843 1662 ente
1861 1612 2065 1677 cycno!
2113 1613 2198 1661 De
2221 1612 2320 1660 hoc
2338 1608 2525 1658 labore
2544 1608 2761 1670 Propert.

1703 1689 1810 1738 .lib.
1830 1703 1891 1738 11.
1911 1690 2058 1752 Eleg.
2081 1691 2163 1737 24.
2185 1702 2235 1736 ν.
2260 1690 2341 1735 26.
2364 1686 2597 1734 Lucret.
2613 1682 2696 1732 lib.
2716 1694 2760 1729 v·

1708 1766 1837 1814 val.
1864 1766 2036 1814 Flacc.
2080 1764 2169 1812 lib.
2206 1777 2271 1812 11.
2315 1758 2580 1810 Arnobius
2618 1759 2696 1812 lib.
2722 1770 2762 1805 v·

1722 1841 1924 1890 advers.
1970 1841 2186 1890 Gentes.
2223 1840 2412 1888 Senec.
2452 1838 2505 1886 in
2538 1834 2765 1885 Thebaid.

1724 1935 1770 1969 v.
1794 1923 1908 1967 817.
1931 1919 1984 1967 111
2004 1918 2187 1979 Agam.
2208 1932 2257 1966 v.
2275 1917 2463 1966 852.111
2488 1916 2648 1965 Herc.
2670 1913 2764 1962 OEt.

1722 2010 1773 2045 v.
1809 1999 1955 2044 1534.
2007 1995 2249 2043 Martiau.
2289 1995 2519 2057 Capella
2562 1992 2675 2042 lib„
2701 2003 2765 2038 vr.

1723 2074 1876 2124 Idem.

1795 2152 1958 2201 Victor
1977 2151 2203 2200 immitem
2218 2165 2269 2213 p.
2291 2147 2370 2211 s.]
2407 2150 2531 2199 Seu.
2549 2149 2600 2197 ln
2622 2147 2764 2197 Herc.

1726 2227 1832 2276 OEt.
1858 2243 1905 2277 v.
1928 2231 2041 2276 226.
2073 2228 2089 2253 ⁶
2109 2225 2246 2276 Quid
2279 2225 2490 2274 stabula
2515 2235 2765 2272 memorem

1723 2304 1835 2352 dira
1873 2301 2097 2352 Bistonii
2120 2301 2323 2365 gregis?
2353 2301 2583 2364 Suisque
2616 2312 2766 2360 regem

1724 2380 1969 2443 pabulum
1998 2377 2246 2427 armentis
2264 2377 2450 2426 ‘datum
2464 2376 2498 2426 ξ’
2535 2374 2764 2439 Apuleius

1721 2456 1811 2508 lib.
1835 2471 1937 2507 vu.
1958 2456 2092 2505 Met.
2137 2454 2247 2505 ‘Sic
2267 2454 2406 2518 apud
2433 2453 2693 2504 historiam
2711 2449 2766 2500 de

1724 2548 1846 2598 rege
1886 2534 2113 2583 Thracio
2150 2534 2409 2596 legeram,
2445 2533 2540 2597 qui
2577 2532 2765 2580 miseros

1722 2611 1948 2673 hospites
1972 2608 2154 2659 ferinis
2176 2609 2321 2672 equis
2344 2609 2449 2656 suis
2480 2605 2765 2658 lacerandos

1712 2686 2148 2750 'devorandosque
2218 2685 2544 2749 porrigebat.
2640 2683 2768 2733 Adeo

1723 2773 2020 2827 praepotens
2058 2765 2148 2813 ille
2190 2770 2439 2827 tyrannus
2480 2763 2558 2812 sic
2603 2772 2765 2825 parcus

1720 2840 1897 2889 hordei
1929 2839 2048 2903 fuit,
2080 2846 2142 2888 ut
2172 2839 2411 2888 edacium
2425 2840 2765 2903 jumentorum

1721 2915 1908 2965 famem
1957 2931 2228 2979 corporum
2272 2916 2614 2966 humanorum
2645 2913 2770 2975 largi·

1722 2994 1865 3043 tione
1897 2993 2140 3043 sedaret.'
2227 2993 2383 3043 Ovid.
2420 2992 2647 3044 Heroid.
2683 2992 2767 3053 Ep.

1723 3076 1771 3121 9.
1794 3073 1810 3101 ‘
1830 3072 1948 3121 Non
1964 3071 2056 3120 tibi
2074 3070 2330 3120 succurrit
2350 3070 2503 3119 crudi
2528 3067 2768 3119 Diomedis

1704 3148 1891 3211 ,imago
1932 3146 2133 3197 Efferus
2166 3147 2389 3195 humana
2421 3146 2513 3209 qui
2539 3146 2673 3209 dape
2694 3157 2767 3208 pa·

1726 3225 1803 3272 vit
1825 3221 2022 3287 equos!
2090 3223 2177 3271 De
2214 3222 2311 3270 hoc
2331 3221 2540 3283 labore,
2562 3219 2768 3269 immani-

1727 3307 1941 3363 tateque
1966 3297 2232 3347 Diomedis
2251 3297 2375 3347 Sen.
2398 3297 2449 3345 iu
2471 3297 2639 3346 Herc.
2662 3296 2766 3344 Fur.

1726 3391 1779 3425 v.
1821 3378 1967 3425 1169.
2008 3374 2063 3422 in
2099 3373 2285 3437 Agam.
2309 3388 2359 3421 v.
2397 3373 2590 3424 841.111
2624 3371 2768 3421 Herc.

1728 3453 1836 3502 OEt.
1857 3465 1988 3502 vers.
2018 3454 2100 3500 20.
2136 3453 2282 3498 1540.
2307 3451 2451 3498 1790.
2478 3452 2624 3498 1819.
2647 3449 2770 3496 ism.

1727 3527 2005 3578 Lucretius
2026 3527 2059 3576 l.
2081 3541 2134 3575 v.
2167 3525 2325 3575 Silius
2348 3525 2438 3574 lib.
2463 3538 2553 3573 111.
2590 3522 2768 3572 Gellius

1726 3605 1818 3655 lib.
1842 3617 1928 3653 111.
1953 3617 2071 3667 cap.
2094 3607 2145 3652 9.
2213 3599 2434 3650 Ovidius
2455 3615 2497 3651 1.
2515 3599 2584 3649 de
2599 3600 2768 3658 Ponto,

1729 3682 1879 3743 Eleg.
1909 3684 1957 3729 3.
1990 3681 2143 3728 Idem.

1794 3760 1970 3822 Hydra
1991 3757 2228 3807 combusto
2256 3756 2405 3820 periit
2443 3753 2639 3817 veneno]
2665 3754 2767 3803 Seu.

1729 3838 1783 3886 in
1821 3837 1982 3886 Herc.
2005 3836 2128 3884 Fur.
2155 3850 2204 3884 r.
2227 3837 2345 3883 241.
2379 3833 2395 3860 ‘
2413 3832 2587 3884 Quid?
2620 3841 2766 3879 sceva

1727 3914 1910 3962 Letum
1947 3916 2199 3973 monstra,
2229 3923 2556 3958 numerosum
2585 3907 2769 3963 malum,

1730 3990 1779 4039 N
1786 4003 1850 4038 on
1895 3989 2017 4052 igne
2056 3988 2264 4037 demum
2322 3984 2469 4047 vicit,
2506 3992 2565 4034 et
2609 3980 2763 4031 doouit

1690 4096 1693 4099 ι
1728 4065 1861 4116 mori
1874 4064 1910 4114 ?’
1948 4065 2035 4113 De
2058 4063 2157 4113 hoc
2179 4062 2359 4112 labore
2389 4062 2595 4110 Lucret.
2615 4058 2696 4107 lib.
2717 4069 2762 4103 v.

1731 4142 1978 4205 Propert.
1995 4139 2087 4189 lib.
2105 4154 2169 4190 11.
2186 4141 2266 4189 ΕΙ.
2284 4143 2367 4188 24.
2384 4154 2432 4187 v.
2453 4143 2533 4186 25.
2552 4134 2764 4185 Martial.

1730 4220 1767 4267 l.
1802 4233 1856 4268 v.
1892 4217 2047 4281 Epig.
2088 4230 2268 4266 van.
2302 4216 2477 4265 Valer.
2513 4209 2760 4281 Flac.k.lib.

1722 4307 1835 4347 ³⁷11.
1869 4294 2026 4344 Silius
2048 4293 2136 4345 lib.
2154 4306 2241 4343 111.
2277 4291 2492 4341 Ovidius
2521 4290 2575 4339 in
2613 4285 2759 4350 Epist.
