3049 4928
1008 344 1532 400 PHILOSOPmAE
1584 342 1730 393 11113.
1783 343 1829 390 1.

756 496 951 579 Quos
982 481 1308 559 innumeri
1330 493 1632 554 metuunt
1661 484 1920 572 populi,

2392 320 2523 387 127

2440 480 2528 544 40

754 600 1070 665 Summos
1099 594 1394 679 gaudent
1427 591 1716 658 subdere
1747 589 1994 672 Reges.

764 704 823 768 Ο
845 703 992 788 jam
1020 700 1300 765 miseras
1330 696 1594 781 respice
1627 701 1891 770 terraS,z

764 805 1091 891 Quisquis
1120 822 1336 869 rerum
1366 801 1620 867 foedera
1649 798 1926 862 nectis,a

760 908 1007 992 Operis
1039 907 1200 973 tanti
1230 925 1391 989 pars
1421 923 1557 968 non
1589 901 1748 965 vilis

760 1007 1147 1087 Homines?
1179 1008 1529 1093 quatimur
1556 1007 1841 1071 fortunae
1874 1003 2068 1067 salo.c

2446 1001 2536 1068 45

759 1105 1127 1198 Rapidos‚†
1172 1117 1409 1189 rector,
1443 1108 1818 1192 comprime
1846 1105 2141 1185 fluctus,‘¹

760 1216 871 1295 Et,
903 1237 1036 1300 quo
1068 1215 1324 1281 coelum
1354 1213 1535 1295 regis
1566 1213 1987 1286 immensum,

771 1319 1000 1384 Firma
1030 1319 1314 1385 stabiles
1335 1315 1592 1381 foedere
1622 1319 1884 1378 terras·e
1940 1352 1947 1359 -

322 1493 389 1543 At
410 1490 696 1556 ubi'placuit
727 1490 863 1555 ipsis,
893 1475 969 1541 niti
996 1491 1095 1540 suis
1114 1488 1314 1552 viribus,
1331 1492 1434 1537 tum
1458 1487 1673 1550 gestiunt
1700 1486 1926 1547 subjicere
1947 1483 2041 1533 sibi
2068 1482 2308 1559 principes
2329 1496 2542 1546 magnos,

321 1574 432 1621 quos
466 1561 640 1618 gentes
673 1557 1035 1606 innumerabiles
1075 1558 1261 1604 timent.
1331 1555 1377 1601 0
1414 1554 1567 1613 Βειιε,
1595 1553 1676 1616 qui
1696 1551 1958 1601 moderaris
1979 1549 2341 1598 necessaeudines
2363 1563 2540 1610 rerum,

321 1638 447 1671 nunc
477 1624 667 1672 intuere
708 1627 860 1672 terras
892 1622 1205 1672 calamitosus.
1272 1619 1380 1667 Nos
1415 1617 1644 1679 homines,
1680 1618 1841 1681 port-io
1857 1632 1953 1667 non
1971 1614 2155 1676 abjecta
2175 1614 2332 1676 operis
2351 1614 2426 1663 tui
2445 1618 2544 1662 tam

322 1689 506 1749 magni,
512 1687 762 1747 jactamur
782 1692 901 1736 cestu
912 1685 1153 1747 for-tum.-
1175 1699 1426 1748 compesce,
1449 1686 1737 1742 moderator,
1752 1684 1979 1747 procellas
2000 1680 2475 1742 violentassortunae,
2497 1683 2545 1728 et

325 1768 420 1815 qua
442 1753 546 1814 lege
564 1753 805 1814 gubernas
825 1752 997 1815 ingens
1019 1751 1200 1815 coelum,
1223 1752 1385 1799 eadem
1401 1748 1863 1814 confirmafimdm
1884 1752 2053 1797 terras.

1257 1858 1533 1879 mm
1537 1858 1631 1878 ‘O‘

392 1933 417 1981 †
453 1928 687 1993 Rabidos,
706 1936 761 1980 et
784 1945 904 1980 mox
924 1929 1106 1995 stabili,
1138 1926 1449 1979 Wakefield.
1475 1926 1543 1976 ad
1568 1927 1778 1978 Lucret.
1805 1940 1861 1977 v.
1887 1930 2034 1976 1001.

1341 2057 1558 2112 NOTAE

337 2164 392 2208 et
411 2159 509 2207 hoc
528 2173 559 2207 a
578 2158 784 2209 ratione
804 2175 866 2210 eo
884 2161 1048 2225 magis
1067 2161 1289 2211 alienum
1310 2166 1408 2222 est,

337 2234 471 2300 quod
498 2236 712 2285 mutatis
735 2251 906 2286 rerum
926 2237 1125 2287 vicibus
1142 2238 1297 2287 etiam
1317 2238 1409 2298 illi,

339 2311 523 2375 quibus
546 2311 770 2362 debetur
800 2312 1126 2379 obsequium,
1165 2316 1216 2364 vi
1249 2314 1409 2379 subji-

339 2388 582 2438 ciantur:
619 2394 678 2438 ut
703 2404 835 2439 nunc
860 2389 1084 2441 dicitur:
1120 2391 1137 2419 ‘
1158 2392 1301 2443 Quos
1335 2392 1411 2442 in·

341 2463 542 2514 numeri
564 2472 802 2516 metuunt
822 2466 1020 2530 populi,
1033 2467 1268 2523 Summos
1286 2483 1410 2532 gau-

342 2542 469 2592 dent
483 2541 707 2592 subdere
720 2542 897 2606 Reges
913 2543 949 2592 ε’
971 2543 1307 2609 quamobrem
1322 2560 1413 2595 ne-

347 2633 445 2682 que
485 2618 539 2667 id
578 2619 774 2668 crimen
814 2620 1129 2684 impunitum
1168 2634 1286 2670 esse
1325 2621 1415 2671 de·

345 2692 506 2744 beat:
544 2708 660 2744 cum
686 2701 861 2744 tamen
895 2696 1162 2758 praedictis
1186 2698 1416 2747 nocenti·

347 2769 443 2819 bus
478 2770 494 2798 ‘
513 2769 668 2821 nihii'
704 2770 947 2821 videatur
977 2772 993 2799 ‘
1013 2772 1245 2823 nocere.'

408 2853 429 2877 ²
468 2846 515 2894 Ο
537 2845 645 2906 jam
666 2847 865 2896 miseras
892 2848 1070 2912 respice
1106 2848 1285 2912 terras]
1331 2847 1416 2897 Ad

349 2922 542 2982 Deum,
576 2936 607 2970 a
628 2936 729 2991 quo
770 2936 980 2973 carmen
1017 2925 1309 2989 inceperat,
1340 2939 1420 2974 re·

350 2999 575 3049 vertitur
616 2999 805 3062 Poeta,
845 3002 1119 3067 ipsumque
1159 3011 1333 3067 rogat,
1365 3010 1425 3052 ut

348 3077 363 3104 ‘
379 3077 594 3126 miseras
619 3077 866 3140 respiciat
891 3077 1093 3139 terra8,’
1122 3094 1250 3143 quas
1274 3079 1420 3129 nimi-

350 3167 463 3201 rum
488 3153 723 3203 incolunt
741 3152 991 3217 homines,
1014 3155 1230 3227 indigna
1252 3155 1421 3206 fereu-

351 3234 451 3280 tes.

415 3315 440 3340 ⁸
466 3306 696 3370 Quisquis
713 3306 1068 3366 rerumfoedera
1084 3307 1258 3371 nectis]
1284 3311 1427 3360 Prae-

356 3380 524 3446 dictas
557 3383 762 3432 scilicet
793 3378 1064 3432 causarum
1097 3382 1426 3434 effectorum·

355 3471 457 3521 que
482 3458 795 3506 naturalium
817 3457 1217 3509 vicissitudines.

419 3532 444 3566 b
469 3533 644 3597 Operis
658 3533 784 3583 tanti
799 3549 915 3598 pars
929 3550 1025 3584 non
1041 3536 1153 3585 vilis
1176 3537 1426 3600 Homines]

358 3608 533 3659 Homo
577 3608 786 3673 quidem
830 3610 1017 3674 ‘pars'
1054 3618 1137 3661 est
1181 3627 1352 3662 rerum
1397 3630 1428 3664 a

361 3686 484 3734 Deo
508 3685 874 3736 conditarum:
912 3685 1169 3751 siquidem
1206 3702 1374 3752 neque
1397 3703 1428 3737 a

360 3763 665 3824 semetipso,
711 3775 879 3825 neque
917 3777 950 3811 a
986 3762 1146 3811 nihiio
1185 3763 1298 3813 fieri
1341 3779 1432 3827 po·

364 3839 495 3888 tuit:
535 3837 629 3888 sed
666 3837 808 3890 idem
844 3838 998 3888 homo
1034 3854 1154 3903 pars
1177 3847 1258 3889 est
1292 3840 1307 3867 ‘
1330 3853 1431 3889 uon

364 3915 477 3964 vilis
498 3915 533 3965 ε’
565 3913 704 3980 quod
737 3929 802 3964 ea
832 3915 1009 3979 etiam,
1034 3931 1066 3965 a
1088 3917 1272 3982 quibus
1296 3917 1434 3981 cogi·

368 3993 465 4043 tari
487 4006 589 4042 non
615 3996 821 4057 potest,
840 3992 953 4055 ipse
977 3994 1194 4056 cogitet.

429 4077 451 4102 ⁰
486 4071 747 4127 Quatimur
769 4067 1125 4134 for-tuncepalo]
1158 4070 1231 4120 Ut
1253 4069 1437 4141 Poie‘tis

372 4145 444 4198 sic
488 4146 805 4199 Oratoribus
849 4150 866 4177 ‘
890 4148 1089 4197 salum'
1133 4155 1217 4198 est
1256 4162 1439 4209 mare3

1488 2158 1625 2223 qnod
1649 2158 1884 2208 nimirum
1907 2158 1962 2208 in
1983 2158 2112 2208 mari
2134 2157 2325 2207 multus
2345 2156 2414 2205 sit
2434 2155 2555 2205 salis

1489 2250 1678 2300 sapor:
1723 2236 1843 2285 hinc
1886 2236 1902 2263 ‘
1919 2235 2152 2286 Salacia’
2193 2240 2251 2283 et
2285 2239 2300 2261 ‘
2319 2231 2527 2281 Venilia
2543 2230 2559 2255 ’

1490 2312 1630 2376 apud
1652 2312 1850 2362 Poetas
1873 2312 2134 2361 usitantur
2165 2310 2231 2359 ad
2265 2308 2558 2373 significan-

1492 2389 1562 2438 da
1586 2404 1649 2437 ea
1668 2388 1824 2438 maris
1851 2388 2179 2438 decrementa
2197 2393 2253 2437 et
2274 2387 2560 2437 incremen-

1494 2473 1569 2530 ta,
1600 2466 1783 2532 quibus
1820 2466 1899 2516 bis
1925 2467 1977 2516 in
2003 2466 2087 2516 die
2111 2466 2379 2515 detumere
2401 2469 2457 2513 et
2480 2470 2560 2512 tu·

1493 2557 1639 2592 mere
1657 2543 1784 2592 solet
1807 2542 2068 2593 Oceanus.
2091 2544 2107 2571 ‘
2120 2541 2349 2592 Salacia'
2368 2541 2563 2606 quippe

1496 2626 1620 2670 sunt
1640 2618 1830 2670 fluctus
1854 2623 2009 2669 maris
2034 2635 2064 2668 a
2085 2620 2263 2671 littore
2293 2618 2359 2668 ad
2397 2619 2569 2667 salum¹

1497 2695 1799 2745 redeuntis:
1847 2700 1863 2725 ⁴
1887 2696 2124 2746 Venilia'
2161 2702 2335 2745 autem
2375 2692 2566 2743 fluctus

1498 2769 1737 2834 ejusdem
1761 2771 1915 2819 maris
1957 2770 2022 2820 ab
2056 2771 2162 2820 alto
2196 2771 2304 2820 salo
2329 2769 2394 2819 ad
2417 2769 2567 2818 littus

1499 2844 1777 2895 venientis.
1844 2845 1964 2895 Non
2005 2845 2263 2895 immerito
2299 2851 2472 2895 autem
2495 2843 2570 2893 di·

1500 2921 1640 2970 citur
1679 2919 1942 2971 ‘fortunae
1984 2921 2327 2973 salum'.cum
2363 2921 2429 2971 ab
2452 2921 2567 2973 aliis

1502 2997 1826 3059 auctoribus,
1861 2999 1998 3064 quod
2035 2992 2172 3050 sicut
2209 3016 2239 3049 a
2277 2999 2405 3048 mari
2439 2999 2514 3048 sic
2539 3013 2569 3047 a

1499 3075 1710 3126 fortuna
1733 3077 1881 3141 plura
1904 3082 2026 3126 sunt
2048 3075 2181 3126 bona
2216 3082 2272 3125 et
2308 3075 2443 3124 mala
2475 3073 2570 3123 sed

1505 3152 2016 3203 inconstantissime:
2059 3159 2166 3205 tum
2196 3150 2499 3216 ‚praesertim
2541 3165 2572 3199 a

1505 3236 1686 3281 nostro
1705 3236 1954 3293 auctore3
1986 3230 2124 3296 quod
2156 3230 2241 3280 hic
2262 3243 2462 3280 amaros
2482 3242 2572 3278 ex-

1504 3305 1743 3369 periatur
1763 3304 1988 3356 fortunae
2010 3322 2174 3357 casus.

1570 3381 1593 3416 ⁶
1619 3383 1850 3446 Rapidos,
1886 3389 2060 3448 rector,
2098 3385 2348 3447 comprime
2365 3381 2575 3448 fluctus]

1504 3458 1571 3508 Id
1597 3464 1696 3521 est,
1718 3458 1973 3509 violentos
1997 3467 2165 3511 motus
2190 3459 2432 3523 fortun'ae,
2459 3473 2574 3524 quae

1511 3542 1595 3586 est
1617 3536 1776 3585 veluti
1803 3537 2036 3587 insanum
2059 3553 2217 3588 mare.

1574 3619 1597 3645 e
1621 3613 1727 3668 Quo
1747 3615 1911 3663 caelum
1933 3615 2063 3677 regis
2080 3650 2093 3665 .
2115 3650 2130 3666 .
2147 3649 2162 3664 .
2179 3615 2389 3675 .soedere
2404 3612 2578 3676 terras]

1508 3688 1764 3738 Homines
1800 3691 1874 3741 sic
1911 3691 2205 3753 moderare,
2237 3696 2297 3740 ut
2331 3689 2578 3755 quemad-

1512 3764 1720 3814 modum
1744 3779 1847 3814 non
1871 3767 2037 3818 solum
2060 3767 2112 3814 in
2135 3767 2284 3830 coeio,
2305 3765 2398 3815 sed
2421 3765 2472 3815 in
2497 3780 2579 3814 re·

1512 3842 1668 3906 iiqnis
1692 3843 1935 3906 operibus
1956 3844 2080 3907 tuis,
2115 3859 2221 3892 suae
2241 3844 2344 3893 suis
2368 3858 2578 3907 respon-

1516 3919 1645 3968 dent
1665 3920 1866 3971 vicibus
1889 3922 2044 3987 vices»,
2070 3921 2144 3971 sic
2169 3922 2307 3984 apud
2331 3921 2579 3983 homines,

1516 4002 1574 4045 et
1596 3995 1872 4048 virtutibus
1905 3999 2121 4064 praemia
2150 4005 2206 4050 et
2226 3999 2366 4050 vitiis
2386 3999 2581 4064 suppli·

1518 4075 1603 4125 cia
1624 4075 1926 4127 reddantur.
