3049 4928
469 378 557 449 12
1393 400 1456 449 P.
1507 399 1767 448 namur

469 564 761 630 regnum,
792 542 978 639 quod
1008 551 1164 612 tunc
1196 547 1466 633 quidem
1497 542 1811 614 Odoacer
1858 542 2157 612 Herulus
2202 554 2672 632 occupaverat,

469 671 626 717 cum
648 653 1022 736 ingentibus
1050 650 1604 733 ostrogothorum
1630 651 1848 735 copiis
1869 651 2140 730 invasit,
2168 650 2455 735 ipsoque
2477 654 2675 716 inter-

465 752 676 835 fecto,
704 755 892 837 regni
923 752 1293 819 Gothorum
1321 754 1390 817 in
1418 752 1625 818 Italia
1647 754 1877 818 sedem
1898 753 2241 819 Ravennae
2270 753 2441 832 fixit,
2465 761 2671 839 atque

467 857 623 921 inde
648 859 774 922 toti
805 856 1028 923 Italiae
1058 864 1127 921 et
1156 855 1462 921 Siliciae
1432 876 1549 941 Jus
1579 857 1777 934 dixit,
1816 857 2154 939 rescripta
2206 875 2330 920 sua
2376 875 2673 939 quaqua-

468 976 737 1025 versum
767 960 1057 1037 mittenS,
1080 978 1362 1042 quorum
1394 978 1709 1041 magnam
1736 966 1994 1043 partem
2027 959 2129 1023 M.
2155 957 2474 1023 Aurelius
2507 958 2675 1024 Cas·

470 1063 778 1127 siodorus
800 1062 992 1127 libris
1023 1062 1168 1126 suis
1198 1059 1560 1125 Variarum
1584 1061 1882 1126 inseruit.
2603 1116 2604 1119 ,

557 1166 716 1230 Fuit
771 1172 1000 1229 autem
1039 1170 1403 1248 tempestas
1465 1164 1585 1229 illa
1634 1166 1857 1247 gravis
1924 1165 2287 1230 admodum
2335 1165 2674 1230 Romanae

464 1267 650 1331 urbi:
696 1287 847 1331 nam
875 1268 1042 1332 inter
1067 1274 1173 1333 tot
1197 1287 1475 1350 magnos
1495 1274 1564 1333 et
1590 1275 1990 1352 praestantes
2020 1268 2223 1346 viroS,
2253 1288 2425 1352 quos
2454 1268 2672 1332 adhuc

465 1370 760 1434 habebat
782 1369 1227 1454 Respublica,
1259 1372 1555 1454 optimus
1614 1372 1900 1456 quisque
1951 1370 2343 1454 dignitatem
2394 1370 2677 1454 Imperii

467 1480 540 1536 et
569 1470 990 1556 majestatem
1023 1494 1351 1539 summam
1378 1475 1515 1539 alio
1543 1476 1935 1539 translatam
1963 1473 2161 1539 tacite
2183 1473 2674 1557 indignabatur.

464 1570 907 1657 Imperatoris
963 1577 1140 1640 enim
1171 1577 1399 1640 sedem
1449 1577 1813 1659 aulamque
1849 1576 2152 1639 habebat
2201 1574 2674 1640 Constantino-

464 1677 668 1758 poliS,
696 1662 853 1761 quae
882 1678 1046 1740 tunc
1078 1695 1258 1742 nova
1302 1678 1531 1742 Roma
1560 1678 1938 1742 dicebatur.
2028 1677 2302 1742 Italiam
2329 1697 2486 1742 vero
2533 1696 2674 1741 om—

462 1797 620 1841 nem
650 1788 1055 1863 occupatam
1106 1782 1399 1865 primum
1451 1802 1495 1846 a
1523 1781 1888 1857 Vandalis,
1939 1787 2180 1865 postea
2231 1782 2317 1845 ab
2371 1779 2674 1857 HeruliS,

465 1881 968 1947 tenebanttunc
1000 1882 1240 1962 Gothi,
1293 1883 1409 1969 qui
1450 1882 1635 1965 regni
1679 1884 1789 1947 sui
1819 1882 2048 1947 sedem
2076 1902 2213 1947 non
2243 1882 2507 1960 Romae,
2552 1880 2674 1945 sed

470 1980 826 2049 Ravennae
890 1986 1274 2070 posuerant.
1365 1985 1526 2051 Una
1574 1987 1648 2050 in
1693 1992 1885 2050 tanto
1936 1984 2282 2068 dignitatis
2331 1983 2677 2066 naufragio

468 2095 812 2171 supererat
840 2086 1092 2168 tabula,
1126 2089 1580 2155 Consulatus:
1627 2088 1745 2154 sed
1779 2096 1847 2154 et
1874 2089 1934 2152 is
1964 2107 2228 2172 quoque
2247 2087 2457 2152 altera
2478 2093 2674 2169 parte

469 2196 615 2254 erat
642 2191 1051 2269 imminutuS,
1098 2211 1252 2258 cum
1298 2212 1340 2256 a
1389 2190 1822 2257 Constantini
1866 2190 2021 2255 inde
2063 2189 2479 2273 temporibus
2510 2187 2679 2253 alter

469 2289 839 2357 Consulum
874 2292 1481 2379 Constantinopoli,
1514 2295 1685 2359 alter
1714 2293 1961 2359 Romae
1993 2292 2468 2376 designaretur.

463 2449 470 2454 .
556 2395 786 2460 Natus
820 2404 922 2462 est
954 2398 1289 2464 Boethius
1342 2419 1519 2464 anno
1553 2397 1795 2462 Christi
1838 2397 1947 2484 (ut
1975 2402 2128 2462 ante
2156 2392 2338 2481 dixi)
2368 2412 2676 2460 ccchV.

465 2496 597 2562 hoc
650 2505 778 2578 est,
825 2501 1315 2585 quinquaginta
1365 2501 1557 2567 annis
1614 2508 1776 2585 post
1826 2507 2097 2584 captam
2145 2500 2229 2563 ab
2279 2498 2677 2565 Athalarico

458 2597 699 2666 Gotho
732 2602 1042 2670 Romam.
1133 2605 1244 2668 Ex
1273 2625 1409 2690 quo
1440 2612 1750 2688 apparet,
1786 2622 1921 2668 non
1952 2603 2158 2667 multo
2188 2601 2416 2684 ipsum
2452 2608 2677 2686 poste-

470 2701 709 2767 riorem
738 2705 952 2771 fuisse
982 2707 1400 2792 Hieronymo
1432 2715 1502 2771 et
1541 2704 1949 2788 Augustino,
1983 2724 2266 2788 quorum
2294 2711 2466 2768 aetas
2509 2704 2677 2768 inci-

472 2804 576 2869 dit
603 2806 671 2869 in
703 2817 1040 2874 extremos
1071 2830 1280 2876 annos
1309 2807 1539 2875 Anicii
1570 2809 1872 2874 Petronii
1908 2807 2137 2872 Probi.
2225 2805 2514 2871 Coaevus
2543 2806 2677 2869 fuit

457 2904 892 2989 -Cassiodori,
951 2910 1234 2977 Caesarii
1281 2910 1726 2989 ArelatensiS,
1776 2911 2133 2992 Fulgentii,
2180 2908 2439 2990 Vigilii,
2487 2908 2675 2972 Pris-

469 3011 673 3091 ciani,
696 3012 998 3092 Victoris
1029 3012 1356 3092 Africani,
1381 3015 1642 3080 Sidonii
1671 3012 2113 3096 ApollinariS,
2142 3010 2375 3073 Sancti
2400 3027 2672 3092 quoque·

467 3112 848 3193 Benedicti,
874 3136 917 3180 a
949 3135 1085 3199 quo
1115 3116 1321 3181 fertur
1351 3117 1422 3180 in
1451 3107 1677 3181 monte
1704 3112 1993 3178 Cassino
2032 3130 2167 3175 una
2194 3130 2348 3174 cum
2375 3111 2672 3176 Tertullo

461 3214 738 3281 Placidi
788 3219 1093 3284 monachi
1132 3225 1348 3304 patre,
1398 3223 1701 3286 senatore
1734 3214 2068 3292 Romano,
2112 3233 2363 3285 mensae
2407 3234 2670 3281 monas-

465 3317 624 3383 ticae
656 3319 1016 3387 adhibitus.

469 3477 479 3483 .
553 3421 848 3488 Puerum
899 3426 1091 3492 Dens
1140 3428 1325 3493 miris
1369 3424 1621 3507 ingenii
1674 3423 1947 3489 dotibus
1991 3424 2354 3489 imbuerat:
2437 3422 2556 3488 sed
2603 3426 2671 3487 et

463 3523 618 3590 aliis
649 3529 966 3595 omnibus
1010 3530 1412 3596 instruxerat
1440 3530 1646 3592 rebus
1674 3547 1831 3610 quae
1874 3525 1962 3591 ad
1993 3528 2199 3592 vitam
2237 3526 2409 3589 bene
2437 3525 2670 3589 beate—

464 3643 598 3712 que
625 3628 1002 3713 degendam
1055 3631 1367 3715 exoptati
1414 3630 1671 3694 solent.
1736 3648 1901 3713 opes
1944 3628 2118 3692 enim
2146 3625 2443 3704 dederat,
2488 3626 2671 3691 'vale-

466 3731 795 3813 tudinem,
825 3736 1131 3812 formam,
1163 3736 1440 3800 amicos.

554 3834 719 3917 Sed,
749 3840 1058 3903 orbatum
1101 3844 1321 3920 patre,
1368 3837 1740 3902 amicorum
1783 3789 1953 3899 fides
1985 3838 2187 3915 atque
2216 3831 2536 3896 industria
2580 3830 2669 3896 ad

467 3937 866 4003 eruditionis
927 3946 998 4002 et
1055 3939 1417 4021 sapientiae
1466 3938 1719 4023 templa
1786 3935 2142 4023 perduxit.
2247 3935 2513 4000 Mlssus
2566 3940 2672 3999 est

467 4040 647 4104 enim
676 4041 901 4105 infans
949 4039 1178 4103 statim
1218 4040 1553 4117 Athenas,
1583 4042 1703 4105 ubi
1738 4039 1886 4123 Jam
1919 4045 2292 4104 restaurata
2335 4038 2667 4102 literarum

462 4146 532 4206 et
559 4140 1022 4224 Philosophiae
1068 4144 1289 4209 studia
1336 4164 1577 4227 magno
1626 4141 2337 4229 praestantissimorum
2383 4139 2670 4221 ingenio*

465 4261 615 4307 rum
635 4240 954 4307 confluxu
988 4250 1195 4329 atque
1215 4246 1448 4311 ardore
1471 4246 1917 4329 agitabantur.
1964 4243 2070 4322 Ibi
2094 4243 2214 4307 ille
2240 4249 2424 4325 totos
2451 4257 2669 4305 annos
