3049 4928
524 360 659 431 336

523 523 809 590 centiam
836 541 1040 608 quam
1069 522 1204 589 cito
1250 524 1428 589 finiri
1458 525 1868 608 precabariS‚
1911 545 2037 590 nec
2067 524 2339 608 longam
2370 544 2553 592 -esse
2596 528 2733 595 dis·

524 647 751 698 ceres:
795 625 1367 711 infelicioremque
1402 627 1570 705 fore,
1621 628 1677 692 si
1728 627 2144 710 diuturnior3
2189 628 2732 696 infelicissimam

523 751 709 811 vero,
739 731 799 796 si
830 737 1014 797 esset
1043 736 1310 799 aeterna.
1400 731 1567 795 Post
1594 729 1741 797 haec
1772 731 2152 796 miseriores
2184 751 2334 797 esse
2384 733 2734 817 improbos

520 834 772 918 injusta
797 832 1194 917 impunitate
1241 832 1585 912 dimissoS,
1634 854 1837 918 quam
1876 834 2072 918 justa
2117 834 2371 901 ultione
2422 837 2736 919 punitos.

524 936 652 1001 Cui
682 935 1035 1000 sententiae
1058 955 1480 1019 consequens
1513 940 1622 1001 est
1669 944 1745 1001 ut
1794 943 1939 1001 tum
1990 935 2259 1001 demum
2298 939 2732 1020 gravioribus

521 1038 877 1122 suppliciis
909 1043 1283 1121 urgeantur,
1312 1059 1468 1104 cum
1510 1038 1827 1122 impuniti
1869 1058 2021 1103 esse
2073 1040 2452 1109 creduntur.
2545 1041 2727 1105 Tum

517 1161 662 1223 ego,
691 1140 862 1206 Cum
894 1149 1065 1219 tuaS,
1096 1142 1391 1226 inquam,
1413 1142 1707 1221 rationes
1738 1141 2115 1220 considero,
2132 1143 2300 1223 nihil
2331 1141 2469 1207 dici
2498 1143 2731 1209 verius

517 1251 706 1326 puto.
791 1243 888 1307 At
918 1243 978 1308 si
1010 1243 1098 1307 ad
1141 1243 1475 1308 hominum
1515 1243 1838 1328 judiciam
1881 1251 2203 1323 revertar,
2252 1246 2406 1329 quis
2456 1245 2575 1315 ille
2625 1250 2730 1310 est

516 1346 634 1412 cui
661 1345 810 1411 haec
858 1366 993 1411 non
1042 1344 1371 1411 credenda
1424 1345 1650 1424 modo,
1703 1344 1823 1410 sed
1870 1347 2111 1411 saltem
2165 1347 2505 1413 audienda
2526 1355 2577 1397 ⁸²
2627 1347 2728 1414 vi-

518 1448 845 1514 deantur?
934 1449 1047 1514 Ita
1074 1454 1201 1526 est,
1230 1449 1449 1533 inquit
1472 1448 1615 1514 illa.
1705 1447 1775 1512 N
1776 1454 2089 1532 equeunt,
2114 1449 2293 1514 enim
2320 1449 2584 1517 ,oculos
2629 1455 2728 1517 te·-

1187 412 1195 421 .
1222 376 1310 427 no
1324 374 1530 428 s‘rmr
1580 377 1676 441 nn
1730 378 2040 430 consor„

517 1745 578 1793 12
612 1742 788 1793 Saltem
815 1759 908 1793 non
941 1742 1177 1794 audienda
1197 1743 1354 1806 vulg.
1419 1743 1658 1807 Uterque
1679 1741 1883 1794 Thuan.
1912 1746 1971 1792 et
1991 1739 2133 1791 Vict.
2157 1745 2408 1806 uterque:
2443 1742 2617 1791 saltem
2640 1756 2724 1791 uu·

1410 1866 1414 1870 ’
1509 1904 1730 1957 NOTAE

516 2054 635 2104 cap.
670 2040 723 2091 4.
762 2034 1046 2105 cogitatum
1084 2055 1114 2089 a
1147 2033 1388 2090 Boethio.
1456 2039 1574 2090 Nisi
1645 2038 1926 2103 judicium,
1951 2051 2100 2104 quam
2127 2035 2318 2102 spretis
2342 2032 2503 2100 ipsius
2537 2051 2722 2100 corpo-

513 2123 690 2165 tamen
713 2115 1067 2180 Philosophia,
1097 2132 1211 2181 quae
1242 2131 1378 2166 nunc
1412 2116 1574 2181 loqui-

513 2201 619 2254 tur,
669 2193 889 2242 voluerit
945 2193 1028 2242 hic
1081 2194 1372 2257 exprimere
1420 2207 1573 2242 sensa

513 2269 919 2330 Platonicorum,
973 2271 1057 2320 vel
1102 2271 1259 2320 etiam
1309 2269 1576 2334 Pythago-

514 2359 752 2408 raeorum,
810 2346 994 2411 quibus
1059 2346 1295 2410 quaedam
1350 2353 1576 2409 mentes,

510 2420 646 2485 quod
672 2436 847 2472 earum
869 2424 1065 2473 scelera
1095 2423 1240 2473 nulla
1267 2423 1576 2487 purgatione

510 2498 615 2547 elui
658 2508 891 2563 possent,
948 2502 1159 2551 aeternis
1216 2499 1577 2551 afficiebantur

510 2578 808 2647 suppliciis3
865 2578 980 2628 aliae
1028 2593 1165 2641 vero,
1214 2594 1431 2643 quarum
1482 2579 1575 2627 mi-

510 2668 638 2702 nora
656 2662 805 2704 erant
826 2655 1056 2718 crimina,
1090 2665 1180 2705 aut
1213 2657 1422 2705 aeternis
1452 2656 1572 2721 Ely-

508 2729 571 2779 sii
593 2729 948 2793 voluptatibus
965 2730 1287 2795 fruebantur,
1299 2732 1437 2781 omni
1451 2741 1573 2797 pnr-

510 2805 718 2869 gatione
752 2806 1067 2870 perfuncta,
1099 2818 1191 2860 aut
1224 2810 1414 2875 partim
1450 2826 1571 2875 pur·

510 2890 648 2947 gatae
671 2898 737 2933 ex
759 2884 940 2949 Elysio
963 2886 1016 2935 in
1038 2901 1174 2936 nova
1196 2888 1358 2936 etiam
1384 2887 1574 2937 bestia·

508 2974 621 3010 rum
647 2976 868 3027 corpora
888 2964 1316 3015 detrudebantur.
1383 2966 1573 3031 Virgil.

507 3038 723 3090 v1.⁷AEn.
760 3055 836 3090 vs.
867 3045 983 3091 739.
1048 3042 1065 3069 ‘
1087 3043 1228 3106 Ergo
1263 3050 1573 3093 exercentur

505 3118 1033 3186 poenis,veterumque
1048 3121 1292 3171 malorum
1303 3120 1574 3185 Supplicia

506 3196 845 3259 expendunt:
898 3198 1012 3247 aliae
1050 3197 1347 3262 panduntur
1389 3197 1568 3249 inanes

506 3269 782 3335 Suspensae
819 3273 884 3322 ad
919 3281 1133 3325 ventos:
1171 3267 1283 3323 aliis
1321 3273 1415 3324 sub
1450 3290 1571 3339 gur-

505 3348 615 3412 gite
654 3357 802 3401 vasto
839 3350 1103 3402 Infectum
1142 3351 1337 3402 eluitur
1380 3354 1572 3417 scelus,

505 3432 597 3474 aut
617 3427 853 3476 exuritur
873 3428 998 3491 igni.
1044 3430 1276 3493 Quisque
1295 3444 1415 3480 suos
1437 3431 1572 3494 pati-

503 3516 619 3549 mur
639 3516 833 3554 manes.
866 3504 1069 3553 Exinde
1088 3519 1185 3568 per
1199 3507 1425 3570 amplum
1444 3508 1520 3557 Mi
1529 3513 1571 3557 t-

504 3576 659 3627 timur
683 3578 937 3645 Elysium,
953 3586 1009 3629 et
1027 3580 1181 3644 pauci
1203 3582 1327 3631 laeta
1349 3597 1474 3633 arva
1492 3591 1570 3634 te-

501 3653 716 3705 nemus.'

566 3733 696 3782 ”At
737 3731 785 3782 si
834 3735 897 3784 ad
939 3734 1177 3783 hominum
1212 3734 1418 3801 judicia,
1458 3737 1563 3802 gra]

479 3809 657 3859 'Mens
691 3817 870 3860 nostra
904 3812 1075 3861 Deum
1113 3812 1251 3862 inter
1284 3822 1341 3864 et
1373 3830 1564 3881 corpus

500 3885 775 3938 humanum
812 3888 1011 3950 media,
1048 3896 1230 3954 utpote
1268 3892 1375 3941 Dei
1409 3891 1566 3944 effec-

502 3970 607 4028 tus,
649 3972 706 4016 et
743 3966 978 4030 corporis
1015 3966 1223 4017 humani
1268 3968 1455 4033 forma,
1497 3970 1564 4020 ab

499 4047 720 4107 utroque
742 4043 958 4107 patitur,
991 4058 1023 4092 a
1054 4045 1175 4095 Deo
1209 4046 1566 4109 illuminanda,

500 4133 532 4168 a
569 4133 790 4183 corpore
827 4118 1178 4173 obscurandaz
1224 4123 1561 4187 quamobrem

500 4195 681 4245 eadem
701 4210 844 4247 mens
865 4205 1114 4250 nonanto
1134 4208 1263 4263 apta
1280 4206 1363 4252 est
1383 4214 1563 4251 verum

503 4279 816 4341 certumque,
834 4274 902 4326 de
936 4276 1091 4328 rebus
1121 4278 1402 4342 propositis
1423 4276 1564 4328 ferre

1657 2117 1723 2166 ris
1789 2115 2028 2180 motibus,
2096 2117 2261 2164 solum
2336 2121 2721 2178 praeceptorem

1656 2195 1824 2243 Deum
1877 2192 2304 2256 interrogaverit,
2352 2193 2595 2256 intusque
2641 2205 2720 2241 ren·

1653 2270 1999 2334 spondentem
2050 2267 2371 2319 intellexerit
2429 2268 2717 2318 attentius:

1653 2348 1850 2412 optime
1873 2349 2009 2398 enim
2044 2347 2099 2396 S.
2123 2346 2344 2409 August.
2369 2359 2408 2394 1.
2432 2343 2500 2392 de
2525 2344 2718 2394 Genes-

1655 2424 1817 2475 adlit.
1837 2440 1884 2476 c.
1907 2430 1958 2475 ⁵.
2006 2424 2022 2451 ‘
2048 2419 2519 2486 Principium,'ait,
2541 2422 2557 2448 ‘
2575 2432 2715 2471 crea-

1655 2508 1788 2551 turae
1845 2498 2214 2550 intellectualis
2262 2505 2345 2547 est
2387 2503 2585 2546 aeterua
2637 2512 2716 2550 sa—

1655 2577 1872 2642 pientia,
1894 2574 2033 2641 quod
2068 2574 2400 2639 principium,
2418 2587 2632 2623 manens
2662 2574 2717 2623 in

1654 2670 1711 2705 se
1731 2651 2240 2715 incommutabiliter,
2261 2651 2402 2699 nullo
2429 2650 2582 2699 modo
2606 2664 2714 2700 ces-

1652 2738 1734 2781 sat
1751 2732 1954 2781 occulta
1971 2729 2305 2792 inspiratione
2327 2728 2614 2778 vocationis
2644 2730 2715 2778 lo-

1655 2810 1748 2874 qui
1777 2810 1825 2858 ei
1857 2815 2132 2870 creaturae,
2162 2806 2245 2856 cni
2280 2806 2590 2870 principium
2617 2812 2715 2867 est,

1655 2893 1712 2935 ut
1760 2890 2098 2936 convertatur
2142 2883 2209 2932 ad
2250 2882 2304 2932 id
2347 2897 2412 2932 ex
2457 2897 2560 2946 quo
2604 2890 2712 2933 est:

1654 2965 1791 3031 quod
1812 2964 1963 3014 aliter
1982 2958 2207 3012 formata
2229 2976 2290 3012 ac
2325 2959 2566 3026 perfecta
2601 2976 2712 3011 esse

1651 3060 1753 3095 non
1785 3044 2002 3109 posset.’
2063 3046 2079 3073 ‘
2103 3042 2350 3108 Ubique,’
2371 3042 2542 3108 inquit
2577 3043 2712 3093 idem

1649 3129 1859 3172 sanctus
1881 3123 2063 3173 doctor
2081 3122 2117 3172 l.
2131 3134 2188 3170 x.
2209 3118 2362 3171 Conf.¹
2384 3134 2433 3169 c.
2450 3125 2533 3171 26.
2573 3121 2590 3148 ‘
2610 3120 2709 3169 Ve-

1649 3199 1798 3263 ritas,
1818 3199 2064 3264 praesides
2081 3198 2314 3249 omnibus
2326 3198 2711 3248 consulentibus

1653 3284 1726 3340 te,
1737 3277 1990 3343 simulque
2006 3275 2287 3340 respondes
2299 3274 2537 3326 omnibus
2554 3275 2713 3326 etiam

1653 3353 1863 3404 diversa
1899 3353 2308 3405 consulentibus.
2389 3351 2615 3418 Liquide
2655 3361 2711 3403 tu

1650 3432 1953 3495 respondes,
1998 3430 2090 3481 sed
2133 3446 2237 3479 non
2288 3430 2487 3495 liquide
2531 3444 2711 3481 omnes

1649 3506 1898 3557 audiunt:
1933 3507 2048 3573 quis
2083 3506 2254 3569 enim,’
2287 3506 2363 3556 ait
2390 3504 2530 3556 idem
2568 3521 2715 3557 sanc·

1653 3586 1876 3637 tissimus
1910 3595 2085 3651 pater,
2127 3586 2195 3635 de
2233 3577 2471 3636 Immortss
2508 3583 2710 3635 Anima}

1645 3678 1693 3713 c.
1717 3667 1799 3712 lo.
1827 3664 1843 3690 ‘
1861 3663 1997 3713 bene
2019 3678 2075 3712 se
2095 3662 2373 3725 inspiciens
2393 3676 2495 3711 non
2528 3676 2712 3727 exper-

1644 3744 1729 3788 tus
1765 3744 1849 3788 est
1880 3745 2026 3789 tanto
2063 3754 2120 3788 se
2158 3737 2351 3803 aliquid
2391 3738 2713 3787 intellexisse

1646 3813 1917 3878 sincerius,
1972 3821 2168 3880 quanto
2222 3827 2495 3863 removere
2552 3821 2708 3878 atque

1648 3893 1934 3943 subducere
1961 3892 2319 3942 intentionem.
2336 3891 2528 3942 mentis
2547 3907 2577 3941 a
2598 3905 2704 3942 cor-

1647 3970 1790 4033 poris
1812 3969 2046 4019 sensibus
2070 3969 2240 4032 potuit
2260 3969 2278 4016 ?
2299 3967 2315 3991 '
2364 3969 2531 4033 Atqui
2553 3968 2704 4018 maxi·

1643 4062 1730 4096 ma
1762 4062 1881 4110 pars
1911 4046 2166 4096 bominum
2201 4046 2624 4110 praecipitatione
2650 4051 2705 4097 et

1642 4125 1949 4190 praejudicio
1984 4124 2157 4189 potius
2198 4139 2352 4190 quam
2386 4125 2468 4175 bis
2507 4125 2700 4191 legibus

1597 4229 1615 4242 ⁴-
1635 4202 1910 4266 judicant:
1949 4201 2085 4264 unde
