3049 4928
984 454 1513 504 thosopmffl
1563 456 1710 503 Lm.
1761 456 1805 504 Ι.

555 598 767 665 Nunc
788 597 1019 683 jacet·
1061 597 1293 663 effoeto
1323 598 1574 662 lumine
1610 599 1881 676 mentia,

551 701 644 767 Et
672 719 947 784 pressus
976 700 1289 781 gravibus
1320 699 1498 764 colla
1521 702 1810 779 catenis»,

550 802 1032 884 Declivemque
1063 820 1291 884 gerens
1319 801 1615 884 pondere
1644 802 1927 879 vultum,

554 903 858 986 Cogitur,
884 902 1055 967 heu!
1101 902 1414 967 stolidam
1447 922 1710 969 cernere
1739 910 2002 969 terram.

294 1125 500 1186 μήτιας,
532 1139 660 1173 nunc
691 1125 793 1172 luce
813 1122 987 1173 mentis
1026 1122 1277 1172 debilitata
1295 1121 1428 1183 ῥοιαί
1466 1123 1703 1186 stupidus,

1744 1127 1792 1173 et
1823 1123 1968 1172 celati
1998 1121 2278 1173 cumvictus
2315 1119 2514 1170 vinculis

292 1189 572 1253 ponderosis
592 1189 722 1238 circa
742 1189 927 1249 collum,
966 1187 1224 1251 habensque
1239 1187 1423 1247 faciem
1456 1189 1724 1250 depressam
1749 1193 1945 1251 propter
1973 1188 2267 1251 punitatem
2303 1186 2511 1235 vinculo-

297 1268 419 1318 ·m,
436 1255 563 1319 proh
582 1251 749 1303 dolor!
769 1253 960 1316 cogitur
981 1257 1193 1319 spectare
1215 1257 1394 1302 terram
1413 1253 1543 1301 tanti
1559 1252 1780 1316 stuporis.

1274 1393 1521 1447 -NOTAE

296 1511 426 1562 libet
447 1511 686 1576 corporis
709 1510 898 1575 forma,
916 1525 1021 1576 qua
1054 1510 1183 1561 illud
1218 1526 1251 1561 a
1281 1524 1368 1561 ce-

296 1589 423 1638 teris
447 1588 819 1652 distinguatur.
853 1589 941 1638 Sic
963 1588 1231 1637 conciliari
1250 1602 1366 1650 pos-

299 1673 420 1714 sunt
439 1665 806 1727 discrepantes
817 1665 1246 1728 Philosophorum
1257 1663 1365 1726 opi-

300 1742 482 1792 niones
499 1757 517 1793 ι
549 1742 567 1770 ‘
584 1742 633 1792 N
638 1741 862 1806 amque,’
885 1741 1057 1805 iuquit
1077 1739 1278 1789 Tullius
1301 1752 1363 1788 11.

301 1820 367 1870 de
403 1822 539 1872 Nat.
579 1821 647 1871 D.
697 1820 821 1870 ‘alii
863 1826 1102 1870 naturam
1146 1822 1364 1868 censent

299 1911 413 1947 esse
437 1898 544 1947 vim
565 1896 824 1962 quandam
851 1895 962 1946 sine
986 1894 1212 1957 ratione,
1225 1892 1365 1942 cien-

301 1977 405 2021 tem
425 1978 605 2021 motus
620 1972 671 2022 iu
692 1971 996 2036 corporibus
1012 1969 1331 2020 necessarios
1348 1982 1363 2015 ε

298 2047 386 2097 alii
418 2054 619 2109 antem,
650 2047 753 2097 vim
778 2046 1091 2112 participem
1132 2045 1365 2107 rationis,

300 2130 462 2189 atque
502 2123 702 2173 ordinis
738 2159 753 2175 .
778 2156 793 2172 .
817 2159 832 2174 .
864 2122 999 2173 Sunt
1039 2126 1234 2182 autem,
1277 2121 1366 2185 qui

300 2200 473 2249 omnia
495 2207 697 2249 naturae
732 2200 940 2248 nomine
980 2198 1269 2262 appellent,
1309 2204 1367 2247 ut

303 2276 594 2340 Epicurus,
635 2275 723 2340 qui
768 2275 844 2325 ita
885 2272 1094 2336 dividit,
1126 2270 1370 2335 omnium,

298 2365 416 2417 quoe
440 2351 573 2413 sint,
603 2358 842 2401 naturam
882 2363 998 2400 esse
1035 2363 1276 2412 corpora,
1313 2354 1372 2398 et

293 2427 479 2492 inane,
502 2442 724 2494 quaeque
743 2427 819 2478 his
843 2425 1124 2478 accidant!
1154 2425 1374 2477 Scilicet

296 2513 488 2554 natura
509 2504 566 2552 in
587 2519 781 2568 genere
817 2520 1007 2570 causae,
1041 2504 1234 2569 duplex
1269 2512 1372 2569 est,

297 2581 546 2630 nimirum
569 2581 757 2646 prima,
779 2594 967 2645 nempe
1000 2580 1171 2644 Deus,
1201 2579 1374 2644 ‘cujus

299 2655 604 2718 solertiam,'
645 2656 814 2722 inquit
847 2656 983 2706 idem
1027 2663 1202 2707 orator
1246 2655 1374 2706 ibid.

297 2733 470 2782 ‘nulla
486 2747 591 2795 ars,
610 2733 751 2783 nulla
773 2748 972 2796 manus,
1003 2748 1157 2783 nemo
1193 2731 1370 2796 opifex

301 2799 555 2872 consequi
567 2807 731 2872 possit
744 2808 994 2858 imitando
1008 2807 1040 2860 ε’
1055 2816 1111 2859 et
1125 2808 1374 2871 secunda,

301 2885 556 2935 videlicet
598 2885 856 2949 quoddam
894 2901 1085 2951 corpus
1126 2885 1372 2934 divinitus

302 2969 504 3010 motum
533 2977 549 3010 ι
576 2959 682 3011 ‘hoc
716 2964 853 3012 enim
903 2963 919 2991 ‘
945 2963 1021 3011 vis
1052 2968 1134 3012 est
1158 2962 1268 3011 sine
1291 2976 1372 3011 ra-

302 3034 473 3098 tione,
495 3036 643 3087 ciens
664 3044 833 3087 motus
856 3038 910 3087 in
940 3038 1148 3103 reliquis
1184 3052 1372 3101 corpo·

303 3114 450 3164 ribus
475 3115 837 3167 necessarios?
904 3115 979 3166 At
1000 3124 1188 3167 natura
1209 3117 1263 3166 in
1286 3131 1373 3181 ge·

305 3205 435 3240 nere
466 3189 670 3253 formae,
708 3199 792 3242 est
825 3193 1228 3258 unumquodque
1263 3208 1374 3244 cor-

306 3282 423 3332 pus,
456 3274 517 3317 et
551 3267 595 3316 si
634 3267 712 3317 ita
736 3270 909 3332 placet
942 3270 1190 3333 Epicuro,
1214 3270 1377 3319 atomi

306 3349 360 3392 et
381 3342 561 3394 inane.
629 3342 888 3409 Quicquid
929 3344 1020 3407 sit,
1062 3361 1164 3395 non
1210 3347 1379 3409 agitur

305 3418 392 3467 hic
410 3419 521 3468 nisi
546 3417 614 3467 de
637 3426 844 3483 natura,
867 3421 921 3469 in
958 3434 1148 3484 genere
1183 3419 1381 3473 formae.

309 3495 446 3546 Haec
483 3503 662 3545 autem
701 3503 890 3547 natura
924 3497 1148 3547 obscura
1171 3498 1380 3563 quidem

309 3577 409 3632 est,
429 3570 528 3620 sed
552 3586 670 3621 suas
692 3572 850 3622 habet
869 3588 1068 3637 causas,
1099 3575 1284 3639 quibus
1319 3584 1379 3626 ut

309 3646 526 3711 Physici
563 3647 779 3698 student
809 3649 1144 3714 inquirendis,
1178 3652 1254 3701 sic
1298 3652 1376 3701 in·

312 3723 522 3787 quisivit
568 3737 657 3772 eas
726 3724 1034 3790 invenitque
1103 3726 1376 3778 Boethius.

312 3798 464 3864 Haec,
496 3801 726 3866 inquam,
771 3809 959 3852 natura
995 3801 1212 3853 obscura
1255 3811 1373 3855 est=

316 3877 435 3941 quia
452 3890 555 3926 non
580 3879 815 3941 generali
838 3878 1116 3941 duntaxat,
1149 3880 1240 3930 sed
1269 3879 1372 3928 sin·

314 3951 474 4013 gulari
492 3952 651 4004 dehet
665 3953 869 4022 percipi
886 3954 1221 4022 cogitatione,
1236 3971 1375 4022 quae‚

1446 1515 1640 1575 utpote
1663 1510 1731 1559 ab
1770 1509 1986 1559 infinitis
2025 1507 2396 1574 propemodum
2420 1505 2513 1556 ad·

1440 1588 1640 1652 junctis
1673 1588 1926 1651 pendens,
1959 1584 2265 1635 difficillime
2288 1582 2510 1633 obtineri

1447 1672 1648 1730 potest.
1677 1665 1809 1714 Suas
1826 1670 1999 1713 tamen
2016 1668 2204 1712 natura
2223 1661 2337 1709 haec
2350 1659 2514 1709 habet

1449 1755 1665 1792 causas:
1699 1728 1827 1790 nihil
1851 1740 1989 1789 enim
2015 1739 2078 1788 fit
2096 1739 2205 1786 siue
2228 1751 2321 1786 sua
2337 1750 2516 1785 causa.

1444 1819 1545 1869 His
1568 1818 1736 1869 causis
1769 1817 2089 1884 inquirendis
2119 1814 2332 1866 student
2370 1814 2514 1878 Phys

1445 1896 1564 1958 sici,
1601 1903 1658 1947 ut
1683 1895 1959 1961 quandam,
1991 1909 2094 1961 qua
2130 1909 2162 1943 a
2205 1890 2394 1943 ceteris
2430 1891 2516 1939 ho·

1445 1972 1670 2021 minibus
1693 1980 2051 2033 secernantur,
2074 1968 2383 2020 felicitatem
2417 1967 2515 2016 sibi

1447 2048 1650 2113 possint
1686 2062 2023 2112 comparare:
2060 2060 2177 2095 nam
2209 2044 2225 2072 ‘
2249 2043 2397 2093 Felix
2426 2043 2515 2107 qui

1448 2126 1622 2188 potuit
1639 2139 1808 2175 rerum
1825 2137 2143 2189 cognoscere
2159 2119 2374 2173 causas!
2399 2121 2512 2169 Has

1448 2200 1672 2264 denique
1728 2215 1910 2250 causas
1968 2203 2270 2263 perspectas
2335 2195 2517 2245 habuit

1447 2276 1723 2341 Boethius,
1748 2276 1940 2342 quippe
1966 2274 2053 2340 qui
2084 2274 2100 2302 ‘
2124 2272 2299 2322 rimari
2321 2269 2522 2320 solitus’

1452 2352 1661 2413 coelum,
1684 2360 2001 2417 terramque,
2027 2353 2372 2402 consueverat
2404 2348 2420 2375 ⁸
2447 2347 2518 2397 la·

1456 2428 1615 2479 tentis
1637 2428 1856 2481 Naturae
1883 2429 2048 2480 varias
2068 2426 2288 2478 reddere
2304 2438 2504 2476 causas.
2507 2420 2525 2446 ’

1453 2504 1559 2556 Sed
1581 2508 1680 2556 heu
1705 2509 1717 2558 !

1520 2590 1546 2617 ⁸
1580 2583 1886 2647 NuncJacet]
1909 2584 2063 2633 Meus
2078 2555 2303 2632 humana
2325 2579 2400 2630 sic
2412 2593 2519 2629 me·

1457 2658 1544 2709 dia
1578 2665 1660 2709 est
1697 2661 1833 2710 inter
1868 2660 2062 2722 Deum,
2104 2672 2135 2707 a
2171 2671 2271 2723 quo
2309 2654 2524 2705 condita

1454 2742 1819 2798 conservatur,
1849 2742 1905 2785 et
1927 2749 2018 2784 coi
2022 2749 2135 2798 pus,
2156 2733 2301 2797 cujus
2319 2738 2397 2779 est
2415 2728 2519 2779 for·

1453 2825 1559 2872 ma,
1594 2818 1655 2860 ut
1692 2826 1793 2875 quo
1825 2811 1986 2873 magis
2026 2812 2166 2871 Deo,
2197 2814 2289 2858 aut
2308 2806 2518 2872 corpori

1454 2887 1684 2936 moventi
1704 2886 2023 2951 obsequitur,
2055 2902 2119 2937 eo
2156 2885 2320 2950 magis
2357 2897 2523 2949 gnara

1454 2963 1567 3026 fiat,
1589 2970 1679 3014 aut
1716 2964 1933 3028 ignara:
1969 2965 1985 2993 ‘
2011 2965 2210 3028 Corpus
2254 2961 2425 3025 enim‚’
2463 2965 2522 3014 ut

1456 3039 1651 3090 dicitur
1676 3041 1797 3103 Sap.
1820 3054 1902 3090 lx.
1936 3040 1952 3068 ‘
1973 3038 2113 3104 quod
2157 3036 2525 3100 corrumpitur,

1426 3157 1431 3162 .
1455 3122 1707 3179 aggravat
1721 3116 1960 3177 animaru,
1977 3122 2033 3165 et
2051 3121 2258 3164 terrena
2271 3112 2527 3161 habitatio

1456 3190 1708 3254 deprimit
1739 3205 1945 3240 sensum
1982 3190 2146 3240 multa
2168 3188 2526 3252 cogitantem!

1457 3268 1606 3317 Deus
1629 3281 1751 3316 vero
1772 3267 1980 3318 Joan.1.
2012 3266 2297 3314 ‘illuminat
2318 3277 2517 3313 omnem

1456 3345 1711 3394 hominem
1724 3344 2017 3394 venientem
2029 3345 2081 3393 in
2090 3345 2225 3393 huuc
2236 3340 2524 3394 mundum!

1459 3422 1600 3472 Hinc
1632 3420 1961 3486 perturbatio
1996 3426 2142 3471 recte
2179 3433 2315 3469 nunc
2354 3419 2524 3483 perhi-

1459 3498 1614 3547 betur
1638 3497 1860 3548 reddere
1891 3496 1907 3524 ‘
1930 3494 2161 3547 effoetum
2180 3495 2352 3545 lumen
2374 3509 2519 3543 men·

1462 3572 1564 3637 tis,'
1613 3582 1669 3622 et
1712 3574 1875 3622 instar
1908 3570 2175 3634 ‘gravium
2212 3576 2515 3620 catenarum

1460 3652 1656 3700 vultum
1690 3649 1755 3699 ad
1797 3656 1990 3699 terram
2031 3647 2327 3712 deprimere
2347 3644 2380 3695 ε’
2430 3645 2520 3696 sed

1454 3723 1709 3777 Boethius
1763 3726 1953 3777 dicitur
2016 3727 2032 3753 ‘
2055 3722 2251 3773 catenis
2309 3734 2520 3788 pressus

1454 3803 1625 3866 colla,’
1686 3803 1870 3867 supple
1943 3799 2260 3851 ‘secuudum
2280 3798 2313 3845 ε’
2385 3798 2522 3849 sicut

1453 3877 1642 3942 virgil.
1710 3883 1725 3907 ‘
1750 3878 1828 3929 Os
1866 3876 2210 3941 humerosque
2246 3875 2361 3925 Deo
2384 3873 2521 3923 simi·

1452 3954 1555 4005 lis.’
