3049 4928
496 408 627 477 188

497 571 694 636 tiaene
722 571 835 636 vel
874 572 1131 650 vestri}
1173 571 1282 637 vel
1327 569 1481 635 sui⁹
1526 575 1766 636 natura
1813 573 2132 656 pretiosae
2158 581 2180 609 ²
2224 573 2427 638 sunt?
2519 570 2697 651 Quid

501 694 730 742 earum
760 676 1031 759 potius⁴
1072 695 1417 755 aurumne,
1448 695 1536 740 an
1564 677 1671 742 vis
1702 684 2036 758 congestae
2069 677 2423 760 pecuniae?
2449 683 2501 713 ¹0
2521 670 2544 710 f
2579 672 2701 739 At-

503 779 623 862 qui
667 778 814 844 haec
838 787 885 817 ¹¹
946 778 1358 845 effundendo
1405 780 1647 863 magiS,
1698 798 1898 863 quam
1949 779 2417 845 coacervando
2468 777 2702 841 melius

499 881 745 949 nitent:
794 881 1127 966 siquidem
1162 882 1445 949 avaritia
1496 902 1761 966 semper
1812 883 2113 962 odiosos,
2166 884 2384 949 claros
2433 869 2707 963 largitas

497 985 685 1051 facit.
773 983 977 1065 Quod
1009 987 1069 1051 si
1099 1006 1367 1052 manere
1395 987 1581 1071 apud
1611 1007 1992 1070 quenquam
2039 1006 2176 1052 non
2226 992 2474 1071 potest,
2523 983 2707 1067 quod

502 1090 895 1154 transfertur
917 1089 982 1154 in
1003 1090 1283 1155 alterum
1311 1110 1328 1171 ;
1358 1095 1512 1155 tunc
1534 1096 1643 1154 est
1662 1091 1962 1174 pretiosa
1987 1091 2300 1175 pecunia,
2323 1109 2475 1154 cum
2500 1094 2710 1152 trans-

502 1190 644 1257 lata
671 1193 739 1257 in
767 1193 937 1258 alios
965 1193 1284 1277 largiendi
1316 1214 1444 1258 usu
1476 1193 1724 1258 desinit
1751 1192 2107 1277 possideri.
2197 1191 2295 1258 At
2342 1191 2574 1255 eadem
2609 1190 2707 1254 si‘

499 1294 680 1377 apud
708 1315 929 1373 unum,
961 1305 1217 1381 quanta
1241 1304 1348 1363 est
1375 1298 1633 1383 ubique
1664 1299 1960 1380 gentium
1993 1300 2411 1378 congeratur,
2440 1301 2705 1358 ceteros

502 1397 611 1459 sui
640 1398 881 1482 inopes
910 1400 1161 1466 fecerit.
1251 1400 1341 1468 Et
1367 1420 1507 1469 vox
1539 1401 1815 1485 quidem
1862 1399 2010 1464 tota
2062 1398 2316 1481 pariter
2352 1395 2709 1459 multorum

503 1498 715 1581 replet
768 1500 1115 1568 auditum:
1165 1511 1408 1571 vestrae
1435 1523 1597 1571 vero
1642 1502 1922 1580 divitiae,
1967 1503 2091 1565 nisi
2139 1499 2595 1574 comminutae,
2643 1495 2712 1557 in

505 1602 733 1684 plures
765 1607 1044 1670 transire
1074 1625 1211 1670 non
1241 1614 1569 1690 possunt:
1618 1606 1802 1691 quod
1832 1626 1983 1671 cum
2015 1605 2269 1669 factum
2318 1606 2500 1678 est,¹²
2545 1618 2710 1681 pau·
2787 1687 2790 1690 Ι

510 1722 705 1786 peres
740 1727 1019 1774 necesse
1073 1716 1175 1774 est
1196 1711 1448 1808 faciant
1478 1731 1649 1795 quos
1671 1711 2061 1804 relinquunt.
2151 1706 2211 1771 Ο
2244 1706 2440 1790 igitur
2470 1720 2711 1785 angus-

506 1808 610 1870 tas
666 1810 1037 1895 inopesque
1067 1812 1362 1891 divitias,
1395 1833 1567 1897 quas
1594 1833 1718 1878 neo
1748 1812 1991 1877 habere
2044 1816 2232 1876 totas
2283 1807 2591 1892 pluribus
2635 1804 2713 1867 li-

510 1915 644 1989 cet,
674 1918 741 1978 et
769 1914 851 1979 ad
879 1916 1243 2000 quemlibet
1275 1917 1420 1981 sine
1444 1921 1813 1981 ceterorum
1832 1917 2225 2001 paupertate
2242 1931 2374 1976 non
2405 1904 2711 1976 veniunt!

1190 424 1435 473 BoE'l'H
1451 424 1499 471 ll
1556 426 1651 472 DE
1700 425 2008 474 coNsoL.

573 2115 594 2140 ⁶
632 2108 676 2156 Ο
701 2108 924 2159 homines.
1057 2107 1084 2142 ἅ
1116 2111 1401 2161 Ρνετίοείιιε.
1535 2118 1556 2142 ²
1592 2110 1758 2161 Tanta.

1752 2236 1783 2254 Ο

509 2313 772 2363 Divitioene
791 2317 866 2364 vel
887 2321 1062 2376 vestra,
1084 2320 1158 2369 vel
1177 2318 1281 2368 sui.-
1317 2317 1454 2383 quod
1479 2319 1639 2369 etiam
1678 2319 1831 2370 codd.
1861 2319 2057 2368 Thoan.
2081 2315 2294 2381 primus,
2325 2314 2459 2379 Reg.
2500 2320 2556 2362 et
2579 2310 2721 2361 Viet.

510 2379 856 2441 primus—10
894 2383 1045 2445 Vulg.
1087 2393 1310 2446 cong-esta
1348 2385 1704 2449 peneum-11
1744 2387 1758 2413 ‘
1783 2384 1937 2448 Atqui
1985 2382 2083 2445 hae]
2135 2381 2447 2431 Germanius
2486 2376 2625 2443 quod
2670 2377 2722 2426 in

509 2444 752 2510 scriptis:
803 2448 938 2512 atqui
972 2448 1106 2502 haec!
1144 2451 1400 2526 ¹30¹·.···¹2
1441 2451 1544 2503 Ms.
1582 2451 1835 2502 Rittersh.
1869 2450 2008 2507 Quod
2044 2462 2149 2498 cum
2174 2447 2369 2509 sactum
2404 2445 2621 2496 sia—13
2657 2441 2723 2492 In

1507 2600 1721 2653 NOTAE

577 2716 599 2742 ²
631 2709 897 2760 Divitioene
929 2713 1002 2762 vel
1030 2711 1195 2776 vestri,
1218 2716 1290 2764 vel
1308 2714 1578 2764 minatum
1657 2721 1778 2768 sunt
1817 2721 1873 2765 et
1916 2713 2192 2773 distinctas,
2230 2709 2356 2758 nihil
2378 2714 2437 2758 ut
2458 2707 2729 2756 involvant

505 2787 753 2851 pretiosae]
779 2787 1171 2853 1.‘Pl1ilosophia
1193 2790 1402 2855 probat,
1423 2806 1579 2855 gene·

511 2863 666 2914 ratim
689 2863 901 2916 divitias
932 2879 1035 2914 non
1071 2881 1186 2916 esse
1209 2867 1417 2933 aliquod
1437 2882 1581 2916 men·

512 2945 579 2994 tis
618 2946 852 2996 humanae
893 2945 1105 3010 bonum,
1128 2962 1232 2996 non
1252 2948 1415 2996 solum
1440 2946 1581 3012 quod

511 3037 663 3073 omne
685 3022 910 3074 fortnnae
933 3023 1143 3088 bonum,
1163 3024 1243 3087 cuj
1253 3022 1582 3073 usmodisunt

482 3102 485 3105 '
510 3101 730 3162 divitiae,
753 3107 905 3150 extra
928 3106 1157 3150 mentem
1179 3107 1280 3162 est,
1302 3100 1582 3149 attentius-

513 3193 615 3243 que
656 3178 1044 3229 consideratum
1082 3178 1363 3241 sordescit,
1392 3184 1454 3228 ut
1467 3178 1581 3242 jam

513 3255 648 3305 dixit
669 3271 688 3316 ς
723 3255 817 3305 sed
838 3254 996 3305 etiam
1019 3255 1159 3321 quod
1184 3255 1342 3306 nullae
1381 3253 1582 3305 divitiae

512 3331 757 3395 pretiosae
781 3339 920 3384 sunt.
966 3332 1266 3390 Pretiosum
1290 3347 1418 3396 ergo
1435 3331 1584 3382 nobis

513 3410 566 3460 id
603 3409 813 3475 dicitur,
846 3411 985 3475 quod
1020 3411 1075 3461 in
1111 3418 1290 3463 nostra
1320 3412 1582 3462 existima·

517 3487 659 3539 tione
691 3495 962 3539 versatur:
1003 3487 1100 3538 hae
1126 3489 1264 3538 enim
1288 3496 1468 3539 nostra
1491 3503 1581 3538 ex·

515 3564 834 3615 istimatione
867 3564 949 3628 fit,
986 3572 1046 3615 ut
1070 3565 1206 3614 illius
1243 3563 1581 3628 comparandi

517 3655 696 3703 causa,
730 3641 868 3705 quod
909 3656 942 3690 a
982 3641 1134 3690 nobis
1173 3641 1431 3704 poscitur,
1463 3655 1583 3704 pre·

519 3719 649 3769 tium
674 3719 963 3768 solvamus:
1001 3715 1138 3766 unde
1161 3717 1448 3780 pretiosum
1472 3717 1584 3768 die·

518 3802 629 3846 tum
666 3802 761 3845 est.
827 3795 1051 3846 Duobus
1081 3801 1255 3845 autem
1295 3794 1457 3845 modis
1494 3795 1585 3846 ali-

517 3872 640 3938 quid
665 3872 860 3922 versari
886 3877 1064 3935 potest
1106 3873 1160 3920 in
1195 3880 1371 3923 nostra
1405 3872 1587 3923 existi·

519 3949 766 4008 matione,
806 3963 900 4013 pro
943 3948 1137 4013 duplici
1160 3948 1332 4012 modo,
1349 3964 1451 4014 quo
1472 3963 1590 3999 sese

517 4025 712 4076 habere
731 4031 946 4089 possunt
965 4025 1121 4092 ideae,
1138 4039 1205 4076 ex
1222 4024 1408 4090 quibus
1423 4024 1591 4074 veluti

496 4096 583 4152 ‘ex
620 4103 841 4167 quadam
882 4102 1102 4153 materia
1145 4102 1234 4152 illa
1255 4101 1593 4165 existimatio,

520 4185 709 4244 utpote
741 4179 1021 4243 judicium,
1054 4185 1280 4229 constat.
1355 4178 1593 4227 Primum

522 4256 732 4322 quidem
744 4264 962 4322 propter
983 4258 1000 4286 ‘
1018 4257 1098 4306 sui
1116 4262 1355 4306 naturam
1378 4255 1414 4303 :'
1431 4270 1594 4321 quan-

519 4333 589 4403 do
627 4334 834 4384 seilicet
866 4333 1136 4399 praedictae
1171 4333 1305 4383 ideae
1335 4333 1412 4384 ita
1435 4332 1592 4385 clarae

1658 2799 1856 2861 praeter
1898 2792 1952 2842 id
1993 2788 2128 2856 quod
2171 2803 2202 2836 a
2233 2786 2390 2836 rebus
2414 2783 2725 2849 cogitationi

1662 2871 1933 2936 subjectis,
1970 2873 2160 2933 utpote
2189 2863 2489 2916 earumdem
2530 2861 2727 2923 causis,

1664 2951 2000 3010 acceperunt.
2068 2941 2274 2992 Deinde
2323 2951 2447 2988 vero
2504 2945 2729 3002 propter

1661 3026 1678 3054 ‘
1699 3023 1903 3081 vestri,’
1926 3038 1957 3073 o
1979 3020 2232 3082 homines,
2255 3020 2525 3066 ‘naturam
2546 3013 2584 3063 ε’
2609 3028 2730 3062 cum

1666 3089 2026 3151 uidelicetillae
2050 3097 2206 3158 ideae,
2229 3101 2424 3159 praeter
2445 3089 2519 3153 id,
2537 3089 2680 3155 quod
2704 3104 2735 3138 a

1665 3180 1823 3230 rebus
1879 3174 2187 3241 cogitationi
2243 3168 2469 3235 objectis
2518 3166 2735 3229 habent,

1665 3257 1836 3320 ipsum
1865 3253 2154 3320 judicantis
2190 3245 2551 3314 praejudicium
2574 3244 2737 3293 invol-

1667 3340 1816 3385 vunt.
1904 3331 2120 3395 Optime
2177 3326 2338 3392 igitur
2398 3319 2739 3384 Philosophia

1668 3409 1873 3476 quaerit,
1914 3422 1979 3458 an
2022 3404 2264 3454 ‘divitiae
2308 3398 2579 3466 pretiosae’
2630 3397 2739 3447 sint

1664 3489 1680 3517 ‘
1699 3487 1880 3548 vestri,
1903 3485 1984 3535 vel
1999 3483 2277 3533 suinat'tua
2292 3479 2323 3541 ς’
2346 3487 2453 3529 tum
2480 3491 2575 3541 pro
2598 3490 2739 3525 com-

1665 3571 1820 3629 perto
1832 3575 2032 3626 ponens
2051 3558 2264 3609 divitias
2283 3555 2389 3604 ‘sui
2405 3563 2595 3604 natura
2617 3567 2738 3616 pre·

1666 3640 1843 3692 tiosas’
1867 3640 1921 3688 in
1945 3650 2160 3687 numero
2181 3634 2435 3684 bonorum
2465 3644 2569 3697 non
2602 3643 2739 3691 esse,

1665 3716 1908 3783 sequenti
1930 3713 2186 3779 pecuniae,
2221 3723 2559 3775 gemmarum,
2590 3719 2742 3769 agro-

1668 3810 1802 3857 rum,
1841 3792 2080 3854 vestium,
2114 3796 2172 3839 et
2191 3786 2504 3836 famulorum
2528 3796 2741 3832 enume-

1670 3873 1874 3922 ratione
1920 3867 2113 3934 probat
2155 3863 2369 3915 easdem
2405 3860 2615 3910 divitias
2648 3873 2741 3907 ne-

1673 3947 1883 4013 quidem
1898 3948 1914 3974 ‘
1928 3943 2089 3996 vestri
2107 3948 2293 3991 natura
2307 3934 2581 4003 pretiosas’
2598 3935 2742 3985 inter

1675 4025 1810 4075 bona
1833 4037 1947 4074 esse
1967 4016 2335 4071 recensendas.

1677 4104 1680 4105 ⁷
1748 4099 2040 4161 ‘Auruncum
2069 4112 2134 4146 απ
2159 4096 2234 4144 vis
2248 4095 2481 4154 congestae
2499 4085 2741 4153 pecuniae]

1674 4193 1744 4229 11.
1780 4173 2121 4239 Philosophia
2142 4168 2416 4235 speciatim
2440 4165 2651 4214 dictura
2674 4162 2740 4214 de

1672 4253 1980 4320 quibusdam
2016 4248 2308 4300 divitiarum
2339 4241 2635 4308 generibuS,
2667 4239 2741 4288 ni·

1672 4332 1858 4386 mirum
1901 4328 1966 4381 de
2011 4324 2254 4393 pecunia,
2307 4319 2541 4385 gemmis,
2586 4317 2742 4381 agris,
