3049 4928
544 431 847 483 BOE'I'Hss
898 433 995 481 Du
1038 432 1352 483 CONSOL.
1403 432 1848 492 Pnlnosorn.
1899 435 2041 483 ΜΒ.
2090 437 2173 487 11.

299 576 618 641 equitatem?
705 578 776 629 Et
814 578 1026 643 Cyreni,
1065 569 1194 643 quos
1237 577 1337 628 hoc

297 655 513 704 encomio
550 655 780 705 celebrat
817 655 1041 705 Severus
1078 654 1335 719 Sulpicius

299 732 494 794 Dialog.
529 745 566 782 1.
600 733 685 783 De
722 733 992 783 Miraculis
1031 734 1086 783 S.
1115 734 1335 783 Martini

300 808 566 872 Episcopi:
637 809 652 836 ‘
674 810 804 859 Cum
852 810 1109 879 hominum
1164 824 1334 860 mores

296 899 650 949 quaereremus,
690 886 818 936 illud
866 889 1173 951 praeclarum
1218 888 1326 937 aui-

297 961 673 1025 madvertimus,
693 963 821 1013 nihil
854 980 942 1014 eos
967 978 1137 1030 neque
1159 979 1335 1015 emere

293 1052 447 1102 neque
465 1038 707 1089 vendere.
762 1041 899 1094 Quid
922 1042 992 1092 sit
1013 1040 1155 1092 fraus
1177 1045 1336 1108 atque

292 1112 471 1165 furtum
514 1118 766 1168 nesciunt.
831 1118 1031 1169 Aurum
1067 1127 1223 1185 atque
1257 1136 1338 1170 ar-

294 1198 509 1255 gentum,
526 1208 642 1257 quae
666 1193 832 1257 prima
858 1197 1106 1245 mortales
1130 1204 1336 1260 putant,

291 1280 450 1331 neque
471 1268 662 1319 habent
679 1284 847 1335 neque
867 1271 1064 1321 habere
1086 1273 1337 1336 cupiunt!

292 1342 419 1394 Quin
448 1353 503 1395 et
540 1347 602 1396 C.
624 1346 795 1397 Julius
832 1348 1010 1397 Caesar
1039 1349 1131 1400 lib.
1154 1363 1233 1399 vr.
1267 1350 1333 1400 de

290 1422 427 1480 Bello
445 1425 652 1475 Gallico
682 1424 904 1476 affirmat
925 1426 1214 1476 Germanos
1250 1441 1334 1477 ve-

291 1505 419 1548 teres
438 1500 730 1551 accuratius
753 1502 1097 1565 prospexisse,
1115 1502 1131 1529 ‘
1145 1517 1212 1552 ne
1233 1503 1335 1551 ori·

290 1582 422 1624 retur
459 1578 693 1640 pecunias
727 1578 1002 1642 cupiditas,
1037 1593 1139 1643 qua
1175 1594 1240 1628 ex
1276 1593 1334 1629 re

287 1648 527 1702 factiones
570 1654 1018 1719 dissensionesque
1055 1668 1330 1705 nasceren-

289 1728 396 1778 tur!
427 1725 573 1780 Rern.

290 1843 295 1848 .
347 1806 567 1857 Preciosa
615 1807 829 1871 pericula
856 1808 1017 1872 fodit]
1088 1809 1250 1859 ovid.
1289 1823 1331 1858 ι.

289 1880 349 1931 de
377 1883 562 1952 Ponto,
586 1886 739 1949 Eleg.
759 1890 807 1936 8.
843 1886 859 1914 ‘
880 1887 1000 1936 Non
1023 1893 1196 1937 tamen
1220 1888 1333 1937 haec

285 1959 390 2011 loca
406 1969 523 2012 suut
536 1964 646 2012 ullo
664 1964 903 2027 preciosa
921 1965 1131 2013 metallo
1151 1981 1165 2013 ε
1201 1965 1333 2014 Hos-

287 2036 348 2085 tis
389 2038 454 2090 ab
479 2041 713 2105 agricola
756 2041 842 2090 vix
881 2041 1007 2091 sinit
1058 2043 1147 2091 illa
1185 2040 1333 2093 fodi!

273 2114 426 2167 Idm.

345 2192 522 2244 PnosA
542 2199 591 2246 6.
637 2195 869 2245 Flammis
885 2195 1069 2259 AEtnae]
1094 2196 1190 2246 Sil.
1211 2195 1336 2247 Ital.

280 2269 315 2319 l.
336 2283 450 2322 xm
493 2274 770 2337 eleganter
790 2273 960 2322 AEtuae
984 2273 1173 2322 montis
1192 2272 1335 2336 inge·

284 2345 415 2397 nium
436 2347 680 2412 depingit
712 2348 856 2398 hisce
878 2348 1141 2398 versibus:
1197 2350 1213 2377 ⁴
1235 2347 1338 2399 Ast

284 2422 431 2475 AEtua
470 2431 685 2476 eructat
730 2424 1049 2475 tremefactis
1098 2425 1338 2476 cautibus

285 2500 447 2568 ignes,
463 2504 658 2555 Inclusi
681 2502 906 2566 gemitus
931 2503 1206 2568 pelagique
1229 2503 1340 2553 imi·

287 2584 391 2629 tata
430 2580 682 2644 furorem,
723 2581 992 2629 Murmure
1032 2594 1128 2642 per
1171 2593 1338 2630 caecos

285 2660 426 2707 tonat
445 2657 736 2724 irrequieta
754 2655 1013 2720 fragores,
1033 2656 1207 2706 Nocte
1229 2655 1339 2706 die·

284 2746 379 2796 que
416 2736 567 2785 simul
603 2734 748 2783 fonte
790 2748 822 2783 e
861 2733 1240 2796 Phlegetontis,
1279 2739 1341 2782 ut

284 2816 392 2859 atro
435 2812 784 2862 Flammarum
829 2808 1061 2859 exundat
1116 2816 1339 2871 torrens,

285 2885 527 2952 piceaque
563 2887 798 2952 procella
839 2885 1216 2936 Semiambusta
1259 2900 1337 2934 ro·

285 2965 359 3009 tat
396 2962 694 3029 liquefactis
737 2977 865 3012 saxa
914 2962 1168 3013 cavernis.
1232 2962 1336 3012 Sed

283 3053 565 3106 quanquam
586 3042 732 3103 largo
746 3038 1063 3088 flammarum
1078 3046 1340 3090 exaestuat

278 3117 414 3168 intus
435 3119 686 3182 Turbine,
707 3126 765 3167 et
787 3118 993 3167 assidue
1026 3118 1338 3168 subnascens

271 3193 492 3258 ‚profluit
520 3197 681 3260 iguisz
721 3196 927 3245 Summo
956 3208 1089 3245 cana
1100 3195 1233 3260 jugo
1252 3210 1338 3246 co·

278 3271 420 3323 hibet
438 3273 705 3339 (mirabile
734 3272 906 3337 dictu)
936 3271 1173 3321 Vicinam
1195 3269 1339 3335 flam-

282 3348 374 3398 mis
404 3350 645 3414 glaciem,
685 3354 989 3412 aeternoque
1027 3347 1199 3411 rigore
1240 3347 1340 3398 Ar·

283 3424 463 3477 dentes
499 3428 721 3476 horrent
755 3425 972 3490 scopuli,
1005 3426 1339 3476 stat‘vertice

281 3503 401 3552 celsi
435 3504 596 3554 Collis
627 3504 810 3566 hiems,
855 3501 1123 3567 calidaque
1167 3503 1338 3553 nivem

281 3580 414 3644 tegit
432 3588 548 3631 atra
568 3580 746 3630 favilla
762 3577 797 3628 :'
832 3578 1053 3628 Ovidius
1074 3579 1163 3629 lib.
1187 3591 1252 3629 ιι.
1271 3579 1338 3629 de

280 3653 471 3719 Ponto,
488 3656 636 3719 Eleg.
662 3659 742 3705 10.
768 3651 923 3718 fingit
942 3654 1111 3703 AEtuae
1142 3653 1338 3716 Gigan-

281 3737 381 3781 tem
426 3748 538 3784 esse
581 3732 926 3797 suppositum,
970 3730 1060 3796 qui
1108 3729 1337 3780 flammas

280 3824 367 3860 ore
400 3818 624 3863 evomat.
691 3811 779 3862 Ita
814 3809 951 3859 enim
981 3809 1102 3859 ille:
1152 3809 1170 3837 ⁶
1190 3808 1336 3858 Vidi·

280 3899 391 3940 mus
405 3893 604 3941 AEtnaea
614 3891 800 3941 eoelum
816 3889 1183 3954 splendescere
1196 3885 1339 3937 flam·

279 3976 380 4029 ma,
411 3969 720 4033 suppositus
740 3968 902 4016 monti
925 3981 1041 4015 cum
1063 3965 1233 4015 vomit·
1247 3978 1338 4015 ore

282 4042 456 4106 gigas!
522 4046 604 4094 De
627 4046 783 4094 AEtna
798 4051 1058 4108 praeterea
1079 4041 1338 4091 Pindarus

282 4118 437 4183 Pyth.
481 4121 588 4172 od.
634 4135 674 4170 1.
717 4120 945 4184 Oppiau.
985 4133 1023 4169 1.
1080 4119 1337 4182 cyneget.

283 4197 659 4249 Isucret.⁴libro
704 4199 870 4263 primo
912 4204 968 4248 et
1003 4198 1137 4248 libro
1169 4205 1339 4263 sexto,

285 4272 463 4325 AEliau.
489 4277 526 4326 l.
548 4288 679 4327 vm.
711 4274 914 4325 Variar.
944 4274 1088 4324 Hist.
1111 4289 1231 4339 cap.
1257 4278 1337 4324 11.

284 4349 442 4401 Belin.
464 4366 582 4415 cap.
600 4355 680 4403 42.
727 4352 926 4402 Seneca
945 4352 1120 4417 Epist.
1138 4355 1218 4404 80.
1234 4352 1340 4401 ·Vi-

2346 422 2479 488 453

1411 575 1527 628 bius
1562 576 1848 641 sequester
1876 578 1945 627 de
1968 577 2255 643 Montibus,
2288 579 2350 629 Β.
2371 578 2479 628 Au-

1412 662 1545 718 gust.
1570 654 1658 704 lib.
1688 668 1774 705 111.
1817 655 1898 704 De
1921 655 2034 705 Civ.
2056 657 2162 706 Dei
2187 671 2307 719 cap.
2339 661 2389 706 2.
2427 663 2483 706 et

1410 732 1500 780 lib.
1527 745 1607 782 tv.
1626 745 1746 794 cap.
1769 736 1819 782 2.
1840 731 1927 781 ubi
1950 733 2082 781 citat
2102 731 2383 796 Apuleium
2413 732 2480 782 de

1410 809 1631 873 Mundo,
1663 809 1753 873 qui
1788 809 2079 874 scripserit,
2097 808 2312 859 flumina
2335 808 2483 859 fiam-

1409 898 1608 935 marum
1627 899 1693 935 ex
1719 885 1874 935 AEtna
1889 887 2199 951 cucurrisse,
2229 887 2481 937 Martiau.

1411 961 1613 1025 Capell.
1658 961 1751 1012 lib.
1790 965 1841 1012 6.
1879 963 1964 1013 De
2007 963 2177 1028 Nupt.
2218 963 2480 1027 Philolog.

1409 1036 1636 1088 Salvian.
1675 1036 1767 1088 lib.
1806 1051 1912 1090 vn.
1961 1040 2044 1089 De
2083 1039 2481 1090 Gubernatioue

1408 1114 1536 1177 Dei,
1559 1115 1749 1179 aliique
1774 1116 1999 1179 plurimi.
2033 1115 2187 1167 Idem.

1477 1192 1735 1245 consulare
1770 1191 2040 1256 imperium]
2087 1194 2233 1242 Tunc
2276 1190 2483 1241 scilicet

1409 1281 1531 1316 cum
1545 1268 1711 1317 creati
1730 1275 1851 1318 sunt
1870 1269 2174 1319 Decemviri
2199 1286 2215 1319 t
2248 1268 2336 1334 qui
2354 1283 2482 1333 pau.-

1407 1344 1458 1393 lo
1477 1350 1600 1408 post
1620 1344 1687 1394 ob
1712 1346 1963 1409 virginiae
1988 1345 2192 1396 coedem
2224 1345 2480 1396 seditione

1409 1427 1545 1484 orta,
1560 1421 1731 1471 coacti
1747 1423 2053 1487 magistratu
2069 1437 2123 1472 se
2141 1422 2450 1473 abdicavere
2465 1438 2479 1472 ε

1408 1503 1469 1547 ut
1490 1498 1672 1561 legere
1710 1505 1791 1549 est
1810 1501 1950 1564 apud
1990 1500 2193 1550 Livium
2234 1500 2420 1551 decad.
2444 1514 2485 1550 ι.

1407 1573 1495 1625 lib.
1518 1587 1605 1623 ιιι.
1629 1574 1717 1624 ubi
1761 1576 1898 1626 iuter
1932 1583 2123 1626 caetera
2165 1577 2256 1641 ait,
2288 1582 2303 1606 ‘
2327 1576 2483 1626 Anno

1409 1652 1780 1702 trecentesimo
1830 1654 2017 1716 altero,
2061 1669 2215 1717 quam
2270 1653 2486 1704 condita

1411 1728 1577 1778 Roma
1622 1736 1757 1792 erat,
1798 1730 1989 1780 iterum
2032 1738 2272 1780 mutatur
2316 1728 2484 1780 forma

1409 1804 1637 1855 civitatis
1659 1807 1724 1856 ab
1760 1808 2070 1859 Consulibus
2110 1809 2174 1858 ad
2211 1807 2486 1859 Decemvi-

1410 1894 1516 1943 ros,
1538 1883 1968 1945 quemadmodum
2009 1884 2076 1933 ab
2100 1884 2335 1949 Regibus
2358 1891 2482 1933 ante

1409 1958 1475 2007 ad
1502 1960 1752 2010 Consules
1773 1966 2011 2025 venerat,
2038 1962 2293 2011 translato
2318 1961 2483 2024 impe-

1411 2036 1505 2085 rio.
1574 2037 1749 2087 Minus
1766 2039 2003 2102 insignis,
2024 2037 2147 2103 quia
2164 2053 2266 2089 nou
2286 2038 2485 2088 diutur-

1409 2126 1477 2162 na
1498 2115 1717 2164 mutatio
1739 2114 1873 2166 fuitz
1909 2115 2032 2165 laeta
2066 2116 2203 2166 enim
2230 2116 2489 2179 principia

1409 2191 1749 2255 magistratus
1784 2192 1895 2255 ejus
1935 2192 2087 2241 nimis
2125 2193 2484 2244 luxuriavere:

1411 2269 1819 2332 repetitumque,
1853 2268 2055 2319 duobus
2097 2269 2175 2318 uti
2213 2269 2484 2319 mandare-

1412 2349 1500 2393 tur
1524 2344 1809 2395 Consulum
1845 2359 2031 2395 nomen
2072 2344 2489 2412 imperiumque?

1419 2420 1596 2475 Vssuin·

1481 2499 1736 2547 Comlare
1767 2497 2040 2561 imperium]
2079 2498 2146 2547 B.
2169 2495 2485 2561 Augustinus

1412 2573 1549 2624 libro
1589 2574 1769 2638 quinto
1811 2575 1899 2623 De
1936 2574 2050 2624 Civ.
2085 2574 2205 2635 Dei,
2242 2587 2359 2638 cap.
2402 2577 2485 2623 12.

1413 2651 1430 2679 ‘
1457 2649 1598 2699 Hinc
1639 2657 1720 2699 est
1758 2649 1899 2714 quod
1924 2650 2152 2714 regalem
2177 2650 2486 2700 dominatio-

1413 2740 1535 2776 nem
1558 2740 1661 2775 non
1693 2725 1947 2788 ferentes,
1964 2741 2132 2775 annua
2171 2727 2387 2790 imperia
2409 2726 2487 2776 bi·

1414 2816 1615 2867 nosque
1640 2802 1979 2866 imperatores
1996 2800 2094 2850 sibi
2119 2799 2375 2865 fecerunt,
2399 2798 2488 2865 qui

1414 2881 1666 2932 Consules
1680 2877 1935 2942 appellati
1951 2882 2071 2926 sunt
2084 2892 2115 2926 a
2131 2877 2486 2940 cousulend0,’

1414 2962 1517 3009 διο.
1587 2957 1722 3007 vide
1755 2956 1977 3006 eundem
2015 2955 2150 3005 libro
2174 2956 2356 3018 tertio,
2369 2970 2488 3020 rap.

1415 3039 1496 3086 16.
1530 3035 1702 3084 Sttzm.

1488 3113 1652 3164 Vestri
1691 3111 1894 3174 veteres]
1955 3105 2193 3172 Ὓμέτεροι
2247 3106 2487 3171 πράγοναι.

1418 3189 1626 3242 Gellius
1668 3188 1760 3238 lib.
1782 3201 1822 3236 1.
1865 3200 1913 3236 c.
1938 3190 2019 3234 15.
2056 3184 2074 3213 ‘
2097 3184 2321 3234 Veteres
2359 3197 2484 3249 quo-

1418 3282 1521 3334 que
1546 3266 1710 3317 nostri
1742 3265 1839 3314 hoc
1862 3277 2023 3327 genus
2042 3260 2271 3311 homines
2293 3261 2346 3310 in
2369 3274 2484 3309 ver·

1421 3344 1491 3394 ba
1513 3349 1811 3408 provectos,
1833 3340 2157 3401 locutuleios,
2186 3346 2242 3388 et
2264 3339 2486 3389 blatero-

1420 3436 1532 3486 nes,
1554 3426 1611 3470 et
1632 3421 1896 3482 linguaces
1920 3414 2200 3466 dixerunt.’
2232 3417 2385 3465 Idem.

1486 3497 1563 3546 01>
1585 3495 1853 3561 superbiam
1895 3494 2083 3556 regium
2102 3495 2162 3543 de
2182 3493 2381 3542 civitate
2401 3508 2483 3542 no-

1411 3592 1520 3627 men
1560 3572 1881 3635 abstulerant]
1961 3570 2113 3622 Quod
2157 3567 2356 3619 factum
2401 3575 2487 3619 est

1413 3661 1670 3719 regnante
1690 3651 1969 3716 Tarquinio
2007 3648 2264 3712 Superbo,
2285 3646 2375 3712 qui
2396 3661 2485 3696 oc-

1412 3733 1522 3782 ciso
1559 3731 1742 3781 Servio
1762 3729 1931 3778 Tullio
1960 3728 2306 3776 Romanorum
2332 3724 2484 3788 Rege

1411 3823 1493 3859 vr.
1516 3809 1586 3857 im
1625 3808 1786 3855 etium
1799 3802 2329 3865 scelesteoccupavit.
2346 3800 2481 3849 Tum

1412 3885 1549 3935 euim
1633 3885 1702 3933 ini
1761 3882 2012 3932 Consules
2062 3885 2334 3942 coeperunt
2389 3890 2484 3940 pro

1416 3975 1519 4011 uno
1543 3962 1691 4024 Rege
1712 3961 1859 4009 anuis
1881 3957 2096 4020 singulis
2120 3955 2483 4005 administrare

1413 4038 1681 4102 Rempub.
1749 4037 1811 4086 L.
1850 4035 2030 4084 Florus
2072 4033 2159 4082 lib.
2185 4047 2223 4083 ι.
2267 4047 2384 4095 cap.
2429 4035 2482 4080 7.

1412 4116 1670 4166 ‘Tamdiu
1716 4111 2012 4176 superbiam
2056 4110 2219 4173 Regis
2257 4110 2481 4173 populus

1413 4195 1675 4244 Romanus
1699 4202 1972 4254 perpessus
1996 4193 2095 4248 est,
2114 4188 2281 4236 donec
2298 4187 2481 4235 aberat

1412 4269 1611 4320 libido:
1660 4267 1795 4316 hanc
1833 4279 1900 4313 ex
1932 4263 2108 4313 liberis
2143 4263 2258 4326 ejus
2293 4263 2483 4326 impor-

1416 4349 1694 4400 tunitatem
1728 4345 1955 4395 tolerare
1990 4356 2092 4391 non
2128 4341 2320 4405 potuit,
2353 4353 2480 4405 quo-
