3049 4928
487 369 617 435 264
1202 393 1504 445 eourflu
1559 395 1657 445 nn
1705 398 2014 448 consor„

488 533 654 622 illud
705 533 1084 603 Alcibiadis
1136 539 1498 624 superficie
1528 543 2051 628 pulcherrimum
2081 561 2394 634 corpuS‚¹
2463 554 2709 639 turpis-

488 637 724 702 simum
755 639 1141 706 videretur?
1190 643 1404 727 Igitur
1455 653 1519 714 te
1552 649 1903 733 pulchrum
1958 652 2220 732 videri}
2259 676 2396 721 non
2444 665 2566 724 tua
2596 679 2709 724 na-

488 749 655 821 tura,
709 745 833 808 sed
884 747 1229 813 oculorum
1289 755 1737 834 spectantium
1786 756 2000 821 reddit
2053 758 2456 827 infirmitas)
2570 764 2703 830 Sed

488 848 846 928 aestimate,
879 871 1083 934 quam
1117 854 1325 919 vultis
1376 857 1586 922 nimio
1635 860 1935 944 corporis
1981 863 2194 944 bona;
2258 865 2413 932 dum
2461 868 2704 934 sciatis

485 951 612 1024 hoc
640 953 1116 1040 quodcumque
1137 959 1492 1040 miramini,
1526 962 1855 1034 triduanae
1878 966 2085 1033 febris
2110 969 2451 1050 igniculo²
2492 992 2702 1055 posse

487 1054 790 1122 dissolvi.
882 1060 992 1126 Ex
1023 1062 1265 1145 quibus
1306 1066 1616 1133 omnibus
1661 1069 1828 1135 illud
1874 1072 1943 1135 in
1995 1091 2323 1138 summam
2354 1075 2703 1158 redigere⁷

488 1159 689 1226 lieet:
740 1165 915 1247 quod
947 1166 1117 1246 haec,
1151 1189 1303 1252 quoe
1335 1190 1456 1236 nec
1485 1177 1836 1255 praestare,
1870 1194 2028 1259 quae
2057 1176 2466 1261 pollicentur
2501 1181 2704 1258 bona,

487 1275 806 1348 possunt,
839 1290 960 1333 nec
994 1271 1291 1336 omnium
1312 1275 1633 1341 bonorum
1655 1279 2167 1362 congregatione
2190 1282 2500 1366 perfecta
2528 1292 2706 1361 sunt,

490 1387 575 1432 ea
600 1389 725 1434 nec
756 1371 842 1483 ad
893 1361 1392 1456 beatitudinem,
1424 1381 1952 1484 quasiquidam
1984 1384 2255 1465 calles,²¹·
2297 1387 2540 1467 ferunt,
2584 1408 2707 1454 nec

486 1470 719 1538 beatos
749 1476 903 1559 ipsa
932 1477 1302 1560 perficiunt.

552 1690 566 1723 ²
604 1694 740 1749 Quod
756 1697 952 1759 pulcher
973 1701 1198 1766 videaris,
1219 1704 1286 1753 id.
1417 1714 1453 1742 ’κ
1498 1707 1619 1758 Vae‘oe.

478 1940 596 1987 gere
615 1925 667 1975 in
689 1941 916 1980 summam
938 1931 1060 1981 edd.
1083 1933 1302 1984 eaedem.

1487 2091 1709 2143 NOTAE

486 2221 565 2265 est
585 2221 689 2266 tam
712 2219 1173 2287 Lynceus,'inquit
1191 2226 1408 2291 TulliuS,
1433 2228 1448 2255 ‘
1467 2228 1553 2293 qui
1640 2244 1756 2293 pus,
1808 2235 2027 2294 propter
2084 2229 2334 2294 majorem
2401 2229 2704 2279 deformium

484 2293 536 2342 in
563 2295 726 2343 tantis
749 2297 979 2347 tenebris
1011 2301 1139 2351 nihil
1161 2300 1410 2368 offendat,
1437 2320 1554 2355 nus-

486 2386 640 2435 quam
681 2373 914 2425 incurrat
933 2376 971 2425 ?'
1039 2380 1290 2432 Horatius
1315 2384 1485 2448 Epist.
1516 2386 1554 2435 l.

485 2462 526 2499 1.
557 2451 658 2516 Ep.
693 2457 739 2503 1.
805 2454 821 2483 ‘
849 2456 967 2506 Non
1002 2459 1168 2522 possis
1203 2463 1356 2512 oculo
1392 2479 1555 2528 quau-

486 2534 596 2577 tum
637 2531 959 2583 contendere
1007 2538 1265 2603 Lynceus,
1309 2541 1431 2591 Non
1477 2550 1554 2591 ta-

483 2620 603 2702 men
638 2607 835 2660 ideirco
864 2622 1169 2664 contemnas
1203 2617 1378 2681 lippus
1406 2617 1555 2668 inun-

483 2695 552 2744 gr.

545 2767 572 2792 ¹
602 2762 870 2815 Alcibiadis
901 2769 1149 2834 superficie
1184 2771 1556 2834 pulcherrimum

480 2840 667 2903 corpus]
701 2840 1004 2896 Alcibiades
1049 2862 1153 2898 non
1189 2849 1291 2900 fuit
1328 2852 1343 2878 ‘
1369 2852 1556 2903 mulier

484 2919 866 2984 pulcherrima,’
883 2927 1312 2988 quemadmodum
1330 2929 1404 2978 ait
1419 2929 1553 2978 Tho-

480 3010 588 3044 mas
627 2995 898 3064 Anguem,
934 3010 1119 3053 auctor
1156 3005 1553 3055 commentario-

480 3087 595 3124 rum
635 3075 865 3140 Boethii,
887 3080 981 3129 sed
1015 3081 1304 3147 imperator
1333 3081 1553 3135 Atheni-

478 3153 696 3218 ensium,
719 3156 924 3222 ingenio
950 3167 1223 3223 praestans,
1246 3167 1299 3210 et
1325 3175 1553 3224 corpore

479 3232 883 3299 pulcherrimus,
901 3238 988 3300 qui
1023 3239 1166 3289 vitiis
1199 3240 1440 3305 primum,
1463 3240 1551 3290 de·

478 3307 620 3374 inde,
640 3309 866 3362 docente
887 3314 1124 3377 Socrate,
1145 3317 1425 3369 virtutibus
1442 3325 1551 3369 stu·

480 3385 610 3436 duit.

544 3472 566 3505 Υ
604 3466 856 3516 Oculorum
881 3503 892 3516 .
921 3503 933 3517 .
961 3505 972 3517 .
996 3469 1276 3535 infirmitas]
1312 3473 1370 3523 Si
1410 3474 1548 3523 enirn

1640 2322 1793 2371 quam
1830 2305 2167 2357 formosarum
2207 2308 2435 2372 partium
2476 2308 2709 2360 multitu·

1638 2381 1832 2448 dinem,
1868 2381 2103 2434 deforme
2141 2384 2320 2449 potins
2344 2399 2498 2450 quam
2523 2382 2710 2434 formo·

1634 2478 1744 2513 sum
1789 2462 2099 2514 haberetur:
2137 2469 2193 2513 et
2238 2477 2304 2513 eo
2345 2462 2553 2528 quidem
2598 2476 2711 2513 cer·

1638 2539 1762 2605 tius,
1788 2540 1929 2606 quod
1952 2539 2285 2609 pulchritudo
2308 2553 2413 2589 non
2445 2541 2541 2589 nisi
2578 2541 2708 2591 inte·

1636 2632 1728 2682 gra
1752 2615 2101 2682 perfectione,
2123 2615 2432 2667 deformitas
2457 2615 2540 2665 vel
2561 2616 2710 2667 mini·

1635 2710 1721 2746 mo
1747 2694 1958 2745 defectu
1981 2695 2202 2745 oriatur.

1686 2781 1720 2819 ,τ
1757 2773 2019 2823 muana?
2056 2771 2218 2833 febris
2271 2771 2506 2837 muco]
2557 2773 2712 2826 Quae·

1636 2865 1859 2918 cumque
1877 2851 2014 2902 enim
2033 2848 2197 2901 fuerit
2214 2853 2451 2916 corporis
2463 2851 2710 2916 ‘amplitu-

1637 2930 1722 2993 do,
1757 2929 2118 2995 quodcumque
2159 2928 2333 2992 robur,
2365 2943 2709 2994 quaecumque

1638 3005 1867 3069 agilitas,
1938 3019 2284 3070 quaecumque
2358 3005 2711 3069 pulchritudo,

1634 3083 1748 3132 haee
1773 3096 1993 3146 corpore
2015 3096 2110 3146 per
2137 3081 2370 3132 triduum
2395 3091 2531 3133 aestu
2550 3083 2710 3134 febri-

1635 3175 1734 3226 que
1747 3160 1955 3225 jactato
1972 3167 2306 3209 evanescunt.
2374 3160 2555 3225 Usque
2579 3160 2711 3211 adeo

1637 3254 1812 3289 verum
1830 3246 1911 3288 est
1930 3238 2186 3288 rationem
2205 3239 2386 3287 summi
2408 3237 2553 3298 boni,
2569 3237 2710 3304 quod

1633 3317 1785 3367 homo
1825 3315 2138 3366 naturaliter
2176 3317 2443 3381 cognoscit
2477 3316 2709 3380 appetit-

1633 3410 1752 3462 que,
1774 3409 1878 3444 non
1904 3393 2096 3445 versari
2119 3393 2174 3442 in
2208 3394 2317 3443 ullo
2341 3407 2410 3442 ex
2435 3392 2709 3457 praedietis

1634 3473 1800 3536 bonis,
1821 3473 2003 3539 quibus
2041 3471 2275 3521 homines
2307 3469 2441 3520 falsa
2476 3468 2711 3520 assumti-

479 3546 631 3592 t-anta
667 3550 807 3592 esset
844 3544 1105 3594 oculatum
1146 3550 1548 3614 perspicacitas,
1630 3565 1729 3603 one
1752 3550 1901 3603 ducti
1926 3549 2211 3600 adhaerent.

475 3624 536 3667 ut
559 3619 714 3668 etiam
735 3620 934 3670 viscera
953 3621 1133 3672 iisdem
1154 3623 1419 3691 paterent,
1435 3643 1549 3677 cor-
