3049 4928
481 428 571 495 22
1408 438 1467 494 ι’».
1522 442 1786 493 niz-nvn·

570 590 872 658 Primum
902 609 1061 676 ergo
1107 589 1552 677 Conigastum
1601 590 1988 658 exactorem
2035 591 2376 677 repressit,
2410 589 2688 657 misero-

481 714 631 761 rum
661 695 916 761 civium
960 693 1269 761 fortunas
1317 696 1567 763 nefarie
1612 695 2056 775 invadentem,
2105 714 2320 779 neque
2362 694 2435 762 id
2484 691 2690 782 semel

482 803 749 899 tantum
777 797 944 865 fecit
974 816 1101 863 suo
1131 798 1517 877 consulatu,
1569 798 1691 863 sed
1731 799 2012 884 saepius.
2099 797 2355 864 Postea
2395 777 2687 881 Triguil-

483 899 647 980 lam,
676 901 882 984 regiae
912 900 1152 966 domus
1177 902 1601 986 praefectum,
1648 903 1736 967 ab
1784 903 2086 1000 incepta,
2119 901 2401 987 jamque
2445 919 2690 1018 perpe-

477 1009 661 1069 trata
687 1004 937 1089 injuria
961 1005 1321 1070 revocavit.
1410 1006 1609 1071 Bona
1651 1010 1717 1070 et
1748 1005 2082 1071 innocuos
2122 1007 2330 1082 cive-S,
2378 1010 2555 1089 quos
2584 1002 2688 1067 in-

478 1105 691 1171 finitis
719 1106 1073 1172 calumniis
1101 1108 1370 1174 effrenis
1411 1108 1785 1175 Gothorum
1830 1108 2115 1175 avaritia
2144 1094 2538 1186 divexabat,
2567 1107 2688 1172 ob-

470 1209 675 1296 jecta
689 1214 1010 1300 periculis
1037 1215 1331 1280 nominis
1368 1216 1472 1283 sui
1510 1216 1906 1281 auctoritate
1934 1214 2249 1298 protexit.
2336 1211 2686 1278 Provinci-

428 1390 433 1395 ,
481 1314 690 1401 alium
748 1337 1039 1402 quoque,
1072 1318 1370 1385 fortunas
1392 1380 1397 1387 ,
1419 1318 1702 1403 privatis
1752 1316 2238 1401 praefectorum¹
2280 1315 2539 1401 rapinis
2618 1322 2687 1382 et

478 1418 776 1500 publicis
801 1421 1247 1505 vectigalibus
1276 1419 1723 1505 pessumdari,
1775 1418 1959 1504 apud
2014 1419 2271 1503 Regem
2315 1417 2688 1484 Theodori-

478 1538 636 1589 ssum
683 1530 963 1605 questus
984 1530 1136 1592 ,esta
1166 1576 1169 1579 ,
1225 1520 1532 1606 Cumque
1577 1522 1820 1587 acerba
1872 1521 2048 1587 fame
2097 1522 2432 1600 fervente,
2464 1520 2688 1604 gravis

482 1624 1216 1709 atque-inexplicabilis
1266 1624 1527 1697 indicta
1567 1622 1857 1690 coemtio
1902 1623 2340 1708 profligatura
2389 1624 2686 1709 Campa-

483 1726 666 1790 niam
693 1728 1111 1811 provinciam
1139 1728 1503 1807 videretur,
1533 1729 1681 1812 ipse
1712 1729 2090 1794 communis
2119 1729 2451 1794 commodi
2478 1748 2687 1795 causa

480 1834 828 1912 ,certamen
856 1832 1182 1899 adversus
1225 1831 1636 1917 praefectum*
1674 1832 2337 1917 praetorii‘suscepit,
2377 1838 2445 1897 et
2496 1831 2688 1916 Rege

478 1927 637 2013 ipso
692 1941 1140 2017 cognoscente
1189 1955 1313 2020 pro
1361 1933 1729 2021 Campanis
1782 1936 2017 2001 acriter
2060 1935 2428 2014 contendit,
2445 1926 2459 1975 Γ
2477 1942 2548 2002 et
2596 1956 2685 2001 ne

476 2031 773 2101 co'emtio
794 2036 923 2103 *illa
949 2040 1349 2121 exigeretur,
1372 2039 1695 2106 orationis
1728 2059 1871 2105 suae
1891 2039 1961 2104 vi
1982 2039 2224 2104 effecit.
2269 2038 2686 2119 Paullinum,

481 2139 905 2211 consularem
928 2143 1169 2222 virum,
1201 2142 1400 2228 cujus
1431 2161 1601 2227 opes
1644 2143 1978 2210 Palatinae
2007 2141 2343 2208 hirudines
2380 2140 2529 2226 jam
2558 2153 2685 2225 spe

482 2246 689 2324 atque
729 2244 953 2317 animo
986 2253 1437 2333 exsuxerant,
1470 2248 1783 2315 faucibus
1833 2252 2302 2333 accusatorum
2354 2244 2719 2311 famelicis‘

478 2343 750 2427 eripuit.
857 2346 1181 2418 Albinum
1232 2370 1524 2437 quoque,
1577 2357 1646 2417 et
1694 2351 1926 2435 ipsum
1972 2349 2190 2417 virum
2242 2348 2687 2426 consularem,

479 2444 807 2531 cypriani
835 2449 1158 2521 delatoris
1189 2456 1629 2545 accusatione
1655 2475 1983 2540 pressum,
2029 2451 2329 2520 defendit
2365 2451 2686 2531 Veronae,

477 2546 779 2626 derivato
811 2554 1011 2623 etiam
1039 2556 1111 2622 in
1134 2578 1210 2623 se
1230 2556 1573 2643 Cypriani
1601 2558 1802 2624 odio:
1849 2576 2136 2641 cumque
2166 2556 2326 2621 Rex
2366 2556 2515 2640 ipse
2542 2574 2688 2621 ma-

469 2649 748 2735 jestatis
777 2656 1029 2723 crimen
1054 2660 1125 2724 in
1145 2659 1469 2727 Albinum
1499 2661 1824 2741 delatum,
1848 2661 1938 2728 ad
1957 2661 2341 2725 universum
2367 2659 2689 2725 Senatum

480 2756 837 2826 transferre
868 2768 1246 2842 conaretur,
1268 2762 1650 2849 faceretque
1678 2783 1803 2847 pro
1835 2782 1975 2828 uno
2002 2781 2163 2827 reos
2201 2762 2454 2846 plui-ee,
2507 2759 2689 2826 Boe‘-

476 2856 662 2934 thius
685 2867 905 2927 noster
934 2863 1183 2949 ingenti
1212 2885 1379 2942 cums·
1394 2866 1781 2932 securitatis
1822 2885 1967 2932 suae
2019 2864 2319 2948 periculo
2340 2863 2689 2928 Senatum

481 2979 752 3040 omnem
772 2966 1171 3048 gravissima
1192 2967 1510 3034 oratione
1536 2966 1853 3033 defendit.
1942 2966 2077 3031 Sed
2104 2965 2462 3030 audiamus
2499 2972 2691 3048 gesta

478 3082 527 3138 a
571 3083 646 3129 se
691 3067 762 3131 in
810 3087 939 3132 sno
990 3070 1351 3146 consulatu
1405 3069 1793 3136 referentem
1832 3066 2242 3133 Boethium:
2288 3073 2310 3102 ‘
2329 3069 2689 3152 Susceptae

476 3168 835 3234 ,sunt‘mihi
850 3189 1021 3235 cum
1049 3172 1377 3256 improbis
1405 3191 1648 3255 graves
1676 3171 2260 3253 inexorabilesque
2292 3169 2685 3235 discordiae:

481 3275 573 3347 et,
607 3270 790 3352 quod
813 3275 1252 3341 conscientiae
1274 3274 1558 3340 libertas
1584 3274 1818 3352 habet,
1842 3292 1966 3356 pro
1998 3270 2245 3336 tuendo
2267 3271 2417 3356 jure
2460 3278 2691 3354 spreta

468 3372 932 3454 potentiorum
962 3395 1227 3461 semper
1258 3376 1563 3442 offensio.
1655 3375 1944 3457 Quoties
1976 3394 2102 3460 ego
2134 3372 2586 3457 Conigastum
2618 3376 2690 3441 in

476 3472 839 3541 imbecillis
870 3477 1198 3564 cujusque
1223 3478 1532 3546 fortunas
1569 3482 1892 3565 impetum
1919 3479 2274 3545 facientem
2302 3477 2542 3543 obvius
2570 3497 2690 3544 ex-

477 3576 667 3659 cepi!
775 3576 1060 3660 Quoties
1106 3580 1508 3666 Triguillam
1547 3584 1773 3665 -regiae
1814 3569 2280 3667 praepositum·
2304 3580 2549 3643 domus
2600 3583 2688 3646 ab

471 3678 748 3765 incepta
766 3725 769 3728 ι
786 3687 1322 3770 ¹perpetrataque
1344 3684 1493 3770 jam
1513 3704 1794 3769 prorsus
1821 3686 2064 3771 injuria
2092 3682 2347 3768 dejeci!
2396 3681 2689 3771 Quoties

474 3783 784 3865 miseros,
855 3806 1030 3872 quos
1081 3788 1362 3854 infinitis
1419 3783 1773 3854 calumniis
1829 3787 2167 3873 impunita
2235 3785 2690 3862 Barbarorum
2733 3811 2738 3818 ·

477 3902 741 3970 semper
771 3890 1061 3958 avaritia
1087 3893 1409 3971 vexabat,
1450 3890 1724 3976 objecta
1751 3890 2080 3975 periculis
2112 3888 2517 3954 auctoritate
2538 3908 2690 3972 pro-

478 3989 660 4064 texi!
749 3992 1121 4078 Nunquam
1167 4015 1282 4060 me
1304 3996 1422 4061 -ab
1462 3995 1617 4080 Jure
1663 3994 1753 4061 ad
1798 3993 2110 4078 injuriam
2148 3992 2517 4076 qnisquam
2541 4024 2545 4030 -
2568 3991 2686 4055 de-

477 4093 702 4159 traxit.
789 4095 1324 4168 Provincialium
1361 4099 1664 4163 fortunas
1692 4103 1836 4161 tum
1883 4096 2172 4181 privatis
2218 4095 2497 4178 rapiniS,
2544 4098 2690 4158 tum

471 4195 775 4279 Pssblicis
796 4200 1240 4284 vectigalibus
1268 4200 1716 4287 pessumdari,
1765 4218 1904 4263 non
1929 4200 2140 4290 ¹aliter
2169 4216 2371 4283 quam
2399 4196 2519 4281 qui
2568 4215 2688 4279 pa·

476 4296 829 4381 tiebantur,
887 4303 1172 4370 indolui.
1280 4302 1453 4370 Cum
1496 4304 1808 4390 3acerbae·
1843 4301 2043 4371 famis
2111 4307 2414 4385 tempore
2461 4298 2686 4381 gravis
