3049 4928
974 385 1499 459 vulno‘sormAE
1549 403 1692 459 nm.
1744 406 1859 460 nr.
2402 398 2538 467 269

319 574 396 623 ne
424 556 717 626 dubitari
765 555 1038 643 quidem
1083 562 1335 643 potest.
1421 554 1787 624 Addamus
1837 553 2054 645 igitur
2082 551 2534 648 sufficientiae,

317 664 763 749 potentiaeque
784 662 1242 742 reverentiam,
1275 667 1347 728 ut
1372 662 1523 729 haec
1553 664 1682 730 tria
1710 683 1918 730 unum
1949 685 2102 733 esse
2127 667 2535 752 judicemus.·

318 763 691 845 AddamuS,
736 765 1068 850 siquidem
1115 785 1279 832 vera
1309 767 1626 833 volumus
1656 768 1981 836 confiteri.
2071 763 2260 851 Quid
2290 779 2534 853 νει-034

316 870 544 955 inquit,
597 872 1061 938 obscurumne
1112 871 1264 952 hoc,
1312 877 1516 957 atque
1576 873 1876 956 ignobile
1928 894 2161 942 censes
2219 897 2392 956 esse,
2444 898 2536 944 an

317 976 485 1039 omni
536 977 930 1042 celebritate
998 977 1452 1046 clarissimum
1469 978 1501 1041 ‘l
1571 976 1942 1046 Considera
1989 1000 2170 1060 vero,
2195 1001 2305 1047 -ne
2351 982 2535 1068 quod

315 1078 512 1145 nihilo
539 1079 866 1164 indigere,
899 1082 1081 1166 quod
1111 1082 1683 1167 potentissimum,
1711 1084 1894 1168 quod
1927 1084 2180 1150 honore
2211 1085 2535 1171 dignissi-

313 1202 484 1250 mum
539 1185 701 1251 esse
745 1203 1141 1251 concessum
1199 1192 1326 1265 est,
1381 1205 1581 1270 egere
1648 1185 2069 1267 claritudine,
2129 1209 2333 1275 quam
2398 1191 2534 1256 sibi

312 1294 626 1369 praestare
654 1311 787 1355 non
814 1292 1052 1376 possit,
1081 1299 1291 1376 atque
1320 1292 1413 1357 ob
1458 1290 1534 1357 id
1573 1291 1809 1376 aliqua
1838 1309 1932 1356 ex
1976 1299 2177 1377 parte
2221 1294 2536 1361 videatur

314 1392 657 1478 abjectius.
751 1395 911 1461 Non
958 1416 1259 1483 possum,
1307 1389 1663 1482 inquam,¹⁵
1721 1396 1879 1480 quin
1926 1395 2058 1462 hoc
2105 1398 2206 1462 uti
2255 1408 2384 1479 est,
2434 1401 2534 1465 ita

314 1500 505 1564 etiam
534 1501 1036 1568 celeberrimum
1083 1520 1235 1566 esse
1284 1500 1627 1566 confitear.
1718 1499 2168 1586 Consequens
2189 1501 2393 1586 igitur
2421 1508 2530 1569 est

312 1609 385 1666 ut
411 1603 879 1669 claritudinem
913 1605 1372 1691 superioribus
1404 1603 1617 1669 tribus
1667 1603 1834 1670 nihil
1883 1603 2152 1671 differre
2179 1606 2529 1673 fateamur·

312 1706 784 1795 Consequitur,
835 1711 1133 1797 inquam.
1196 1751 1201 1756 -
1244 1707 1454 1789 Quod
1503 1709 1704 1794 igitur
1749 1710 2007 1776 nullius
2058 1716 2250 1794 egeat
2300 1711 2529 1792 alieni,

312 1814 479 1895 quod
528 1814 677 1879 suis
735 1820 978 1880 cuncta
1029 1813 1297 1879 viribus
1336 1813 1584 1899 possit,
1635 1811 1825 1898 quod
1876 1813 1965 1879 sit
2015 1813 2272 1881 clarum
2318 1823 2531 1901 atque

309 1919 760 1998 reverendum,
811 1938 1027 1983 nonne
1082 1917 1213 1984 hoc
1258 1918 1469 1984 etiam
1530 1924 1808 1985 constat
1855 1937 2010 1985 esse
2046 1920 2477 1986 laetissimum
2495 1922 2532 1986 ’ὲ

312 2018 441 2087 Sed
467 2023 653 2087 unde
679 2024 862 2102 huic,
894 2023 1197 2108 inquam,
1229 2023 1350 2089 tali
1376 2043 1631 2090 moeror
1656 2017 1840 2090 ullus
1865 2017 2175 2109 obrepat,
2221 2044 2311 2090 ne
2343 2027 2532 2110 cogi-

310 2127 443 2190 tare
470 2127 747 2212 quidem
778 2147 1062 2212 possum
1085 2148 1101 2194 :
1122 2137 1156 2166 ²⁰
1199 2146 1407 2211 quare
1437 2128 1718 2213 plenum
1749 2133 1853 2194 est
1878 2128 2163 2209 laetitiae,
2194 2129 2530 2215 siquidem

309 2228 655 2315 superiora
711 2233 1091 2312 manebunt,
1146 2251 1430 2298 necesse
1486 2238 1601 2299 est
1653 2232 1987 2299 confiteri.
2096 2230 2314 2321 Atqui
2359 2234 2529 2300 illud

312 2352 571 2420 quoque
607 2355 733 2423 per
761 2339 998 2405 eadem
1027 2338 1493 2405 necessarium
1521 2345 1654 2417 est,
1698 2331 2142 2418 sufficientiae,
2172 2338 2527 2424 potentiae,

310 2438 750 2522 claritudiniS,
780 2443 1192 2521 reverentiae,
1223 2441 1696 2528 jucunditatis,
1740 2442 2017 2509 nomina
2056 2444 2328 2529 quidem
2378 2462 2529 2510 esse

308 2543 589 2625 diversa,
621 2547 808 2619 nullo
837 2567 995 2613 vero
1024 2546 1229 2614 modo
1259 2546 1650 2633 discrepare
1680 2549 2178 2614 substantiam!
2221 2547 2528 2617 Necesse

306 2653 420 2729 est,
469 2651 772 2737 inquam.
862 2651 1021 2718 Hoc
1051 2652 1252 2735 igitur
1281 2651 1466 2738 quod
1510 2657 1620 2717 est
1644 2671 1853 2717 unum
1881 2652 2306 2736 simplexque
2331 2658 2530 2717 natu-

306 2769 398 2831 ra,
425 2757 733 2839 pravitas
757 2756 1054 2823 humana
1075 2768 1106 2808 r
1152 2756 1491 2842 dispertit,
1539 2761 1626 2835 et,
1656 2755 1815 2821 dum
1867 2755 1963 2819 rei
2017 2776 2169 2839 quae
2216 2755 2528 2839 partibus

306 2864 773 2944 caret,partem
796 2846 1076 2927 conatur
1094 2858 1416 2946 adipisci,
1435 2878 1568 2925 nec
1584 2858 1984 2947 portionem,
2009 2879 2165 2943 quae
2188 2858 2377 2926 nulla
2394 2866 2526 2938 est,

306 2979 420 3028 nec
447 2964 704 3048 ipsam,
724 2983 931 3048 quam
954 2964 1226 3030 minime
1244 2964 1541 3043 affectat,
1562 2964 1968 3049 assequitur.
2047 2960 2389 3041 Quonam,
2423 2962 2528 3027 in-

307 3084 525 3151 quam,
566 3068 831 3154 modo?
897 3068 1037 3149 Qui
1081 3066 1449 3148 divitiaS,¹⁶
1488 3068 1727 3152 inquit,
1778 3068 1953 3152 petit
2003 3066 2304 3151 pen-uriae
2345 3066 2528 3150 fuga,

307 3167 387 3235 de
414 3173 721 3257 potentia
760 3173 925 3239 nihil
966 3172 1282 3240 laborat:
1327 3172 1486 3239 vilis
1514 3168 1995 3256 ‘obscurusque
2041 3189 2197 3236 esse
2245 3168 2527 3249 mavult,

305 3275 550 3343 multas
581 3276 784 3343 etiam
835 3277 967 3343 sibi
1016 3278 1366 3344 naturales
1415 3294 1691 3362 quoque
1746 3275 2078 3342 subtrahit
2114 3274 2525 3359 voluptateS,

305 3396 386 3442 ne
415 3381 786 3465 pecuniam
813 3401 1015 3467 quam
1060 3382 1349 3468 paravit,
1394 3382 1683 3448 amittat.
1798 3380 1931 3446 Sed
1962 3380 2098 3445 hoc
2129 3378 2336 3444 modo
2366 3399 2450 3449 ne
2474 3386 2526 3428 ¹⁷

309 3484 705 3551 sufficientia
751 3484 1019 3571 quidem
1074 3485 1357 3569 contigit
1380 3484 1429 3523 ¹⁸
1477 3484 1569 3566 ei,
1614 3504 1812 3569 quem
1858 3482 2199 3549 valentia⁸
2260 3482 2527 3561 deserit,

307 3606 505 3670 quem
533 3590 851 3656 molestia
877 3591 1147 3674 pungit,
1190 3609 1387 3675 quem
1421 3589 1653 3656 vilitas
1682 3588 1939 3673 abjicit,
1993 3600 2197 3671 quem
2224 3585 2528 3652 recondit

309 3692 705 3760 obscuritas.
795 3692 940 3774 Qui
971 3715 1128 3761 vero
1186 3692 1405 3760 solum
1457 3712 1664 3779 posse
1702 3691 2079 3758 desiderat:
2126 3689 2451 3776 profligat
2473 3694 2528 3741 ¹⁹

366 3887 400 3913 ¹⁰
432 3882 590 3931 Nulla
609 3880 818 3932 tristitia
841 3881 1034 3932 videtur
1054 3882 1206 3932 inem
1224 3896 1364 3946 posse
1382 3881 1476 3946 rei,
1494 3894 1601 3946 quoe
1621 3879 1849 3940 dumi
1877 3884 1966 3929 eet.
2180 3885 2210 3910 ⁸
2241 3877 2350 3928 Ista
2368 3875 2527 3927 omnic

305 3957 396 3999 esse
415 3949 601 4003 unicam
633 3963 736 3997 rem
761 3947 978 4013 pluribus
998 3944 1225 4016 affectam
1255 3947 1426 4000 modis.
1552 3955 1580 3992 ν
1612 3945 2029 4008 Μώᾰκάἰοατιάο.
2160 3950 2185 3978 ⁸
2224 3942 2332 3994 Vis.

1226 4078 1596 4100 ‘nomem

310 4151 418 4203 Non
430 4156 1070 4220 mumminquamwulg.
1087 4157 1218 4206 Mss.
1239 4169 1355 4207 cum
1369 4156 1453 4207 ed.
1473 4157 1613 4207 Flor.
1631 4160 1688 4206 et
1707 4153 1950 4206 Norimb.
1972 4153 2083 4203 Non
2130 4164 2300 4214 ossum,
2313 4146 2526 4213 inquam.

307 4223 433 4270 -16
464 4221 479 4249 ‘
506 4223 727 4273 Veteres
750 4224 950 4273 <iunxere
973 4222 1040 4273 ad
1085 4223 1198 4273 veri
1238 4222 1503 4273 latebras:
1537 4222 1757 4284 vulgata
1791 4220 1954 4298 lectio
1982 4232 2084 4296 ,⁹9¹¹
2114 4232 2222 4279 usa,
2259 4228 2358 4264 nec
2382 4227 2526 4262 sanae

309 4286 959 4420 εεε.;ε“’·εεεεεε·
974 4288 1410 4411 Βεεεεεε,
1435 4287 1859 4419 Karai-dre
1886 4285 2234 4402 arras
2270 4278 2531 4411 εεεε
