3049 4928
1030 424 1550 481 ruinosoPmAE
1605 424 1743 478 mn.
1793 433 1843 479 1.
2419 418 2536 482 lot

337 597 503 662 quos
579 572 854 643 infinitis
915 576 1266 643 calumniis
1322 576 1652 662 impunita
1710 576 2208 642 Barbarorum³
2277 596 2541 662 semper

342 681 673 747 avaritia⁸
734 681 1050 760 vexabat,
1103 680 1376 766 objecta
1432 680 1753 765 periculis
1785 680 2181 745 auctoritate
2241 681 2544 764 protexi!

347 782 720 867 Nunquam
778 803 883 847 me
932 783 1018 847 ab
1078 782 1233 867 jure
1306 783 1392 847 ad
1443 783 1755 869 injuriam
1811 784 2164 867 quisquam
2233 780 2540 848 detraxit.

342 884 867 952 Provincialium
907 885 1211 950 fortunas
1248 891 1389 950 tum
1438 885 1720 974 privatis
1758 887 2033 969 rapiniS,
2082 892 2218 953 tum
2249 886 2539 970 publicis

343 988 833 1071 vectigalibus·
903 988 1352 1072 pessumdari,
1418 1008 1546 1053 non
1606 990 1824 1069 aliter,
1884 1008 2096 1075 'quam
2155 989 2271 1074 qui
2328 989 2540 1072 patie-

402 1184 428 1218 ‘1
446 1186 750 1244 sGotliorum.
880 1197 900 1221 ²
932 1188 1144 1241 Tribulis
1166 1190 1364 1256 iniquis.

1329 1313 1547 1395 No‘rAE'

346 1535 356 1546 ι
402 1481 423 1520 ε.
460 1474 708 1538 Impunita
728 1475 1053 1525 Bao-barma·
1090 1489 1268 1539 semper
1288 1490 1401 1525 avc·
1486 1444 1802 1539 potestatem
1826 1440 2073 1537 adducta,
2094 1490 2248 1539 quam
2274 1474 2543 1538 magistra·

337 1550 479 1615 vitia]
510 1551 740 1601 Tertium
776 1551 984 1602 Boethii
1027 1553 1267 1602 meritum
1304 1552 1404 1616 pri·
1486 1552 1562 1602 tui
1587 1568 1681 1602 suo
1720 1552 2179 1608 administrandam
2210 1553 2544 1618 subjecerat5

340 1628 515 1676 oribus
539 1641 603 1677 eo
628 1629 962 1695 majns,quod
989 1631 1103 1694 plus
1122 1631 1190 1680 sit
1215 1630 1402 1694 tnrbae,
1482 1629 1786 1695 (Provincia
1796 1629 1933 1679 enim
1951 1629 2024 1678 sic
2038 1629 2229 1679 dicitur
2244 1630 2548 1695 quasit-egio

337 1706 674 1768 quam-nnius
719 1706 943 1770 improbi
988 1708 1133 1757 malis
1177 1707 1401 1757 consiliis

338 1780 599 1831 resistere.
684 1782 1013 1833 ‘Barbarus'
1058 1791 1233 1835 antem
1273 1785 1404 1834 anti·

339 1858 513 1921 quitus
558 1858 648 1908 ille
682 1860 899 1910 cuilibet
942 1861 1086 1925 genti
1114 1861 1403 1923 dicebatur,

339 1937 449 2001 qni,
492 1936 634 2001 qnod
679 1942 976 2002 extraneus,
1020 1939 1300 2003 vulgarem
1329 1939 1403 1989 lo-

336 2012 532 2077 quendi
566 2012 775 2062 modum
812 2028 913 2064 non
935 2020 1042 2064 tam
1067 2016 1405 2079 pronuntiare

338 2103 490 2153 quam
509 2089 878 2140 murmurando
900 2090 1222 2142 confundere
1262 2091 1406 2141 vide·

341 2166 528 2216 batur:
565 2166 684 2217 hinc
727 2168 962 2218 nonnulli
994 2168 1284 2233 conjiciunt
1319 2183 1406 2218 vo-

339 2255 451 2290 cem
495 2240 651 2304 hanc,
684 2243 700 2270 ‘
728 2242 1012 2307 barbarus,'
1049 2258 1163 2293 esse
1203 2243 1270 2293 de
1308 2259 1402 2292 nu-

337 2331 480 2367 mero
512 2331 694 2367 eornm
728 2319 1090 2370 vocabulorum
1114 2319 1399 2387 quae,qnod

335 2408 441 2444 rem
465 2409 497 2444 a
513 2410 572 2445 se
589 2396 928 2459 significatam
945 2397 1178 2447 aemulari
1195 2398 1404 2447 videan-

341 2480 442 2535 tur,
476 2471 768 2534 πεποιημένα
792 2475 901 2524 sive
934 2472 1199 2524 ‘factitia’
1233 2474 1403 2525 vocari

337 2552 525 2615 solent,
537 2560 593 2601 ut
616 2553 632 2580 ‘
650 2552 863 2616 balare,'
885 2556 900 2581 ‘
920 2552 1115 2616 boare,’
1130 2555 1145 2580 4
1164 2553 1403 2603 hinnirez'

338 2627 420 2677 alii
439 2628 558 2691 ejus
581 2627 832 2692 originem
845 2627 1078 2678 inferunt
1096 2642 1162 2679 ex
1178 2629 1405 2679 Arabico

336 2703 526 2768 turbor,
549 2700 828 2756 murmuro.
897 2707 1038 2756 Hinc
1064 2707 1265 2756 Graecis
1296 2707 1407 2772 qui·

338 2796 559 2847 cumque
585 2782 766 2833 Graeci
790 2798 893 2833 non
932 2791 1099 2846 erant,
1130 2787 1145 2811 4
1165 2783 1373 2834 barbari
1393 2784 1406 2809 '

337 2858 686 2908 dicebantur:
741 2860 880 2909 sicut
921 2860 1141 2922 Latinis,
1176 2861 1410 2924 quicum·

337 2950 437 3001 qne
462 2950 567 2985 non
593 2942 748 2986 erant
786 2936 974 2986 Latini,
1041 2937 1196 2986 Unde
1236 2937 1405 2985 Hora·

336 3012 437 3063 tius
470 3012 645 3077 Epod.
680 3027 763 3062 1x.
813 3013 1077 3062 ‘Sonante
1111 3013 1321 3063 mistum
1342 3013 1402 3062 ti-

334 3091 431 3140 biis
457 3103 670 3141 carmen
704 3092 837 3156 lyra,
880 3092 998 3141 Hac
1031 3091 1270 3153 Dorium,
1305 3091 1405 3140 illis

333 3168 675 3219 Barbarum?
758 3167 910 3219 Quod
951 3175 1124 3217 antem
1168 3168 1405 3218 extranei

332 3246 424 3308 illi,
436 3252 632 3310 utpote
652 3245 875 3296 moribus
888 3236 1185 3309 dissimiles,
1200 3246 1251 3295 in
1267 3246 1408 3296 cives

333 3339 476 3374 suam
517 3323 885 3373 crudelitatem
915 3338 1162 3373 exercere
1192 3339 1409 3374 consue-

336 3407 541 3464 verant,
562 3399 678 3449 fieri
701 3400 871 3464 potuit
890 3416 1003 3461 usn,
1024 3409 1083 3450 ut
1099 3401 1115 3429 4
1140 3400 1406 3451 barbarns'

332 3477 473 3527 idem
499 3484 643 3526 esset
668 3477 805 3541 quod
841 3479 857 3506 ‘
881 3477 1105 3528 crudelis
1134 3477 1165 3529 ι’
1198 3479 1282 3527 liic
1318 3494 1406 3528 au-

335 3561 440 3604 tem
480 3554 498 3580 ‘
510 3553 745 3603 barbari’
771 3560 826 3603 et
842 3556 1077 3604 extranei
1098 3559 1154 3604 et
1169 3555 1408 3604 crudeles

333 3637 489 3681 sunt:
528 3631 779 3696 siquidem
818 3631 1186 3694 intelliguntur
1226 3631 1411 3693 Gothi,

332 3722 557 3772 qnorum
614 3707 908 3771 ‘impunita
962 3708 1209 3759 avaritia’
1267 3709 1409 3758 cives

331 3787 354 3812 4
372 3798 588 3848 semper
625 3784 885 3845 vexabat,’
921 3785 1019 3833 nisi
1054 3785 1167 3835 haec
1205 3785 1408 3834 Boethii

335 3860 477 3910 curis
513 3858 918 3923 reprimeretur:
956 3859 1098 3908 cives
1139 3867 1309 3909 autem
1335 3860 1408 3909 illi

334 3936 585 3986 dicuntur
634 3937 650 3963 4
673 3934 1065 3998 Provinciales,'
1086 3936 1209 4000 quia
1229 3936 1409 3985 alienis

338 4013 589 4062 vivebant
630 4010 854 4074 legibus,
894 4025 956 4060 ac
1002 4011 1217 4075 insuper
1252 4012 1406 4062 vesti-

338 4090 480 4154 gales
505 4093 661 4139 eraut
700 4087 811 4135 sive
849 4087 1191 4152 stipendiarii.
1241 4088 1405 4138 Nimi-

341 4182 450 4216 rum
472 4181 592 4216 cum
634 4163 904 4228 provincia
937 4164 1147 4228 proprie
1170 4163 1238 4214 sit
1263 4164 1407 4228 regio

342 4256 370 4291 ι
411 4242 601 4306 populo
628 4242 879 4303 Romano,
915 4246 972 4289 ut
994 4239 1214 4304 distans,
1234 4241 1308 4291 sic
1327 4256 1405 4291 ar-

341 4319 436 4370 mis
460 4318 688 4378 devicta,
723 4323 813 4367 aut
845 4317 1318 4384 quomodocumque
1352 4320 1404 4369 iu

1485 1707 1665 1771 procul
1709 1706 1964 1757 vincenda
2004 1714 2096 1756 aut
2136 1706 2309 1770 potius
2344 1706 2551 1771 victa3)

1484 1791 1767 1847 propterea
1786 1783 2029 1833 Romanis
2051 1783 2138 1832 alii
2160 1789 2311 1832 erant
2342 1787 2358 1811 4
2377 1783 2547 1847 Socii,’

1484 1859 1571 1908 alii
1588 1862 1603 1888 4
1619 1860 1970 1910 Provinciales
1987 1858 2018 1909 ε’
2038 1863 2053 1887 4
2071 1857 2223 1908 Socii'
2238 1858 2366 1920 suis,
2382 1862 2397 1888 ‘
2419 1860 2550 1908 Pro·

1484 1935 1733 1986 vinciales
1755 1935 1768 1956 ’
1806 1935 1988 1985 alienis
2035 1935 2276 1985 vivebant
2310 1936 2543 1999 legibus-t

1485 2013 1623 2062 unde
1643 2014 1829 2065 Cicero
1849 2014 2000 2064 Verr.
2020 2028 2100 2063 vr.
2116 2018 2172 2063 et
2194 2013 2245 2061 in
2260 2014 2550 2063 Maniliana

1485 2090 1578 2140 bos
1603 2090 1791 2140 merito
1815 2089 2119 2155 distinguit:
2156 2094 2170 2117 ‘
2196 2090 2439 2153 Bellum,’
2470 2091 2547 2141 iu-

1486 2166 1619 2232 quit,
1650 2166 1836 2230 ‘grave
1879 2173 1933 2216 et
1970 2167 2320 2231 periculosum
2359 2168 2550 2219 vestris

1486 2243 1825 2307 vectigalibus
1848 2251 2004 2309 atque
2029 2242 2216 2294 sociis.’
2260 2244 2438 2310 Atque
2453 2246 2548 2296 hos

1485 2319 1901 2369 ‘Provinciales’
1935 2320 2182 2370 Boethius
2225 2327 2368 2371 tauta
2389 2323 2548 2373 animi

1485 2397 1843 2463 magnitudine
1866 2398 2114 2463 protexit,
2143 2405 2201 2448 ut
2238 2400 2431 2449 nemini
2472 2401 2548 2451 ul-

1486 2475 1586 2526 lam
1612 2490 1793 2540 passus
1837 2474 1999 2525 fuerit
2038 2475 2219 2526 inferri
2263 2469 2503 2540 injuriam
2532 2495 2550 2530 z

1486 2554 1501 2581 4
1526 2553 1802 2617 Nunquam
1826 2552 1945 2613 me,'
1972 2553 2163 2617 inquit,
2192 2556 2208 2581 ‘
2232 2553 2299 2604 ab
2332 2555 2457 2618 jure
2480 2557 2546 2606 ad

1487 2629 1726 2693 injuriam
1751 2628 2017 2693 quisquam
2061 2628 2290 2679 detraxit
2309 2631 2342 2690 ;’
2377 2639 2466 2682 aut
2503 2633 2547 2680 si

1487 2721 1587 2754 non
1611 2705 1855 2753 obstante
1875 2704 1988 2767 ejus
2011 2704 2548 2770 diligentia,eontige-

1486 2780 1576 2841 rit,
1598 2783 1612 2807 4
1629 2779 2033 2829 Provincialium
2057 2779 2292 2828 fortunas
2318 2787 2423 2829 tum
2447 2783 2549 2844 pri-

1486 2858 1619 2908 vatis
1644 2857 1873 2921 rapiniS,'
1911 2856 2037 2922 (uta
2059 2859 2339 2922 Conigasto
2360 2862 2552 2911 etTri-

1484 2933 1691 3001 guilla,)
1737 2939 1880 2984 ‘tum
1913 2936 2135 2998 publicis
2175 2938 2549 3004 vectigalibus,’

1482 3013 1566 3080 (ut
1579 3014 1645 3064 ab
1668 3014 1781 3078 ipso
1793 3013 2136 3070 Theodorico,
2160 3015 2247 3077 qui
2267 3015 2404 3078 apud
2424 3016 2567 3065 Cas-·

1485 3092 1747 3142 siodorum
1775 3092 1898 3140 Var.
1938 3105 1992 3139 v.
2028 3092 2128 3154 Ep.
2153 3095 2235 3141 39.
2269 3092 2364 3140 ‘ad
2400 3107 2548 3142 suum

1485 3167 1809 3222 commodum
1828 3169 2050 3232 amplius
2070 3166 2554 3235 festinatfexigereq

1491 3244 1836 3310 pessumdari,
1887 3259 1987 3293 non
2034 3245 2205 3306 aliter,
2267 3262 2416 3310 quam
2464 3249 2552 3310 qni

1491 3322 1843 3387 patiebantur,
1881 3320 2203 3372 indoluerit:’
2242 3325 2383 3373 velut
2423 3325 2552 3386 Job,

1491 3401 1579 3465 qui
1602 3415 1716 3464 cap.
1727 3404 1810 3449 29.
1829 3401 1844 3426 4
1867 3406 2016 3462 pater
2037 3399 2137 3448 fuit
2160 3415 2470 3464 pauperum3
2498 3410 2553 3451 et

1490 3491 1698 3525 causam
1739 3490 1892 3541 quam
1937 3475 2226 3538 nesciebat,
2264 3477 2554 3540 diligentis·

1490 3553 1619 3602 sime
1637 3552 1989 3617 investigabat
2010 3567 2022 3598 :
2059 3554 2365 3604 conterebat
2391 3556 2552 3604 molas

1489 3630 1676 3695 iniqui,
1695 3637 1750 3679 et
1771 3629 1838 3679 de
1863 3630 2102 3679 dentibus
2125 3631 2261 3680 illins
2278 3629 2552 3680 auferebat

1491 3704 1764 3770 praedam-⁹
1827 3705 2066 3769 Denique
2091 3707 2312 3768 vectigal
2339 3707 2412 3755 sic
2443 3706 2563 3754 die-s

1494 3791 1599 3831 tum
1623 3782 1756 3848 quod
1783 3796 1811 3830 e
1835 3790 2049 3830 vectura
2083 3781 2360 3844 pendatur,
2399 3783 2555 3832 tribu·

1492 3864 1599 3907 tum
1636 3864 1752 3907 erat
1775 3857 1910 3923 quod
1934 3858 2283 3906 provinciales
2312 3860 2555 3910 Romanis

1492 3934 1765 3984 solvebant
1788 3950 1883 3998 pro
1916 3936 2245 3999 commercio,
2278 3953 2372 4000 pro
2394 3939 2554 4001 agris,

1489 4027 1587 4076 pro
1629 4011 1806 4075 sylvis,
1838 4026 1933 4061 uec
1958 4026 2057 4060 non
2082 4013 2236 4061 etiam
2278 4029 2371 4075 pro
2410 4014 2553 4063 sale:

1489 4089 1627 4138 unde
1670 4095 1892 4154 quatuor
1929 4097 2079 4138 erant
2106 4090 2439 4152 vectigalium
2465 4106 2550 4152 ge-

1489 4182 1612 4216 nera
1639 4181 1653 4226 ;
1705 4181 1892 4230 nempe
1949 4166 2252 4230 portorium,
2302 4167 2557 4229 decumae,

1489 4244 1764 4309 scriptura,
1788 4249 1843 4293 et
1865 4243 2137 4293 salinarum
2162 4241 2377 4290 reditus.
