3049 4928
953 410 1468 486 pannosorum
1517 409 1664 460 ma⁶
1707 397 1778 460 '‘v.
2325 389 2460 459 379

705 558 945 639 Quem,
975 559 1141 644 quia
1168 556 1442 642 respicit
1468 558 1695 623 omnia
1723 558 1961 636 solus}

703 661 954 728 Verum
983 662 1212 747 possis
1240 662 1467 727 dicere
1496 661 1750 728 Solem.

297 864 411 973 tura.
479 861 711 917 Quoniam
742 862 895 927 igitar
932 863 1064 912 Deus
1107 862 1232 912 solus
1272 862 1402 912 videt
1443 860 1620 926 omnia,
1652 866 1783 927 potes
1816 862 1970 912 dicere
2002 861 2158 911 Deum
2187 875 2285 912 esse
2307 860 2466 913 Solea·

325 940 461 978 mm.

1153 1029 1159 1034 ”
1264 1022 1485 1074 NOTAE

356 1144 379 1171 v
412 1138 538 1194 Quia
564 1139 756 1203 respicit
776 1140 933 1189 omnia
955 1140 1094 1204 solas,
1113 1138 1222 1203 δρα]
1242 1139 1334 1189 Vi·
1416 1137 1689 1201 sideribus,
1716 1137 1853 1188 solus
1891 1144 2110 1202 apparet
2129 1136 2163 1187 ε’
2211 1137 2356 1203 quasi
2393 1136 2474 1188 sicr

300 1213 445 1264 detur
472 1216 805 1279 Philosophia
827 1217 1113 1282 respexisse
1133 1233 1250 1267 cum
1272 1218 1337 1267 ad
1420 1223 1781 1280 argumentata
1799 1223 1937 1265 esset
1959 1216 2327 1281 Philosophia:
2363 1216 2473 1281 qui·

297 1290 588 1354 praedictam
623 1294 837 1343 Homeri
860 1295 1194 1355 sententiam,
1229 1301 1340 1344 tnm
1422 1308 1640 1358 cumque
1657 1295 1826 1344 omnia
1850 1293 2062 1358 respicit
2086 1300 2139 1342 et
2163 1293 2371 1359 quidem
2394 1307 2473 1342 so-

301 1367 445 1415 etiam
481 1366 546 1416 ad
572 1368 686 1418 haec
708 1369 973 1419 Ciceronis
1005 1370 1161 1420 verba
1193 1384 1233 1421 1.
1274 1372 1342 1421 de
1425 1372 1521 1434 lus,
1544 1372 1650 1435 ille,
1656 1371 1858 1435 judicio
1873 1372 2089 1423 Homeri
2107 1378 2161 1422 et
2184 1371 2474 1433 Ciceronis,

303 1442 470 1495 Divin.
489 1454 545 1494 et
567 1460 632 1495 n.
656 1445 723 1495 de
746 1447 873 1497 Nat.
896 1447 964 1496 D.
987 1447 1002 1474 ‘
1017 1443 1138 1508 Sol,’
1161 1448 1346 1513 inquit,
1425 1464 1576 1499 verus
1612 1450 1703 1499 Sol
1742 1450 1848 1500 dici
1886 1456 2073 1514 potest.
2139 1449 2300 1514 Atqui
2324 1450 2467 1499 Deus

303 1520 319 1547 ‘
343 1519 507 1569 dictus
530 1528 628 1585 est,
650 1523 734 1571 vel
757 1523 878 1587 quia
912 1524 1051 1573 solus
1087 1539 1153 1574 ex
1186 1525 1346 1574 omni·
1425 1528 1598 1576 omnia
1612 1526 1827 1591 respicit
1846 1534 1900 1577 et
1918 1526 2123 1592 quidem
2142 1526 2302 1577 solus.
2335 1525 2476 1589 Ergo

306 1596 395 1645 bus
437 1597 696 1649 sideribus
739 1606 820 1649 est
858 1608 1057 1662 tantus,
1101 1604 1184 1652 vel
1225 1603 1349 1667 quia
1427 1606 1577 1654 Deus
1600 1618 1752 1654 verus
1787 1604 1878 1654 Sol
1918 1603 2019 1654 dici
2054 1609 2248 1669 potest,
2274 1601 2486 1666 judicio

304 1686 413 1738 cum
444 1682 660 1726 exortus
701 1683 798 1738 est,
828 1676 1118 1729 obscuratis
1160 1680 1350 1730 ceteris
1427 1686 1691 1731 tantorum
1713 1680 1957 1731 virorum.

1147 2157 1464 2226 PROSA
1509 2159 1654 2227 ΠΙ.

390 2327 567 2396 TUM
601 2341 790 2414 ego?
833 2329 959 2408 En,
992 2329 1286 2419 inquam,
1337 2329 1700 2395 difficiliori
1750 2350 1977 2397 rursus
2012 2330 2498 2415 ambiguitate*

315 2433 697 2499 confundor.
790 2432 1141 2514 Quaenam,
1175 2435 1411 2519 inquit,
1463 2435 1600 2501 ista
1627 2436 1776 2500 est‘l
1837 2434 1883 2501 J
1889 2455 1996 2501 am
2027 2436 2227 2513 enim,
2257 2436 2528 2520 quibust¹

315 2538 784 2619 perturbare‚¹⁷
856 2537 1181 2620 conjecto.
1301 2537 1627 2617 Nimium,
1672 2541 1968 2624 inquam,
2026 2539 2362 2604 adversari
2420 2555 2503 2600 ac

318 2657 682 2723 repugnare
731 2641 1039 2720 videtur:
1096 2659 1516 2724 praenoscere
1573 2640 1890 2707 universa
1938 2641 2185 2718 Deum,
2234 2644 2302 2704 et
2348 2657 2503 2721 esse

378 2847 413 2875 *⁰
445 2843 697 2894 Boethius.

313 2908 650 2958 contradicere.

823 2850 850 2874 ⁸
885 2842 1148 2894 Proesensio
1190 2843 1354 2894 divina
1389 2848 1438 2894 et
1479 2844 1681 2895 hamane
1710 2841 1907 2893 libertas
1930 2841 2156 2892 videntur
2185 2838 2279 2888 eibi
2312 2837 2512 2888 invicem

1262 3003 1385 3024 &m
1388 3003 1599 3024 mo

383 3108 443 3153 17
479 3103 770 3155 Pet-turbere
789 3103 979 3169 Delph.
1003 3104 1306 3156 Halm—18
1337 3106 1355 3134 ‘
1375 3106 1612 3171 Uterque
1645 3105 1842 3155 Thuan.
1877 3103 2013 3167 Reg.
2044 3107 2101 3152 et
2135 3106 2356 3166 uterque
2374 3098 2516 3150 vict.

1313 3252 1531 3304 NOTAE

389 3390 422 3417 ⁸*
434 3383 724 3451 Difficilem
738 3399 902 3434 rursu
916 3384 1250 3451 ambiguitate]
1263 3386 1387 3436 Am·
1470 3387 1627 3436 tionis
1645 3384 1782 3450 parti
1805 3382 2148 3434 consentiunt.
2213 3382 2331 3434 Quo
2352 3378 2520 3445 magis

327 3459 558 3524 bignitas
578 3466 816 3510 versatur
833 3461 886 3509 in
904 3461 1022 3524 hoc,
1043 3461 1180 3526 quod
1205 3477 1390 3527 propo·
1472 3470 1646 3513 autem
1677 3461 1932 3513 Boethius
1955 3458 2340 3524 Philosophiam
2365 3457 2526 3507 disse-

331 3537 433 3587 sita
453 3535 735 3601 multiplici
753 3537 836 3586 via
851 3536 1139 3599 dubitetur,
1153 3553 1251 3602 qua
1268 3552 1392 3588 eun·
1472 3547 1674 3590 rentem
1698 3536 1962 3602 intelligit,
1980 3550 2043 3587 eo
2066 3537 2180 3600 ejus
2201 3548 2345 3584 mens
2365 3531 2527 3583 libra·-¹

334 3611 458 3662 dum
493 3613 601 3662 sit:
636 3612 653 3641 ‘
677 3612 992 3675 anibigunm’
1029 3615 1166 3664 enim
1202 3615 1395 3667 dicitur
1476 3617 1542 3666 tis
1565 3620 1983 3680 argumentorum
2016 3612 2288 3662 momentis
2322 3610 2532 3659 incerta

333 3687 402 3737 ab
443 3688 460 3717 ‘
486 3687 750 3752 ambigoz'
807 3692 822 3717 ‘
837 3689 1073 3755 ambigo’
1112 3698 1286 3740 autem
1330 3692 1394 3741 ab
1476 3692 1684 3743 videtur
1705 3691 1848 3740 circa
1875 3688 2101 3740 divinam
2138 3684 2531 3737 Providentiam

339 3765 492 3816 ambe
515 3765 736 3828 circum,
773 3771 829 3816 et
859 3780 989 3832 agot
1025 3769 1169 3832 quasi
1194 3769 1282 3818 ille
1307 3768 1395 3833 qni

341 3842 583 3905 ambigit,
603 3843 795 3892 circum
808 3850 1009 3906 agatur.
1073 3844 1215 3893 Hinc
1233 3843 1398 3893 ambi-

341 3919 515 3987 guitas
548 3919 742 3970 dicitur
772 3919 937 3984 primo
976 3918 1042 3969 de
1075 3918 1399 3982 corporibus,

344 4009 461 4059 quae
486 3995 700 4059 paribus
731 3995 851 4045 hinc
876 3995 997 4045 inde
1013 3994 1294 4046 virtutibus
1317 4009 1399 4045 ac-

343 4075 418 4133 ta,
446 4084 619 4135 neque
639 4071 737 4120 hac
761 4071 932 4136 potius
956 4086 1108 4136 quam
1142 4071 1264 4121 illac
1295 4086 1402 4120 mo·

254 4200 259 4205 ,
345 4155 575 4209 ventum
617 4147 846 4198 secundo
867 4148 934 4199 de
962 4148 1242 4210 mentibus,
1263 4163 1400 4213 quae,

348 4222 563 4286 paribus
605 4224 849 4288 utrinqne
887 4225 1203 4289 argumentis
1222 4224 1403 4287 impul·

355 4312 451 4364 ιε,
469 4315 576 4352 non
593 4302 679 4353 uni
696 4301 866 4367 potius
883 4316 1034 4368 quam
1059 4301 1211 4353 alteri
1241 4316 1406 4368 quaes·

1477 3767 1881 3830 libertatemque
1916 3763 2211 3825 humanam,
2244 3761 2312 3811 de
2346 3759 2533 3825 quibus

1480 3843 1730 3892 hactenus
1753 3840 2086 3905 Philosophia
2114 3837 2375 3899 disseruit,
2393 3851 2533 3902 quae-

1481 3933 1583 3985 que
1620 3919 1697 3969 ita
1728 3918 1970 3968 videntur
1999 3929 2252 3982 pugnare,
2284 3920 2346 3963 ut
2366 3913 2537 3963 altera

1483 3995 1701 4044 alteram
1737 3994 1994 4044 destruat.
2057 3991 2198 4041 Hinc
2235 3989 2375 4039 idem
2401 3987 2536 4037 Bo&-

1482 4073 1619 4122 thius
1638 4071 1883 4136 proponit
1903 4073 2226 4132 argumenta,
2240 4063 2425 4128 quibus
2443 4076 2540 4126 pn·

1483 4155 1564 4199 tat
1587 4147 1789 4199 destrui
1813 4159 1964 4212 posse
1995 4142 2319 4195 concordiam
2346 4138 2537 4188 divinas

1481 4223 1843 4275 Providentiae
1864 4227 1921 4272 et
1941 4217 2201 4272 libertatis
2222 4217 2476 4267 humanm.
