3049 4928
498 417 628 482 200

1204 432 1289 480 ΒΟ
1305 432 1505 481 ΕΤΗΠ
1567 433 1657 481 DE
1705 432 2012 482 coNsoL.

1017 576 1200 654 Heu,
1232 576 1387 659 quis
1413 577 1665 659 primus
1694 576 1740 614 ¹⁸
1789 577 1914 640 fuit
1943 573 2098 640 illei

1018 677 1181 742 Auri
1212 679 1327 762 qui
1353 677 1652 761 pondera
1683 675 1895 752 tecti‚¹‘

1013 780 1469 866 Geminasque
1496 780 1700 845 latere
1735 777 2070 856 volenteS,¹

493 958 695 1007 omnium
715 957 916 1021 primus,
935 951 1016 1020 qfti
1038 959 1159 1006 eruit
1171 937 1383 1020 pondera
1403 957 1510 1006 auri
1534 955 1818 1019 absconditi,
1836 960 1882 1004 et
1901 969 2113 1017 gemmus
2134 952 2351 1002 abscondi
2382 959 2555 1013 natos‚·
2589 969 2699 1018 quoe

1414 1084 1776 1103 “mm-‘UO

494 1156 552 1200 et
576 1150 749 1202 Haek.
783 1151 990 1203 hosticus
1011 1154 1251 1203 natm—1⁷
1288 1152 1499 1201 viderent
1534 1150 1655 1201 edd.
1680 1150 1900 1214 eaedem,
1934 1149 2374 1216 quinetiam—18
2401 1148 2584 1213 primus
2606 1148 2717 1212 quis

498 1216 698 1280 legunt.

1489 1295 1708 1346 NoTAE

492 1392 616 1442 inde
653 1409 775 1444 vero
809 1409 914 1445 suae
940 1394 1209 1446 tenuitatis
1242 1392 1447 1445 conscia
1475 1407 1563 1443 na·

494 1471 751 1536 turaliter,
773 1486 873 1521 non
895 1471 1046 1522 modo
1070 1488 1215 1522 suum
1240 1486 1450 1535 corpus,
1471 1470 1563 1519 sed

493 1553 739 1596 externas
776 1549 934 1598 etiam
971 1563 1053 1598 res
1094 1564 1269 1598 amore
1295 1547 1562 1612 prosequi-

495 1630 598 1686 tur,
619 1623 751 1674 adeo
773 1630 833 1674 ut
851 1639 914 1672 ex
939 1639 993 1674 se
1028 1625 1323 1687 ceterisque
1344 1624 1561 1687 ejusmo-

494 1699 546 1748 di
571 1700 726 1749 rebus
762 1701 1000 1765 quaedam
1035 1700 1130 1750 sibi
1172 1699 1412 1750 videatur
1447 1698 1563 1748 fieri

494 1776 737 1832 societas,
762 1776 906 1840 cujus
938 1777 1055 1839 ipsa
1090 1777 1156 1826 sit
1179 1791 1300 1840 pars
1318 1790 1419 1826 non
1446 1776 1565 1824 ulti·

494 1865 594 1899 nia.
664 1852 803 1901 Hinc
825 1852 1013 1902 ceteris
1036 1852 1178 1902 hisce
1202 1850 1358 1901 rebus
1383 1851 1565 1899 studet

497 1935 589 1977 aut
643 1928 1028 1990 conservandis,
1102 1928 1146 1976 si
1206 1926 1417 1989 habeat,
1473 1932 1564 1976 aut

495 2004 879 2068 comparandis,
904 2005 953 2053 si·
969 2004 1150 2054 iisdem
1174 2009 1355 2054 careat
1375 2020 1390 2064 ;
1413 2003 1485 2051 ita
1503 2009 1564 2053 ut

495 2080 538 2128 si
577 2079 870 2145 contingat,
915 2081 1047 2130 hanc
1094 2080 1265 2144 aliqua
1306 2080 1563 2144 ejusmodi

493 2170 666 2205 rerum
705 2163 799 2205 aut
836 2156 1157 2219 possessione
1182 2162 1272 2205 aut
1312 2170 1406 2220 spe
1446 2172 1563 2221 spo·

493 2233 629 2295 liar-i,
668 2231 826 2282 veluti
865 2232 931 2282 de
969 2239 1118 2296 parte
1158 2247 1262 2282 suae
1297 2232 1564 2282 societatis

496 2309 734 2359 detracta
775 2308 971 2372 doleat,
1033 2308 1198 2372 magis
1239 2315 1331 2359 aut
1374 2308 1560 2372 minus,

497 2391 654 2447 prout
678 2399 797 2448 pars
819 2385 909 2434 illa
941 2383 1102 2448 pluris
1127 2391 1218 2434 aut
1236 2384 1450 2434 minoris
1472 2385 1559 2434 ha-

495 2460 738 2515 bebatur.
821 2461 937 2514 Nec
980 2460 1241 2512 immerito
1285 2476 1428 2512 amor
1469 2462 1558 2512 ille

495 2551 633 2588 nunc
657 2537 854 2589 dicitur
873 2539 889 2568 ‘
911 2530 1117 2604 ignibus
1132 2539 1300 2589 AEtnae
1318 2540 1507 2590 saevior
1526 2538 1559 2592 :’

495 2630 613 2665 nam
652 2617 806 2668 AEtna
825 2632 971 2667 mons
997 2617 1210 2680 Siciliae,
1245 2618 1401 2681 vulgo
1432 2623 1561 2667 mont

500 2694 659 2756 Gibee,
685 2701 937 2760 perpetuo
959 2694 1128 2744 clarus
1159 2694 1422 2756 incendio,
1456 2693 1563 2745 fre·

451 2769 458 2773 ’
497 2771 778 2836 quentique
834 2778 1008 2836 strage
1051 2786 1081 2821 a
1122 2771 1290 2835 poetis
1331 2771 1563 2823 celebra·

492 2851 596 2899 tus.
646 2847 833 2911 Virgil.
855 2846 1018 2898 Geor.
1043 2861 1084 2899 1.
1110 2862 1187 2898 vs.
1220 2851 1334 2898 472.
1379 2848 1396 2877 ‘
1418 2847 1564 2896 Vidi·

495 2938 607 2975 mus
628 2923 907 2973 undantem
930 2923 1096 2988 ruptis
1129 2922 1430 2973 fornacibus
1451 2923 1562 2972 AEt-

493 3013 632 3063 nam,
672 3002 1124 3066 Flammarumque
1174 2999 1358 3065 globos
1398 2999 1561 3063 lique-

494 3074 740 3142 factaque
781 3078 990 3128 volvere
1029 3077 1190 3128 saxa.’
1252 3076 1352 3125 Illa
1385 3079 1562 3126 autem

493 3152 840 3215 perturbatio,
865 3169 981 3219 quae
1002 3168 1103 3203 uon
1128 3153 1294 3203 minus
1316 3152 1564 3216 perennis

494 3235 596 3292 est,
626 3244 777 3293 quam
810 3231 947 3294 ignis
980 3230 1238 3291 AEtnaeus,
1273 3229 1426 3292 longe
1449 3229 1564 3292 plu·

493 3320 579 3355 res
599 3307 965 3372 gravioresque
985 3306 1184 3357 inducit
1218 3305 1566 3356 calamitates.

494 3382 676 3446 Virgil-
698 3383 811 3432 AEn.
831 3397 960 3434 vm.
979 3398 1053 3433 vs.
1076 3387 1194 3433 324.
1226 3382 1243 3410 ‘
1267 3383 1565 3448 Aureaque,

496 3470 557 3508 ut
594 3458 892 3522 perhibent,
912 3459 1000 3509 illo
1023 3458 1119 3509 sub
1142 3473 1270 3520 rege
1291 3458 1438 3510 fuere
1460 3460 1568 3510 Sae.

497 3535 652 3583 cula:
699 3534 772 3585 sic
810 3533 1020 3598 placida
1074 3535 1294 3598 populos
1335 3537 1387 3583 in
1433 3549 1565 3599 pace

494 3608 746 3673 regebat:
781 3610 1030 3660 Deterior
1045 3610 1214 3660 donec
1229 3612 1481 3675 paulatim
1503 3627 1565 3663 ac

496 3686 714 3736 decolor
749 3690 880 3736 aetas
900 3687 969 3735 Et
990 3686 1115 3737 belli
1138 3687 1311 3737 rabies
1345 3694 1401 3738 et
1423 3703 1568 3739 amor

499 3761 754 3812 successit
769 3759 1037 3811 habendi.'
1089 3761 1247 3813 Ovid.
1281 3763 1503 3814 Metam.
1529 3777 1568 3817 1.

499 3852 574 3889 vs.
597 3841 708 3888 128.
775 3836 793 3867 ‘
819 3837 1065 3887 Protinus
1096 3839 1272 3904 erupit
1294 3854 1440 3891 venae
1475 3855 1567 3906 pe-

496 3915 627 3979 joris
661 3915 716 3964 in
756 3928 923 3965 aevum
947 3914 1118 3966 Omne
1151 3916 1333 3969 nefasz
1383 3917 1569 3983 fugere

500 3991 689 4055 pudor,
712 4005 1011 4058 verumque,
1047 3992 1310 4060 fidesque3
1347 3995 1413 4044 In
1440 4010 1568 4060 quo-

500 4081 615 4117 rum
653 4066 860 4118 subiere
889 4069 1061 4120 locum
1086 4069 1419 4136 fraudesque,
1434 4070 1566 4120 doli·

500 4159 624 4210 que,
647 4145 981 4211 Insidiaeque,
1002 4152 1059 4197 et
1091 4150 1191 4213 vis,
1213 4155 1268 4199 et
1290 4163 1434 4198 amor
1455 4162 1567 4199 sce·

497 4224 696 4277 letatus
718 4221 975 4273 habendi.'
1214 4256 1215 4259 =

574 4295 726 4357 §Quis
738 4299 926 4363 primus
947 4298 1059 4358 suit
1087 4296 1192 4371 ille]
1237 4300 1461 4364 Elegans
1491 4300 1566 4352 lo·-

1643 1389 1788 1441 cutio
1811 1389 1877 1440 ad
1900 1389 2287 1455 significandam
2314 1390 2413 1439 vim
2439 1388 2715 1453 praedictae

1645 1467 2071 1531 perturbationis.
2136 1466 2224 1515 Sic
2245 1465 2479 1515 Tibullus
2502 1466 2537 1514 l.
2563 1480 2605 1514 1.
2636 1467 2722 1516 ΕΙ.

1647 1545 1725 1593 10.
1790 1545 1806 1572 ‘
1834 1543 1960 1595 Quis
1980 1541 2080 1593 fuit
2099 1542 2382 1592 horrendos
2400 1543 2604 1606 primus
2628 1542 2726 1606 qui

1645 1619 1865 1683 protulit
1890 1633 2041 1667 enses
2056 1618 2091 1665 ξ’
2143 1618 2230 1668 Sic
2262 1618 2515 1667 Horatius
2541 1618 2725 1676 earm.

1644 1696 1681 1744 l.
1706 1710 1744 1746 1.
1768 1694 1872 1745 Od.
1894 1700 1942 1745 3.
2007 1696 2023 1723 ‘
2051 1694 2135 1744 Illi
2162 1694 2321 1746 robur
2343 1700 2401 1743 et
2421 1708 2489 1741 aes
2517 1693 2725 1758 triplex

1647 1770 1804 1820 Circa
1837 1776 2019 1835 pectus
2044 1777 2177 1833 erat,
2199 1770 2287 1835 qui
2307 1769 2549 1833 fragilem
2574 1770 2725 1819 truci

1645 1846 1917 1898 Commisit
1957 1848 2143 1912 pelago
2166 1856 2327 1896 ratem
2364 1847 2590 1909 Primus,
2617 1859 2726 1897 nec

1641 1924 1816 1973 timuit
1862 1924 2190 1989 praecipitem
2237 1922 2469 1973 Africum
2516 1923 2726 1972 Decer-

1642 2006 1842 2050 tantem
1867 2000 2228 2067 Aquilonibus,
2251 2001 2369 2050 Nec
2395 2000 2574 2049 tristes
2602 1998 2726 2063 Hya

1645 2078 1786 2141 adas,
1808 2092 1905 2127 nec
1930 2078 2123 2128 rabiem
2145 2078 2309 2128 Noti)

1708 2155 1731 2190 ¹⁸
1752 2157 1880 2207 Auri
1908 2158 1987 2222 qui
2020 2160 2227 2220 pondera
2250 2156 2390 2219 tecti]
2428 2156 2599 2206 Recte
2630 2172 2730 2205 au·

1643 2250 1759 2285 rum
1781 2251 1875 2286 suo
1896 2242 2111 2286 notatur
2134 2234 2386 2299 pondere,
2419 2248 2521 2283 non
2548 2235 2726 2285 solum

1646 2312 1767 2376 quia
1803 2326 1983 2362 aurum
2016 2311 2239 2360 omnium
2281 2310 2610 2359 metallorum
2639 2317 2729 2360 est

1640 2386 2019 2450 gravissimum,
2052 2385 2143 2435 sed
2178 2386 2338 2435 etiam
2356 2385 2478 2449 quia
2496 2390 2581 2434 est
2606 2400 2730 2435 om·

1638 2463 1777 2514 nium
1799 2462 2318 2528 praestantissimum:
2342 2470 2490 2514 recte
2510 2477 2733 2529 quoque

1638 2554 1818 2591 aurum
1843 2540 2035 2591 dicitur
2060 2545 2279 2603 tectum,
2299 2541 2614 2604 presertim>
2635 2541 2729 2591 in-

1639 2617 1861 2679 ventori,
1882 2617 1949 2666 de
1977 2630 2078 2680 quo
2111 2631 2248 2666 nunc
2287 2617 2496 2681 agitur-3
2554 2616 2732 2682 siqui-

1642 2696 1758 2745 dem
1803 2710 1982 2745 aurum
2014 2695 2156 2745 intra
2195 2694 2399 2745 viscera
2444 2701 2607 2749 terrae
2650 2697 2735 2749 iu·

1649 2773 1846 2822 clusum
1870 2771 2147 2822 formatur.

1710 2846 1724 2880 ¹
1751 2849 2061 2911 Gemmasque
2082 2849 2230 2897 latere
2243 2848 2469 2912 volentes]
2491 2845 2557 2899 In
2576 2862 2735 2911 gem-

1645 2923 1762 2985 mis,
1785 2931 1970 2989 utpote
1992 2937 2108 2988 quae
2133 2924 2466 2988 cogitationis
2485 2932 2611 2975 suut
2636 2942 2733 2977 ex·

1648 3007 1847 3065 pei-tes,
1902 3014 2071 3065 neque
2117 3002 2351 3051 voluntas
2394 3008 2498 3063 est,
2544 3016 2734 3068 neque

1643 3075 1776 3124 ullus
1826 3076 2124 3140 appetitus:
2174 3076 2264 3125 sed
2308 3076 2351 3126 si
2395 3091 2734 3141 gemmarum

1644 3151 1897 3215 originem
1952 3160 2293 3217 naturamque
2346 3153 2594 3204 advertas
2645 3163 2734 3206 at-

1644 3229 1864 3292 tentius,
1883 3229 1978 3279 has
2001 3225 2287 3280 credideris
2308 3230 2325 3261 ‘
2348 3231 2484 3281 velle
2511 3232 2735 3284 latere!

1646 3303 1827 3355 Primo
1863 3304 2071 3369 quidem
2114 3319 2331 3370 gemmae
2376 3320 2469 3357 sua
2510 3306 2734 3372 origine

1647 3379 1894 3432 videntur
1912 3383 1928 3412 ‘
1953 3383 2087 3432 velle
2105 3383 2270 3433 latere
2285 3382 2319 3434 ε’
2352 3384 2431 3433 hae
2456 3385 2597 3434 euim
2622 3387 2736 3437 ori·

1647 3465 1805 3508 untur
1827 3460 1880 3509 in
1908 3459 2038 3509 locis
2062 3459 2275 3524 abditis,
2315 3459 2370 3509 in
2407 3460 2556 3526 aquis
2579 3462 2734 3513 scili.

1647 3544 1737 3588 cet
1756 3536 1880 3588 etin
1906 3543 2064 3596 terra,
2086 3536 2175 3587 ubi
2192 3538 2356 3588 instar
2380 3538 2502 3589 vitri
2526 3538 2736 3604 liques·

1647 3622 1775 3665 cunt
1797 3615 2036 3679 primum,
2075 3615 2266 3664 deinde
2301 3615 2355 3664 in
2375 3612 2735 3679 fragilitatem

1648 3690 1851 3740 duratae
1892 3691 2182 3754 perlucent.
2249 3690 2492 3741 Secundo
2515 3691 2736 3745 eaedem

1649 3780 1864 3829 gemmae
1902 3782 1997 3816 sua
2030 3773 2218 3816 natura
2257 3766 2504 3835 videntur
2541 3768 2558 3796 ‘
2582 3771 2736 3822 velle

1649 3843 1815 3893 latere
1836 3839 1870 3891 :’
1915 3843 1994 3892 hae
2024 3843 2162 3892 enim
2198 3848 2293 3892 aut
2314 3843 2622 3894 transmisso
2648 3847 2737 3897 lu·

1648 3919 1789 3971 mine
1827 3921 2115 3985 pelluceut,
2152 3927 2245 3970 aut
2280 3921 2490 3971 remisso
2529 3922 2734 3976 eodem

1648 3995 1840 4046 lumine
1877 3997 2131 4047 relucent.
2195 3995 2251 4045 Si
2276 3997 2598 4061 pelluceaut,
2636 3999 2734 4051 hoe

1646 4071 1787 4135 aera,
1807 4085 1960 4137 quem
1991 4070 2271 4134 spiramus,
2290 4071 2737 4136 referentesgmi.

1647 4163 1744 4199 nus
1783 4154 1905 4197 sunt
1941 4147 2311 4211 aspectabiles.
2376 4149 2434 4199 Si
2472 4162 2598 4202 vero
2640 4167 2739 4205 re.

1646 4225 1874 4287 luceant,
1893 4222 2096 4274 eaedem
2136 4224 2402 4274 oculorum
2431 4225 2612 4275 aciem
2648 4229 2737 4282 ita

1647 4300 2028 4368 perstringunt,
2054 4305 2115 4352 ut
2134 4297 2254 4350 fixis
2289 4299 2456 4355 oculis,
2486 4300 2735 4372 undiquq
