3049 4928
536 397 670 466 474
726 457 736 467 .

543 570 657 606 rum
690 570 806 606 cum
852 557 984 606 alter
1023 555 1362 606 ornatissima
1396 554 1603 606 femine

540 633 800 685 Lucretiae
818 639 1055 696 stuprum
1077 633 1351 696 intulisset,
1369 640 1605 682 matrona

540 708 769 759 dedecus
819 707 961 757 ferro
1011 709 1274 772 expiavit:
1329 710 1604 773 imperium

542 790 651 834 tum
669 785 877 849 regibus
892 786 1235 848 abrogatum.’
1265 786 1604 850 Tarquinium

543 869 717 910 autem
750 875 1032 925 cognomen
1070 862 1298 912 moribus
1337 862 1606 924 meruisse,

541 937 699 986 etiam
723 938 995 987 confirmat
1016 938 1322 1002 Propertius
1343 939 1474 988 libro
1499 947 1602 987 ter-

544 1012 619 1062 tio
662 1013 813 1077 Eleg.
858 1018 940 1063 10.
979 1014 1057 1064 his
1100 1015 1366 1065 versibus:
1425 1017 1440 1042 ‘
1462 1015 1601 1066 Quid

542 1102 682 1139 nunc
713 1090 982 1154 Tarquinii
1001 1089 1196 1140 fractas
1218 1092 1370 1154 juvat
1393 1106 1508 1141 esse
1526 1105 1604 1141 se-

544 1178 714 1228 cures,
756 1166 978 1215 Nomine
1011 1182 1165 1231 quem
1200 1169 1354 1216 simili
1388 1169 1497 1218 vita
1520 1182 1600 1216 su-

544 1242 708 1304 perba
729 1243 941 1293 notat?’
977 1245 1129 1293 Idem,

542 1351 545 1356 -
614 1318 797 1374 Quibus
816 1320 898 1382 qai
910 1319 1170 1383 presidere
1186 1320 1464 1384 videamini]
1486 1320 1606 1371 Imi-

547 1395 646 1444 tari
669 1396 837 1445 locum
861 1396 1001 1445 illum
1023 1395 1233 1446 Arriani
1259 1398 1466 1446 videtur
1487 1412 1604 1461 cap.

548 1474 629 1520 13.
652 1471 740 1520 lib.
763 1462 817 1520 1:
870 1470 1006 1520 Ἀλλ’
1028 1470 1068 1519 εἶ
1083 1472 1135 1520 ἐν
1153 1471 1245 1520 τίνι
1264 1471 1454 1538 τοιαύτῃ
1474 1472 1607 1538 χώρᾳ

545 1545 812 1607 mam
849 1546 1161 1613 ὑπερεχούσῃ,
1209 1548 1339 1598 εὐθὺς
1383 1548 1610 1612 τύραννον

545 1622 862 1682 κατασψήσεις
894 1623 1118 1686 σεαυτόνς
1151 1626 1206 1675 οὗ
1224 1624 1435 1691 μεμνήσῃ
1459 1625 1534 1676 τίς
1553 1624 1611 1693 εἶ,

547 1702 628 1752 καὶ
641 1702 781 1754 τίνων
791 1703 954 1767 ἄρχσις
973 1721 987 1764 ;
1010 1705 1082 1754 ὅτι
1097 1709 1357 1768 συγγενῶν,
1378 1705 1451 1754 ὅτι
1471 1707 1609 1757 ἁδελ-

538 1783 649 1843 φὸν
664 1778 819 1842 φύσει,
836 1779 910 1830 ὅτι
921 1783 1009 1831 τοῦ
1022 1781 1131 1833 Διὸς
1146 1781 1412 1843 &verbumst
1434 1783 1450 1810 ‘
1464 1782 1550 1832 An
1566 1784 1611 1833 si

549 1857 644 1906 tali
666 1858 907 1920 quopiam
944 1860 1060 1908 loco
1091 1874 1149 1907 es
1167 1861 1499 1921 constitutus,
1520 1860 1609 1925 qni

550 1936 797 1996 excellat,
828 1937 1004 1985 statim
1024 1937 1134 2000 ipse
1165 1937 1490 2001 tyrannidem
1506 1971 1509 1976 «
1524 1952 1611 1987 oc-

553 2011 802 2075 cupabis?
850 2027 953 2063 non
977 2013 1335 2064 recordaberis
1358 2015 1447 2078 qui
1467 2015 1537 2063 sis
1555 2022 1610 2065 et

551 2087 734 2151 quibus
790 2088 1051 2152 imperes?
1106 2104 1276 2140 nonne
1330 2092 1566 2155 cognatis
1592 2093 1611 2141 ?

550 2177 725 2212 nonne
766 2162 1017 2214 fratribus
1052 2167 1336 2228 germanis?
1387 2182 1555 2216 nonne
1579 2183 1610 2216 a

549 2239 684 2290 Jove
708 2241 904 2304 optimo
925 2241 1149 2291 maximo
1170 2242 1395 2292 oriundis
1406 2243 1442 2291 θ’
1479 2244 1612 2292 Pru·

550 2316 757 2366 dentius
779 2318 1074 2383 Peristeph.
1100 2321 1294 2384 Hymn.
1318 2335 1376 2370 x.
1412 2323 1610 2385 optime

549 2392 565 2417 ⁸
590 2392 689 2442 Dei
717 2395 943 2457 parentis
979 2409 1092 2445 esse
1127 2397 1192 2445 ab
1229 2411 1319 2446 ore
1343 2399 1613 2462 coepimus,

552 2470 652 2520 Cui
675 2471 890 2538 quisque
916 2475 1097 2535 servit,
1133 2475 1222 2523 ille
1256 2488 1379 2524 vere
1398 2483 1491 2525 est
1522 2491 1613 2527 no-

552 2546 701 2601 bilis:
727 2550 897 2599 >Patri
936 2550 1145 2600 rebellis
1172 2552 1434 2601 invenitur
1456 2552 1613 2618 dege·

555 2626 685 2675 ner.'
727 2625 902 2677 Vallia.

625 2704 733 2760 Quo
774 2720 884 2754 tero
933 2705 1177 2769 quisquam
1210 2707 1297 2766 jus
1339 2706 1524 2770 aliquod
1563 2707 1617 2756 in

554 2782 833 2844 quempiam,
855 2782 949 2830 nisi
966 2782 1016 2831 in
1031 2784 1181 2831 solum
1196 2782 1385 2845 eorpus]
1433 2783 1618 2832 Senec.

555 2856 648 2905 lib.
672 2869 758 2905 ιιι.
776 2858 840 2906 de
860 2857 1092 2912 Benefic.
1124 2861 1140 2886 ‘
1164 2861 1319 2908 Errat
1337 2859 1381 2908 si
1401 2860 1513 2923 quis
1527 2873 1617 2908 ex·

556 2932 754 2982 istimat
778 2937 1081 2985 servitutem
1106 2937 1157 2984 in
1175 2942 1342 2986 totum
1360 2935 1618 2984 hominem

559 3008 900 3061 descendere.
968 3013 1100 3061 Pars
1143 3013 1330 3061 melior
1371 3012 1485 3075 ejos
1529 3026 1619 3060 ex-

557 3094 714 3150 cepta
733 3096 828 3136 est.
895 3089 1130 3153 Corpora
1163 3089 1388 3138 obnoxia
1420 3093 1544 3137 sunt
1564 3094 1622 3137 et

558 3166 816 3229 asscripta
840 3167 1075 3217 dominis.
1141 3167 1295 3216 Mens
1313 3166 1520 3231 quidem
1544 3166 1623 3215 sui

552 3241 706 3304 juris,
725 3258 841 3306 quae
864 3244 996 3294 adeo
1019 3245 1183 3294 libera
1208 3253 1262 3293 et
1285 3258 1414 3307 vaga
1437 3249 1540 3305 est,
1564 3249 1624 3292 ut

550 3331 628 3366 ne
651 3318 720 3366 ab
742 3320 839 3368 boc
862 3321 1069 3385 quidem
1091 3335 1324 3383 earcere,
1353 3320 1437 3370 cui
1459 3320 1624 3368 inclu-

560 3408 617 3441 sa
651 3404 753 3456 est,
791 3398 958 3445 teneri
993 3406 1172 3461 queat,
1207 3411 1308 3461 quo
1340 3396 1507 3446 minus
1530 3397 1624 3446 im·

560 3476 688 3531 petu
711 3485 802 3519 suo
825 3479 1023 3534 utatur,
1043 3481 1098 3521 et
1135 3473 1371 3534 ingentia
1408 3478 1546 3535 agat,
1569 3477 1626 3521 et

560 3543 617 3591 in
642 3543 898 3594 infinitum
932 3560 1105 3596 comes
1128 3545 1425 3596 caelestibus
1449 3554 1624 3597 exeat.

565 3619 768 3683 Corpus
790 3621 963 3685 itaque
994 3629 1095 3683 est,
1129 3622 1266 3686 quod
1291 3622 1498 3672 domino
1522 3622 1626 3673 for-

565 3701 693 3745 tuna
716 3697 968 3748 tradidit.'
1003 3699 1153 3749 Idem.

634 3773 767 3823 Num
787 3776 1036 3838 quicquam
1069 3775 1215 3825 libero
1241 3774 1493 3837 imperabis
1523 3775 1627 3825 ani-

565 3848 666 3911 mo]
700 3850 835 3900 Vide
857 3851 1017 3914 Diog.
1039 3850 1400 3900 Laert.lib.11.
1432 3851 1483 3899 in
1510 3850 1628 3899 Ari-

564 3925 771 3989 stippo:
831 3927 1071 3976 Macrob.
1096 3941 1133 3977 1.
1152 3927 1364 3977 Satura.
1407 3942 1524 3991 cap.
1550 3931 1628 3978 11.

570 4001 722 4051 Idem.

634 4077 757 4126 Cam
802 4077 999 4127 liberum
1040 4080 1293 4143 quendam]
1347 4081 1631 4144 Zenonem,

566 4154 634 4204 de
656 4171 758 4219 quo
780 4157 846 4205 ad
868 4157 958 4208 lib.
981 4173 1021 4208 1.
1048 4159 1401 4210 dissernimus.
1451 4160 1628 4210 Vallia.

653 4233 958 4297 Busiridem]
1038 4236 1102 4284 Β.
1157 4234 1480 4299 Augustinus
1537 4237 1629 4288 lib.

572 4322 741 4373 xvm.
777 4311 861 4361 De
882 4312 992 4362 Civ.
1035 4311 1158 4375 Dei,
1190 4327 1305 4377 cap·
1342 4315 1423 4363 12.
1490 4313 1505 4341 ‘
1529 4313 1629 4365 Illo

1246 409 1462 460 1201·AE
1513 408 1912 460 vAmoRuM
1962 405 2043 458 IN

1678 560 1915 619 tempore
1940 556 2021 604 vel
2046 557 2159 606 Rex
2182 554 2270 604 vel
2290 554 2468 617 potius
2489 556 2726 619 tyrannus

1678 631 1881 680 Busiris
1906 632 2009 681 suis
2031 631 2144 680 Diis
2167 644 2285 679 suos
2304 627 2540 693 hos'pites
2564 632 2729 680 immo·

1678 708 1839 770 labat,
1878 721 2031 773 quem
2068 707 2230 757 filium
2266 706 2543 771 perhibent
2580 706 2732 757 fuisse

1681 783 1937 846 Neptuni,
1963 799 2028 832 ex
2067 789 2231 832 matre
2267 783 2454 847 Libya,
2473 782 2583 831 filia
2605 784 2732 847 Epa-

1680 860 1804 923 phi!
1856 861 1997 911 Hinc
2031 868 2171 911 notre
2195 860 2451 910 Busiridis
2473 874 2580 909 arae
2604 861 2734 923 apud

1679 937 1891 987 Foetes,

1745 1015 1985 1078 Regulus]
2030 1015 2180 1065 Idem
2211 1016 2346 1065 libro
2386 1016 2567 1074 tertio,
2590 1030 2638 1064 c.
2663 1020 2738 1065 18.

1680 1092 1695 1118 ‘
1722 1091 1864 1140 Nihil
1883 1107 2009 1141 sane
2040 1093 2379 1142 miserabilius
2412 1095 2585 1155 primo
2609 1093 2740 1142 bello

1632 1220 1641 1227 ,
1681 1168 1884 1218 Punico
1926 1169 2134 1231 accidit,
2166 1184 2319 1234 quam
2360 1169 2495 1234 quod
2539 1170 2618 1222 ita
2641 1171 2741 1219 Ro·

1680 1245 1816 1293 mani
1859 1246 1984 1295 victi
2027 1254 2166 1308 sunt,
2213 1254 2271 1295 ut
2309 1246 2468 1294 etiam
2516 1245 2743 1309 Regulus

1679 1320 1768 1370 ille
1811 1328 2108 1384 caperetur,
2148 1323 2293 1385 cujus
2326 1321 2380 1370 in
2410 1322 2579 1385 primo
2618 1323 2743 1371 etin

1683 1398 1850 1446 altero
1894 1399 2029 1448 libro
2069 1400 2381 1449 mentionem
2418 1397 2656 1461 fecimus,
2674 1400 2747 1448 vir

1661 1488 1673 1506 ¹
1684 1476 1840 1538 plane
1856 1491 2070 1539 magnus
2082 1484 2137 1525 et
2151 1476 2315 1525 victor
2331 1483 2488 1525 antea
2500 1475 2746 1524 domitor-

1684 1567 1787 1616 que
1819 1553 2116 1615 Poenorum,
2138 1552 2227 1617 qui
2257 1553 2414 1602 etiam
2450 1554 2625 1615 ipsum
2652 1554 2748 1616 pri-

1684 1642 1820 1678 mum
1864 1630 2055 1678 bellum
2109 1630 2365 1679 Punicum
2415 1627 2753 1692 confecisset,

1685 1706 1782 1754 nisi
1823 1707 2075 1756 aviditate
2100 1706 2258 1755 nimia
2291 1706 2461 1755 laudis
2494 1711 2556 1754 et
2576 1705 2749 1769 gloriae

1686 1782 1919 1832 duriores
1942 1782 2285 1843 conditiones,
2305 1796 2460 1845 qnam
2480 1780 2626 1830 ferre
2646 1796 2758 1845 pos-

1686 1866 1820 1917 sent,
1847 1858 1999 1908 fessis
2040 1858 2562 1921 Carthaginiensibus
2595 1858 2754 1921 impe-

1687 1942 1872 1984 rasset.
1939 1933 2089 1983 Illius
2120 1934 2218 1983 viri
2251 1941 2308 1984 et
2339 1934 2627 1997 captivitas
2650 1934 2754 1983 ino-

1687 2010 2029 2074 pinatissima,
2052 2020 2109 2060 et
2130 2012 2356 2060 servitus
2378 2010 2757 2074 indignissima,

1687 2094 1739 2136 et
1754 2087 1948 2151 juratio
1985 2086 2303 2149 fidelissima,
2335 2094 2391 2136 et
2412 2101 2553 2136 mors
2574 2088 2758 2137 crude·

1685 2164 1880 2213 lissima
1918 2165 1960 2213 si
1995 2166 2140 2214 Deos
2174 2165 2291 2214 illos
2325 2178 2430 2213 non
2465 2165 2614 2227 cogit
2643 2179 2759 2213 eru-

1688 2239 1920 2303 bescere,
1958 2255 2135 2289 verum
2179 2248 2260 2290 est
2296 2240 2436 2305 quod
2471 2241 2599 2289 aerei
2624 2247 2765 2301 sunt,

1687 2322 1743 2365 et
1783 2331 1887 2365 non
1928 2317 2125 2366 liabent
2163 2316 2506 2379 sangninem!
2573 2318 2682 2367 Sed
2707 2324 2763 2367 et

1688 2391 1923 2456 Agellius
1957 2395 1993 2444 l.
2031 2408 2108 2444 vr.
2144 2396 2304 2445 Noct.
2349 2393 2582 2445 Atticar.
2623 2410 2673 2445 c.
2705 2397 2764 2446 4.

1687 2472 2009 2523 Tuberonem
2050 2473 2100 2522 in
2147 2473 2401 2523 Historiis
2454 2474 2524 2523 de
2571 2472 2762 2538 Reguli

1690 2550 1943 2612 supplicio
1989 2552 2061 2599 ita
2102 2550 2371 2614 scripsisse
2418 2551 2586 2600 dicit:
2658 2555 2674 2579 ⁸
2705 2552 2760 2600 ln

1691 2633 1832 2675 atras
1856 2633 1910 2675 et
1936 2625 2363 2689 profundissimas
2379 2628 2630 2678 tenebras
2647 2642 2760 2678 eum

1692 2702 2041 2752 claudebant:
2092 2717 2154 2752 ac
2178 2703 2266 2752 diu
2298 2710 2420 2768 post
2437 2705 2526 2754 nbi
2552 2712 2672 2754 erat
2692 2708 2765 2754 vi·

1692 2794 1779 2827 sus
1801 2780 1876 2828 sol
1898 2779 2312 2841 ardentissimus,
2334 2787 2555 2844 repente
2576 2783 2763 2833 eduee-

1695 2855 1854 2905 bant:
1891 2863 1947 2906 et
1964 2856 2210 2906 adversus
2233 2857 2367 2907 ictus
2400 2859 2524 2909 solis
2555 2861 2765 2923 opposi-

1695 2940 1804 2983 tum
1829 2932 2187 2995 continebant,
2205 2940 2363 2997 atque
2399 2934 2681 2984 intendere
2716 2936 2767 2983 in

1695 3010 1877 3058 caelum
1916 3010 2094 3058 oculos
2132 3009 2406 3072 cogebant.
2474 3011 2767 3074 Palpebras

1696 3099 1897 3150 qnoque
1947 3085 2062 3148 ejus
2104 3098 2172 3133 ne
2215 3085 2497 3135 connivere
2537 3094 2768 3150 possent,

1696 3176 1897 3211 sursum
1940 3175 2004 3210 ae
2043 3160 2284 3210 deorsum
2317 3160 2560 3211 diductas
2600 3162 2769 3212 insue-

1697 3238 1867 3290 bant.'
1934 3237 2040 3287 Alii
2074 3246 2248 3288 autem
2278 3252 2456 3288 somno
2479 3239 2569 3288 diu
2595 3240 2770 3302 prohi-

1697 3318 1862 3369 bitum
1885 3324 2047 3383 atque
2073 3318 2149 3367 ita
2177 3318 2287 3366 vita
2326 3318 2592 3382 privatum
2634 3318 2767 3368 refe-

1699 3402 1837 3445 runt.
1871 3395 2099 3446 Quorum
2120 3395 2393 3444 sententiaa
2411 3395 2622 3445 aceedit
2639 3393 2766 3445 Aur.

1697 3472 1905 3533 Victor,
1944 3471 2010 3520 de
2061 3471 2204 3520 Viris
2260 3471 2570 3534 illustribus,
2593 3504 2600 3509 -
2626 3472 2768 3521 hisce

1702 3549 1906 3598 verbis:
1956 3547 1972 3574 ‘
2010 3549 2236 3610 Legatus
2284 3547 2352 3597 de
2408 3548 2769 3612 permutandis

1699 3624 1921 3688 captivis
1952 3624 2173 3674 Romam
2197 3624 2404 3685 missus,
2427 3625 2551 3674 dato
2566 3626 2769 3689 jureju-

1701 3701 1882 3762 rando,
1916 3708 1975 3750 ut
1997 3701 2040 3750 si
2064 3716 2166 3752 non
2192 3702 2550 3764 impetrasset,
2578 3703 2659 3752 ita
2679 3703 2768 3751 de-

1701 3792 1840 3827 mum
1863 3778 2095 3838 rediret3
2130 3778 2182 3826 in
2199 3778 2397 3827 Senatu
2415 3777 2768 3828 conditionem

1702 3853 1976 3904 dissuasit:
2033 3854 2352 3918 rejectisque
2393 3868 2426 3902 a
2455 3867 2510 3901 se
2547 3854 2767 3916 conjuge

1703 3937 1757 3979 et
1801 3929 2000 3992 liberis,
2050 3929 2420 3992 Carthaginem
2473 3942 2765 3991 regressns;

1702 4006 1792 4054 ubi
1812 4006 1865 4055 in
1888 4020 2062 4055 arcam
2095 4006 2317 4068 ligneam
2354 4005 2647 4068 conjectus,
2668 4005 2766 4053 cla·

1705 4083 1780 4132 vis
1800 4084 2076 4133 introrsum
2114 4083 2246 4132 actis
2281 4081 2467 4144 vigiliis
2505 4095 2568 4131 ac
2593 4081 2765 4130 dolore

1704 4159 1914 4222 punitus
1954 4157 2070 4208 est.'
2161 4157 2292 4206 Haec
2333 4156 2537 4206 Victor.
2626 4156 2767 4205 Nota

1705 4249 1910 4300 quoque
1931 4233 1998 4284 de
2023 4232 2365 4296 jurejurando
2398 4238 2455 4281 et
2487 4231 2633 4281 exitu
2668 4231 2767 4279 Re-

1706 4312 1812 4378 guli
1835 4311 2122 4378 disputatio
2160 4318 2241 4361 est
2264 4309 2528 4360 Ciceronis
2552 4306 2761 4358 inlibris
