3049 4928
506 384 637 453 482

566 545 669 597 Hie
697 551 745 597 et
779 544 988 609 conjugii
1029 545 1237 609 sacrum]
1289 546 1562 600 Salvianus

503 623 593 673 lib.
619 635 717 674 vn.
763 623 850 672 De
874 622 1012 674 Gub.
1035 623 1165 673 Dei:
1200 625 1217 653 ‘
1240 623 1561 673 Venerabilis

497 700 727 765 conjugii
769 701 1183 752 sacramentum!
1254 702 1456 754 Seneca
1508 704 1562 752 in

499 777 884 842 Agamemnone
920 794 994 829 vs.
1028 784 1110 829 79.
1177 778 1195 807 ‘
1217 779 1348 832 Jura
1371 780 1560 843 pudor·

496 871 600 921 que
617 858 687 906 Et
706 856 933 920 conjugii
957 862 1162 906 sacrata
1179 855 1311 906 fides
1337 856 1561 920 Fugiunt

500 932 681 983 aulas!
720 934 871 982 Idem.

566 1009 817 1073 conjug-ii]
875 1009 1164 1073 Evagabor‚
1203 1009 1282 1060 vel
1325 1008 1563 1060 vocabuli

496 1087 649 1151 hujus
673 1101 848 1148 causa,
871 1086 1006 1152 quod
1029 1087 1152 1136 mihi
1172 1086 1320 1137 valde
1344 1087 1559 1137 arridet.

494 1163 691 1214 Arnob.
750 1162 841 1212 lib.
897 1177 961 1212 ιι.
1042 1162 1263 1213 Advers.
1323 1162 1521 1213 Gentes
1543 1177 1558 1212 x

493 1243 509 1274 ⁸
538 1240 841 1305 conjugalia
861 1239 1115 1303 copulatis
1146 1239 1428 1294 consortia,
1457 1254 1561 1290 non

494 1316 670 1368 futura
691 1330 805 1367 esse
820 1317 1089 1367 credentes
1110 1332 1254 1366 casta
1273 1325 1326 1366 et
1343 1315 1561 1367 officiosi

493 1394 707 1445 foederis
732 1396 784 1444 in
811 1396 1021 1445 maritos
1035 1395 1075 1444 θ’
1129 1396 1259 1445 Haec
1282 1395 1559 1447 Arnobius.

495 1471 650 1522 Unde
686 1472 847 1535 disco,
880 1472 896 1501 ⁴
921 1471 1228 1536 conjugalia
1271 1471 1559 1522 consortia’

494 1549 615 1613 poni
641 1563 735 1612 pro
774 1548 898 1613 ipsis
934 1548 1257 1613 conjugibus,
1275 1564 1376 1614 qua
1401 1549 1558 1613 signi·

490 1624 735 1675 ficatioue
757 1624 880 1675 boni
915 1625 1174 1676 Auctores
1198 1634 1447 1691 usurpant
1470 1642 1556 1676 vo-

492 1715 603 1750 cem
639 1704 654 1728 ‘
679 1701 1008 1765 Conjuginm.
1073 1702 1276 1752 Helena
1304 1704 1441 1766 apud
1464 1705 1556 1754 Se·

489 1789 676 1826 necanr
694 1777 745 1825 in
768 1777 992 1838 Troade,
1025 1777 1092 1826 ad
1113 1777 1555 1831 Andromacham:

491 1855 509 1890 ⁶
532 1855 662 1903 Tale
679 1855 973 1917 conjugium
993 1855 1087 1906 tibi
1107 1856 1223 1905 Non
1244 1855 1355 1919 ipsa
1377 1871 1556 1920 sospes

490 1930 662 1994 Troja,
696 1945 797 1980 non
820 1931 1062 1980 Priamus
1098 1931 1285 1981 daret.’
1327 1932 1554 1993 Proper-

491 2008 594 2056 tius
618 2008 708 2057 lib.
732 2022 820 2058 ιιι.
844 2009 990 2073 Eleg.
1015 2014 1096 2060 12.
1153 2011 1169 2036 ‘
1194 2011 1263 2059 Et
1287 2020 1554 2061 certamen

490 2084 683 2133 liabent
705 2086 851 2147 lethi,
872 2099 987 2150 quae
1016 2087 1130 2135 viva
1153 2096 1397 2151 sequatur
1419 2091 1552 2138 Con·
1604 2149 1609 2154 ὴ

482 2162 683 2225 jugium
701 2178 716 2222 ;
752 2164 919 2226 pudor
930 2170 1027 2223 est,
1045 2178 1144 2211 non
1161 2163 1368 2213 licuisse
1386 2163 1552 2215 mori!

493 2237 714 2287 Ovidius
731 2240 784 2288 in
805 2239 974 2303 Epist.
992 2240 1215 2290 Her-oid.
1260 2244 1275 2269 ⁸
1296 2239 1428 2291 Haec
1451 2257 1552 2305 ego

491 2315 733 2379 conjugio
755 2315 995 2365 fraudata
1015 2317 1289 2366 Thoantias
1308 2318 1435 2367 oro-⁹
1456 2319 1551 2368 Se·

487 2405 622 2442 neca
641 2393 694 2441 in
716 2393 902 2444 Troad.
944 2409 1021 2443 vs.
1058 2397 1141 2443 59.
1165 2401 1218 2443 et
1237 2409 1346 2457 seq.
1374 2395 1553 2457 pulcre

488 2469 686 2519 variat:
722 2470 737 2498 ‘
763 2471 868 2520 Hic
907 2471 1154 2520 Hectoris
1192 2472 1432 2535 conjugia
1463 2473 1552 2521 de·

488 2546 712 2610 spondet
747 2547 861 2608 sibi,
899 2549 1005 2597 Hic
1035 2554 1186 2611 optat
1209 2548 1399 2598 Heleni
1430 2563 1552 2598 con-

476 2621 683 2686 jugem,
703 2621 789 2671 hic
814 2623 1130 2672 Antenoris.'
1164 2625 1408 2673 Aurelius
1428 2625 1551 2675 Vic.

485 2704 571 2749 tor
603 2700 673 2748 'de
713 2700 958 2750 Romulo:
996 2703 1011 2727 ‘
1038 2700 1168 2749 Cum
1202 2700 1405 2750 videret
1428 2716 1548 2751 con-

477 2775 630 2839 jugia
659 2769 859 2838 desssse,
895 2791 988 2840 per
1024 2778 1222 2841 legatos
1256 2793 1286 2826 a
1318 2777 1550 2828 finitimis

1195 403 1411 456 »101¹AE
1460 403 1803 455 vamolw
1818 405 1867 453 Μ
1917 404 1995 455 ΙΝ

1640 546 1840 613 aliquid
1863 547 2032 598 simile
2053 547 2357 610 contulisse,
2388 563 2545 613 quam
2573 550 2703 614 quod

1643 638 1937 688 germanam
1973 632 2203 673 nostram
2237 631 2470 673 vestrum
2493 624 2707 675 fecimus

1642 715 1756 751 esse
1772 702 2092 766 conjugium:
2115 700 2358 752 feminam
2380 701 2707 766 prudentiam

1644 786 1831 830 vestroe
1876 777 2090 842 parem.’
2156 780 2240 829 lta
2291 780 2452 829 etiam
2511 779 2710 844 actipio

1641 855 1735 905 illa
1776 856 1962 905 Alcimi
2011 856 2153 906 Aviti
2196 856 2328 905 libro
2375 856 2443 905 de
2490 856 2711 918 Origine

1641 932 1829 982 Mundi
1850 948 1863 980 :
1896 935 1911 959 ‘
1932 932 2144 983 Femina
2162 934 2412 996 persistat
2431 933 2502 982 de
2515 932 2711 982 semine

1641 1017 1847 1072 sumpta
1865 1010 2000 1059 virili
2022 1009 2271 1074 Conjugio
2292 1024 2506 1058 servare
2522 1008 2715 1059 fidem.'

1644 1084 1780 1135 Haec
1803 1086 1870 1135 de
1892 1085 2263 1150 conjugalibus
2298 1084 2582 1136 consortiis
2603 1084 2711 1135 sive

1643 1162 1904 1227 conjugio.
1969 1163 2121 1213 Nunc
2163 1163 2218 1213 in
2262 1162 2399 1211 viam
2440 1160 2579 1211 liber
2633 1175 2712 1211 re·

1639 1236 1864 1288 flectam.
1903 1237 2056 1288 Idem.

1709 1314 1870 1364 Castis
1905 1316 2054 1364 nectit
2093 1313 2354 1377 amoribus]
2404 1313 2612 1363 Seneca
2656 1313 2710 1362 in

1641 1391 1867 1441 Octavia
1890 1406 2042 1441 versu
2066 1395 2179 1442 189.
2245 1392 2262 1419 ‘
2281 1389 2445 1440 Amor
2466 1390 2712 1454 perennis

1638 1466 1865 1530 conjugis
1888 1476 2042 1518 castae
2064 1467 2272 1517 manet.’
2312 1469 2471 1517 Idem.

1704 1545 1937 1609 Hicfidt's
1956 1546 2100 1595 etiam
2130 1558 2216 1593 sua
2237 1544 2541 1603 Dictatjura
2572 1545 2710 1594 soa«-

1636 1619 1781 1684 libus]
1833 1619 2176 1671 convenienti
2212 1621 2499 1673 ¹iteratione
2540 1620 2710 1670 utitur

1638 1697 1979 1747 Cassiodorus
1992 1698 2127 1747 libro
2136 1698 2317 1763 quinto
2329 1698 2606 1747 Variarum
2624 1702 2708 1748 4⁰.

1636 1780 1652 1803 ⁵
1677 1776 1810 1826 Haec
1834 1777 1970 1826 inter
1997 1776 2161 1825 socios
2192 1775 2475 1829 amicitiam
2498 1783 2709 1837 servat3

1636 1854 1747 1905 lioec
1780 1855 1999 1905 dominis
2035 1870 2166 1919 pura
2202 1856 2511 1919 integritate
2542 1857 2707 1906 famn-

1636 1930 1805 1992 latur;
1837 1931 1952 1981 haec
1988 1946 2227 1995 supernae
2265 1932 2526 1995 majestati
2558 1947 2706 1981 reve·

1635 2006 1855 2056 rentiam
1907 2007 2005 2071 piae
2050 2007 2375 2058 credulitatis
2414 2008 2699 2073 impendit:

1632 2090 1689 2132 et
1710 2084 1753 2132 si
1779 2083 2082 2138 beneficium
2108 2091 2270 2133 tantae
2284 2085 2364 2133 rei
2382 2085 2545 2135 latius
2561 2099 2706 2150 quae·

1634 2178 1734 2225 ras,
1774 2163 2205 2214 incommutabilis
2237 2162 2360 2213 fidei
2403 2172 2485 2215 est
2530 2178 2703 2228 omne,

1636 2241 1773 2306 quod
1799 2240 1932 2290 bene
1951 2240 2175 2290 vivitur.’
2208 2241 2359 2292 Idem.

1697 2316 1841 2370 Fidis
1870 2315 2127 2379 sodalibus]
2156 2373 2157 2376 Ἴ
2183 2317 2504 2367 Prudentius
2551 2318 2702 2368 Peri·

1631 2393 1918 2457 stephanon
1955 2392 2164 2456 Hymno
2202 2406 2241 2441 ι.
2290 2393 2305 2420 ‘
2338 2393 2442 2443 Hic
2479 2394 2701 2443 duorum

1633 2470 1792 2521 chara
1829 2467 2043 2519 fratrum
2071 2470 2443 2518 convalescunt
2464 2479 2701 2535 pectora,

1635 2547 1761 2596 Fida
1785 2561 1911 2611 quos
1930 2561 2026 2610 per
2047 2560 2200 2596 omne
2225 2553 2430 2611 tempus
2443 2547 2699 2612 junxerat

1631 2622 1916 2672 sodalitas!
1947 2624 2099 2671 Idem.

1692 2698 1861 2757 Amor,
1897 2699 2003 2756 Quo
2051 2699 2217 2749 calum
2258 2700 2471 2763 reg-itur]
2522 2702 2693 2753 Quem

1627 2773 1755 2824 θείαν
1806 2773 2041 2838 φιλότητα
2080 2777 2364 2839 appellavit
2408 2778 2697 2827 oraculum

1631 2852 1769 2915 apud
1806 2852 2061 2902 AElianum
2117 2853 2290 2904 Variae
2342 2854 2593 2904 Historiae
2645 2858 2696 2905 2.

1630 2933 1784 2984 Idem.

482 2851 781 2901 civitatibus
806 2852 997 2917 petiit!
1031 2853 1369 2903 Cassiodorus
1386 2854 1474 2903 lib.
1496 2867 1549 2904 v.

480 2927 685 2978 variar.
721 2932 806 2978 43.
877 2929 893 2956 ‘
921 2930 1063 2978 Nulli
1107 2930 1420 2980 aestimamus
1457 2946 1549 2981 nos

1309 3368 1648 3444 LIBER
1701 3369 1856 3443 ΙΙΙ.

539 3535 729 3584 Mna.
748 3540 797 3584 l.
834 3536 935 3592 Qui
953 3551 1112 3586 serere
1132 3537 1387 3598 ingenuum
1417 3539 1542 3587 volet
1621 3537 1939 3587 Claudianus
1962 3537 2028 3586 de
2050 3536 2338 3602 Crystallis.
2391 3538 2691 3590 Observan-

437 3636 438 3639 ¹
472 3612 665 3675 mum]
702 3611 955 3663 Prudent.
997 3613 1236 3662 Cathem.
1275 3613 1468 3676 Hymn.
1492 3618 1546 3663 3.
1621 3615 1741 3665 dum
1766 3622 1821 3664 et
1844 3615 1972 3664 illud
2011 3615 2151 3680 apud
2193 3616 2416 3666 eundem
2452 3617 2519 3666 de
2540 3617 2690 3668 Bello

471 3688 489 3715 ‘
515 3685 706 3735 Fundit
742 3700 870 3750 opes
916 3701 1037 3749 ager
1083 3687 1332 3748 ingenuas
1376 3689 1541 3738 Dives
1621 3694 1809 3744 Getico
1835 3697 2040 3743 vs.227.
2091 3694 2106 3722 ‘
2130 3694 2304 3758 thue
2337 3701 2420 3744 est
2456 3694 2689 3758 ingenio.

473 3760 753 3812 aristiferae
793 3761 1024 3826 segetis!
1109 3762 1331 3813 Probati
1377 3765 1541 3829 scrip·
1623 3784 1722 3835 que
1776 3771 1982 3835 loquax,
2032 3777 2088 3819 et
2131 3770 2356 3833 plurima
2396 3770 2527 3834 fingi
2560 3771 2689 3821 Per-

473 3844 615 3890 tores
638 3839 781 3889 varie
819 3846 878 3889 et
912 3838 1219 3903 frequenter
1255 3854 1388 3889 voce
1424 3843 1439 3869 ‘
1463 3843 1541 3890 in·
1621 3845 1835 3895 mittens
1854 3846 2101 3911 credique
2125 3845 2521 3896 timor.'*Sitzns.

473 3913 631 3979 genii'
657 3921 892 3964 utuntur.
927 3916 943 3943 ⁴
963 3915 1236 3978 Ingenium
1261 3917 1396 3980 loci,'
1420 3918 1541 3967 Flo·
1686 3922 1977 3984 Fiiicemque
2017 3920 2219 3984 resecat]
2278 3923 2380 3972 Ms.
2436 3922 2687 3972 Rittersli.

468 4004 560 4041 rus
582 3989 673 4040 lib.
696 4004 759 4040 ιι.
786 4006 904 4055 cap.
934 3995 984 4040 2.
1023 3990 1219 4040 Statius
1240 4005 1304 4042 ιι.
1338 3994 1538 4057 Sylvar.
1610 3996 1894 4061 felicemque
1914 4013 2006 4047 res.
2074 3999 2222 4047 Flav.
2263 3998 2473 4062 Caper:
2524 4001 2540 4028 ‘
2563 3998 2686 4048 Fili·
2791 4046 2796 4051 ,

472 4065 487 4093 ‘
513 4065 694 4127 collis,'
716 4065 870 4115 Silius
895 4067 982 4118 lib.
1005 4081 1082 4118 ιν.
1107 4068 1123 4095 ‘
1142 4068 1370 4129 metalli,’
1397 4070 1539 4131 Apu·
1621 4087 1755 4135 cem,
1788 4088 1891 4123 non
1936 4072 2151 4122 felicem
2182 4074 2360 4124 dicere
2405 4074 2685 4124 debemus:

467 4140 602 4190 leius
620 4152 699 4191 rx.
721 4143 941 4193 Metam.
972 4144 987 4172 ‘
1009 4144 1317 4206 herbarum,'
1335 4145 1541 4194 Tertul-
1619 4150 1758 4199 unde
1782 4160 1836 4199 et
1858 4151 2057 4203 tilicata
2086 4164 2249 4213 opera
2285 4150 2532 4200 dixerunt
2552 4151 2683 4201 cela»

467 4220 632 4278 lianns
665 4220 731 4270 de
768 4222 988 4273 Habitu.
1034 4223 1299 4273 Muliebri.
1323 4227 1338 4251 ‘
1362 4224 1539 4286 venti,'
1619 4226 1714 4276 ta.’
1776 4227 1925 4290 virg.
1964 4240 2029 4276 ιι.
2075 4226 2271 4291 Georg.
2348 4229 2456 4278 ‘Et
2493 4227 2681 4277 filicem

469 4295 760 4349 Politianus
799 4300 853 4349 in
881 4301 1113 4353 Rustico.
1147 4301 1164 4328 ‘
1183 4299 1540 4366 lympharum,’
1616 4303 1787 4352 curvis
1808 4303 2022 4363 invisam
2048 4302 2219 4367 pascit
2238 4302 2464 4354 aratris.’
2528 4303 2680 4372 Colu-
