3049 4928
585 434 890 482 Bon'rHu
944 435 1043 483 DE
1089 433 1396 483 consul..
1444 434 1884 484 PHlLOSOPH.
1937 435 2078 482 Lm.
2128 434 2178 482 1.

291 574 350 625 ab
369 576 546 625 aestiva
563 582 619 626 et
638 576 925 627 solstitialis
943 577 1177 627 Orientis
1199 582 1339 628 meta

289 654 421 703 venit
455 652 624 718 βορέας
660 655 864 716 Groece‚
904 656 1096 706 Latine
1143 654 1339 720 Aquilo

286 731 584 781 nominatur.
653 731 795 781 Hinc
818 729 1162 796 αἷθρινγενέηιν,
1195 730 1336 796 quod

284 805 346 855 sit
365 807 485 855 alias
514 821 750 868 serenus,
796 807 1058 857 Homerus
1091 809 1196 857 ait:
1232 808 1335 857 Bo·

285 896 413 931 ream
437 897 557 932 vero
571 883 667 933 ἀπὸ
684 886 770 943 τῆς
790 886 923 948 βοῆς,
946 885 1082 950 quod
1103 899 1205 935 non
1224 885 1336 934 sine

281 959 494 1009 clamore
542 961 712 1010 soleat
748 960 1026 1011 intonare!
1089 959 1332 1025 Agellius

278 1034 357 1085 lib.
379 1050 438 1085 ιι.
462 1052 581 1100 cap.
604 1042 688 1088 22.
721 1037 739 1065 ‘
758 1038 981 1088 Boream
1005 1044 1196 1101 putant
1221 1037 1333 1087 dic-

282 1121 380 1163 tum
400 1114 491 1165 ἀπὸ
512 1117 604 1175 τῆς
621 1117 757 1177 βοῆς,
780 1117 1024 1181 qnoniam
1049 1117 1120 1166 sit
1139 1116 1333 1166 violeu-

281 1191 317 1239 ti
338 1189 488 1242 flatus
512 1200 570 1243 et
604 1192 814 1244 sonori.’
882 1194 969 1243 De
1008 1193 1204 1244 honore
1239 1193 1332 1244 isti

278 1276 426 1317 vento
439 1268 504 1318 ab
523 1268 952 1333 Atheniensibus,
968 1271 1193 1333 Thuriis,
1214 1272 1331 1321 Me-

278 1346 562 1410 galopolitis
602 1347 836 1397 exhibito
874 1346 1032 1397 habes
1067 1347 1207 1410 apud
1245 1349 1332 1397 AE-

277 1421 388 1471 lian.
422 1423 513 1473 lib.
558 1437 668 1475 ιιι.
723 1425 849 1475 Var.
892 1424 1033 1476 Hist.
1080 1439 1198 1489 cap.
1242 1430 1331 1477 61.

280 1497 424 1548 Idem.

334 1577 399 1624 Ee
433 1580 646 1628 clausum
687 1583 866 1629 reseret
901 1579 1045 1641 dieta,
1103 1579 1324 1645 Emicat]

275 1650 553 1704 Martianus
577 1655 800 1719 Capella
820 1654 912 1705 lib.
932 1669 972 1707 1.
997 1654 1063 1705 de
1081 1655 1287 1705 Phoebo
1308 1672 1321 1704 :

275 1728 469 1796 ‘Atque
490 1732 630 1781 idem
657 1733 814 1795 pallio
836 1732 1105 1793 rutilante,
1145 1746 1208 1781 ac
1247 1746 1330 1782 re-

273 1813 430 1856 serato
452 1808 711 1858 stellantis
734 1809 843 1873 poli
879 1808 1076 1873 limine,
1117 1808 1205 1859 Sol
1245 1824 1328 1876 re-

274 1890 417 1946 pente
438 1885 616 1935 clarus
639 1884 890 1935 emicuit?
927 1887 1077 1936 Idem.

334 1963 498 2014 Oculos
511 1961 830 2025 radiisferit]
880 1963 1077 2012 Ennius
1100 1977 1143 2013 1.
1185 1962 1325 2012 Anu.

269 2037 283 2064 ⁴
301 2038 424 2088 Exin
445 2039 673 2090 candida
689 2055 745 2090 se
766 2039 926 2089 radiis
952 2038 1100 2089 dedit
1121 2039 1223 2089 ista
1246 2038 1325 2089 fo·

274 2127 348 2163 ras
390 2117 515 2167 lux)
598 2117 757 2167 Silius
797 2117 892 2166 lib.
939 2130 1026 2166 ιιι.
1093 2116 1146 2164 in
1185 2114 1323 2168 fine·

269 2189 284 2218 ‘
296 2191 558 2259 Majerque
580 2199 804 2258 repente
824 2193 939 2243 Lux
964 2193 1143 2243 oculos
1166 2190 1309 2243 ferit.
1310 2191 1327 2214 ⁹

323 2345 505 2399 PnosA
526 2353 576 2399 8.
647 2348 809 2399 Hanni
840 2348 1028 2410 colum]
1063 2349 1131 2400 Q.
1174 2349 1322 2398 Curt.

266 2421 349 2472 lib.
371 2438 424 2476 v.
446 2426 513 2477 de
550 2425 694 2477 Reb.
718 2425 881 2490 gestis
918 2424 1073 2476 Alex.
1112 2423 1323 2475 ‘Alium

267 2498 393 2552 domi
414 2517 528 2554 esse
549 2504 674 2554 coeli
710 2504 974 2567 haustum,
1009 2503 1167 2553 alium
1190 2502 1322 2552 lucis

267 2581 558 2640 aspectum?
611 2581 768 2630 Idem.

321 2654 498 2720 Supero
519 2657 719 2707 maine
740 2655 955 2719 delapso]
1002 2654 1321 2704 Themistins

265 2728 405 2782 Orat.
429 2747 469 2784 1.
500 2731 756 2798 Σωκράτης
792 2733 846 2783 δὲ
886 2735 1060 2783 ἐκεῖνος
1082 2734 1110 2781 ὁ
1134 2736 1321 2797 Σωφρο-

263 2804 412 2857 νίσκου
442 2810 542 2876 θείᾳ
579 2810 714 2876 μοίρᾳ
746 2810 862 2877 μόνῃ
897 2807 1240 2875 παραγενέσθαι
1273 2810 1323 2860 ἐς

260 2881 527 2951 &Opb-ovs,
571 2889 589 2916 ‘
609 2887 886 2938 Socrates’
934 2887 1161 2953 denique
1193 2886 1322 2937 ‘So-

262 2959 542 3022 phronisci’
573 2965 663 3014 ille
676 2964 814 3014 filius
838 2966 854 2993 ‘
869 2965 1047 3015 divina
1063 2963 1321 3014 duntaxat

262 3039 427 3088 sorte'
483 3041 878 3106 Philosophiam
912 3043 928 3071 ‘
948 3043 1002 3091 in
1054 3041 1317 3091 hominnm

261 3132 409 3181 genus
429 3123 700 3188 delapsam
724 3122 886 3173 fuisse
922 3130 1149 3174 testatus
1188 3130 1269 3173 est
1288 3122 1322 3184 3’

259 3194 306 3245 iu
325 3198 565 3263 sophista
598 3200 837 3250 Platonis
859 3200 949 3249 ubi
971 3207 1029 3249 et
1055 3199 1313 3250 Prodicus

257 3273 452 3336 sapiens
470 3279 592 3327 θεῖος
613 3276 828 3327 dicitur.
895 3276 1050 3329 Quod
1078 3276 1147 3326 sit
1171 3277 1318 3326 nimi·

259 3361 362 3400 rum
395 3352 480 3418 (nt
516 3355 594 3404 ait
619 3353 740 3404 Rex
774 3353 1024 3403 Indorum
1057 3354 1317 3404 Phraotes

256 3426 387 3488 apud
406 3429 661 3480 Philostr.
684 3430 738 3478 in
778 3430 885 3478 vita
922 3427 1188 3493 Apollonii
1226 3428 1316 3479 lib·

258 3512 319 3550 u.
341 3517 457 3569 cap.
481 3504 584 3567 12.)
612 3486 858 3555 θειότατον
886 3509 984 3555 τῶν
1015 3522 1106 3554 κατ
1110 3504 1315 3569 ’ἀνθρώ

255 3582 428 3641 voves
447 3581 694 3642 omnium,
731 3595 848 3648 quae
890 3587 1013 3631 sunt
1050 3581 1191 3646 apud
1226 3582 1316 3632 lio-

254 3653 429 3719 mines,
452 3656 865 3707 divinissimum!
910 3658 1112 3708 Seneca
1142 3657 1313 3721 Epist.

259 3739 343 3777 xc.
376 3732 543 3783 ‘Quis
579 3732 836 3798 dubitare,
874 3735 943 3783 mi
994 3733 1187 3795 Lucili,
1224 3747 1315 3797 po·

256 3806 372 3870 test,
391 3810 516 3873 quin
546 3811 782 3861 Deorum
816 3811 1181 3861 immortalium
1205 3826 1315 3860 mn-

255 3884 451 3948 nus‘sit,
477 3888 616 3951 quod
652 3888 901 3938 vivimus:
936 3888 1314 3952 Philosophiae,

257 3959 383 4019 quod
425 3962 559 4014 bene
601 3965 851 4015 vivimus?
939 3967 1127 4030 Itaque
1163 3971 1312 4014 tanto

257 4031 366 4092 Plus
377 4050 469 4097 nos
480 4039 670 4091 debere
688 4043 808 4092 huic
824 4056 980 4107 quam
998 4042 1136 4104 Diis,
1149 4054 1311 4106 quan·

256 4111 309 4156 to
340 4114 501 4178 majus
542 4117 850 4168 beneficium
881 4126 962 4169 est
998 4119 1134 4170 bona
1181 4119 1309 4180 vita,

259 4198 402 4248 quam
446 4193 601 4243 vita?
664 4196 804 4249 Quid
846 4197 985 4247 enim
1022 4197 1308 4258 coelestius,

2348 414 2478 485 431

1412 580 1549 627 ens?
1593 579 1771 629 Vallia.
2355 595 2356 598 ’

1475 657 1606 706 Ante
1649 656 1803 707 nostri
1844 656 2068 707 Plutonis
2107 658 2325 720 atatem]
2380 658 2476 708 So.

1411 733 1548 797 lone,
1566 734 1895 798 Anaxagora,
1913 741 1969 784 et
1981 733 2288 799 Pythagora
2310 735 2367 785 in
2390 750 2482 786 ex-

1410 809 1554 859 ilium
1607 811 1774 860 actis:
1832 811 2045 861 Zenone
2108 825 2230 861 vero
2287 813 2474 863 Eleate

1410 885 1628 951 aliisque
1655 887 1869 951 optimis
1907 887 2029 936 viris
2070 893 2240 937 morte
2262 887 2482 938 damna-

1411 962 1498 1012 tis.
1541 964 1694 1016 Idem.

1476 1038 1745 1090 Certamen.

1409 1122 1493 1164 r'us
1516 1115 1674 1165 Iliad.
1699 1122 1748 1166 Γ.
1771 1114 1977 1177 πόλεμον
1997 1114 2290 1179 πολεμίζειν.
2310 1116 2482 1180 ‘Pug-

1407 1207 1531 1242 nare
1575 1207 1804 1257 pugnam
1823 1193 1839 1217 ’
1910 1194 2051 1257 apud
2111 1193 2361 1243 Plautum
2423 1195 2477 1242 iu

1406 1269 1670 1319 Pseudolo
1695 1270 1817 1319 Act.
1842 1283 1880 1319 1.
1899 1284 2043 1320 scen.
2056 1275 2108 1319 6.
2127 1271 2142 1298 ‘
2163 1270 2472 1334 Priusquam

1406 1347 1554 1396 istam
1598 1361 1822 1411 pugnam
1868 1347 2136 1411 pugnabo,
2179 1361 2280 1411 ego
2320 1346 2480 1396 etiam

1403 1424 1550 1488 prins
1591 1424 1747 1473 Dabo
1771 1422 1924 1473 aliam
1949 1438 2176 1487 pugnam
2199 1424 2399 1473 claram
2424 1430 2480 1473 et

1404 1500 1942 1566 commemorabilem.'
2030 1501 2244 1551 Gaudet
2300 1507 2476 1551 autem

1400 1586 1581 1629 noster
1602 1577 1820 1628 Boetius
1856 1578 1954 1628 hac
1978 1577 2254 1627 verborum
2279 1576 2470 1640 figura·

1406 1654 1569 1715 tione,
1605 1668 1726 1702 nam
1763 1660 1819 1702 et
1858 1651 1997 1703 infra
2036 1653 2128 1703 lib.
2152 1667 2219 1703 ιι.
2259 1653 2409 1703 Pros.
2431 1659 2479 1703 l.

1404 1730 1561 1793 dixit,
1593 1731 1610 1759 ‘
1631 1728 1834 1780 Ludere
1874 1728 2093 1794 ludum,’
2135 1735 2192 1779 et
2231 1729 2327 1778 lib.
2353 1729 2475 1779 eod.

1404 1807 1558 1859 Pros.
1582 1812 1633 1858 5.
1655 1807 1671 1834 ‘
1695 1807 1904 1857 Ornare
1927 1805 2287 1857 ornamentis.'
2323 1804 2475 1855 Grae-

1403 1884 1480 1935 cis
1523 1884 1744 1935 maxime
1781 1884 2041 1934 familiare
2085 1884 2186 1934 hoc
2231 1884 2478 1949 loquendi

1403 1976 1566 2027 genus
1584 1976 1700 2012 esse
1722 1961 1880 2012 docet
1900 1960 1960 2011 C.
1986 1960 2243 2010 Rittersh.
2270 1960 2335 2009 ad
2361 1959 2473 2024 Op·

1404 2043 1634 2106 pianum.
1666 2042 1842 2093 δίεισι.

1470 2120 1621 2182 cnjus
1653 2118 1987 2181 hereditatem]
2038 2117 2179 2167 Huic
2217 2118 2333 2166 loco
2374 2130 2476 2165 non

1398 2195 1650 2246 absimilis
1671 2196 1895 2246 habetur
1911 2194 2051 2259 apud
2069 2193 2323 2244 Philostr.
2345 2192 2472 2242 vitoe

1401 2272 1666 2337 Apollonii
1690 2272 1782 2322 lib.
1810 2286 1872 2323 ιι.
1908 2287 2028 2335 cap.
2051 2276 2132 2321 12.
2167 2270 2255 2319 nbi
2278 2269 2476 2320 Phrao-

1402 2356 1481 2399 tes
1515 2349 1766 2400 Indorum
1793 2351 1908 2399 Rex
1933 2350 2027 2412 ait,
2045 2348 2164 2399 Τοὺς
2185 2346 2237 2397 δὲ
2259 2346 2473 2398 πολλοὺς

1398 2425 1556 2492 ὥσπερ
1578 2425 1934 2478 strumbeca-ras
1949 2426 2067 2477 αὐτὸ
2086 2424 2271 2491 ἑτέρων,
2286 2429 2473 2490 περιβε-

1397 2507 1607 2564 βλῆσθαι
1626 2523 1685 2555 τε
1706 2505 1822 2555 αὐτὸ
1843 2504 2163 2570 ἀναρμόστως,
2185 2503 2268 2553 καὶ
2305 2506 2471 2560 σοβεῖν

1396 2580 1654 2645 ἀλλοτρίαν
1674 2582 1849 2640 ἐσθῆτα
1868 2582 2185 2646 ἐπισύροντας.
2240 2583 2312 2631 Et
2334 2595 2474 2642 mox,

1395 2656 1460 2707 Τὸ
1502 2656 1555 2707 δὲ
1599 2657 1762 2722 αἴτιον,
1790 2658 1920 2720 νόμοι
1959 2660 2066 2720 ὑμῖν
2100 2656 2224 2720 οἶμαι
2260 2655 2389 2707 εἰσιν.
2426 2658 2468 2707 εί

1396 2733 1484 2796 μὲν
1502 2733 1563 2783 τὸ
1584 2732 1785 2796 νόμισμα
1804 2734 2102 2801 παραφθείροι
2122 2734 2210 2791 τίς,
2231 2732 2461 2792 ἂποθνήσ·

1398 2829 1497 2861 κειν
1518 2810 1676 2861 αὐτόν.
1700 2810 1778 2861 καὶ
1799 2810 1997 2875 παιδίον,
2021 2812 2067 2860 d
2095 2829 2171 2862 τις
2201 2806 2466 2874 παρεγγρά-

1395 2900 1551 2953 φοιτο·
1589 2888 1622 2949 ἢ
1643 2890 1728 2938 οὐκ
1749 2887 1834 2939 οἵδ’
1855 2888 1902 2952 ὅ,
1923 2907 1973 2938 τι
1995 2887 2073 2937 hl
2090 2886 2260 2950 τούτῳ.
2284 2884 2396 2936 τοὺς
2414 2884 2467 2935 δὲ

1393 2966 1485 3026 τὴν
1520 2965 1808 3030 φιλοσοφίαν
1844 2962 2274 3027 ὑποβαλλομένους,
2311 2962 2344 3023 ἢ
2383 2981 2474 3013 πα-

1394 3042 1746 3108 ραφθείροννας,
1800 3041 1951 3094 οὐδεὶς
1990 3040 2115 3103 οἶμαι
2170 3041 2310 3102 νόμος
2357 3042 2468 3104 παρ’

1396 3123 1503 3183 ὑμῖν
1522 3121 1672 3184 ἴσχει,
1695 3119 1801 3170 οὐδὲ
1839 3118 1968 3185 ἀρχή
1986 3138 2060 3171 τις
2093 3118 2171 3167 ἐπ’
2195 3116 2366 3168 αὐτοὺς
2383 3113 2472 3166 πίε

1391 3217 1585 3261 ramat,
1619 3200 1635 3227 ‘
1655 3198 1913 3248 Plurimos
1958 3204 2132 3248 autem
2182 3194 2323 3260 apud
2377 3208 2466 3245 vos

1393 3290 1508 3326 esse
1531 3275 1704 3339 audio,
1719 3276 1808 3340 qui
1825 3281 2073 3340 tanquam
2089 3275 2314 3323 alienam
2334 3271 2469 3322 rem’

1394 3352 1789 3416 Philosophiam
1825 3351 2259 3416 ‘depraedantes,
2302 3362 2470 3414 eaque

1394 3438 1638 3498 tanquam
1658 3438 1805 3483 veste
1829 3433 2011 3495 inepte
2035 3436 2210 3480 tamen
2234 3443 2291 3479 se
2315 3428 2465 3477 indu·-

1393 3518 1563 3574 entes,
1586 3510 1714 3561 elati
1737 3510 1992 3560 incedunt
2025 3514 2223 3558 vestem
2264 3506 2467 3556 trahen-

1393 3591 1473 3636 tes
1498 3586 1740 3636 alienam.
1807 3584 1978 3649 Hujus
2004 3589 2178 3633 autem
2198 3582 2321 3632 mali
2343 3595 2464 3632 cau-

1389 3676 1499 3712 sam
1521 3677 1637 3712 esse
1676 3662 1902 3713 arbitror
1936 3662 2082 3725 leges
2117 3667 2340 3710 vestras.
2406 3657 2464 3708 Si

1391 3738 1508 3806 quis
1531 3739 1671 3789 enim
1696 3740 1952 3789 numisma
1988 3737 2337 3787 adulterinum
2373 3749 2465 3784 cu·

1389 3814 1549 3878 derit,
1570 3816 1748 3881 capite
1772 3816 2056 3880 plectitur:
2094 3814 2136 3863 si
2161 3813 2278 3878 quis
2300 3811 2458 3861 etiam

1389 3892 1645 3954 pupillum
1700 3892 2123 3953 circumvenerit,
2169 3894 2262 3938 ant
2314 3887 2461 3937 aliud

1389 3969 1656 4034 quidpiam
1676 3968 1867 4020 fecerit
1890 3969 2165 4034 ejusmodi.
2222 3967 2459 4016 Philoso-

1389 4047 1524 4110 phiae
1551 4060 1675 4097 vero
1711 4047 2037 4098 simulatores
2071 4051 2163 4096 aut
2181 4051 2458 4108 corrupto-

1387 4138 1491 4187 res,
1512 4124 1656 4173 nulla
1679 4130 1738 4174 ut
1759 4124 1914 4174 audio
1935 4124 2073 4189 apud
2117 4137 2208 4171 vos
2248 4121 2333 4170 lex
2369 4133 2458 4169 co·

1385 4201 1551 4265 ercet,
1574 4217 1669 4252 uec
1692 4203 1826 4252 ullus
1847 4203 1969 4252 hnic
2007 4202 2082 4251 rei
2117 4199 2457 4277 magistratus

1754 1040 2116 1103 ...certavimuG
2173 1041 2258 1091 Ita
2282 1039 2477 1090 Home·

255 4264 425 4315 autad
460 4272 606 4322 Deos
641 4273 856 4338 propius
890 4273 1114 4335 accedit,
1155 4286 1306 4338 quam
1382 4276 1709 4340 praeficitnr!
1751 4275 1931 4329 Vallia.

257 4340 402 4394 homo
421 4351 587 4401 omnia
609 4367 727 4403 cum
762 4359 908 4403 recta
938 4354 1141 4403 ratione
1182 4352 1305 4403 faci·

1449 4355 1599 4416 Cujus
1628 4352 1961 4416 hereditatem]
2015 4351 2151 4401 Vide
2171 4351 2269 4401 hac
2293 4349 2360 4400 de
2385 4364 2441 4399 re
