3049 4928
1021 381 1545 431 PHILOSOPHIAE
1597 383 1744 430 [AB.
1792 383 1838 430 Ι.

2405 364 2532 430 131

337 531 469 595 lare
523 547 662 593 non
719 548 873 594 esse
925 528 1234 613 quisquis
1293 529 1364 593 in
1424 548 1508 594 ea
1559 527 1793 594 sedem
1840 526 2118 593 fundare
2177 525 2530 592 maluerit?

343 632 515 696 Nam
575 633 695 717 qui
752 633 975 697 vallo?
1020 631 1196 716 ejuS,
1246 652 1329 697 ao
1380 632 1777 696 munimine⁵
1821 631 2261 709 continetur,p
2302 629 2535 693 nullus

339 741 549 800 metus
596 744 718 814 est,
763 756 847 799 ne
874 736 1033 800 exul
1063 755 1213 800 esse
1245 740 1595 799 mereatur.
1682 730 1782 800 At
1811 732 2121 817 quisquis
2158 732 2533 798 inhabitare

339 856 481 901 eam
506 839 677 903 velle
707 836 1032 916 desierit‚⁶
1079 838 1328 922 pariter
1357 836 1605 902 desinit
1643 837 1841 901 etiam
1878 838 2172 902 mereri.⁰¹
2259 836 2500 919 Itaque
2519 840 2540 867 ¹·

338 958 465 1004 non
494 948 636 1006 tam
666 962 777 1007 me
806 940 949 1006 loci
975 940 1225 1024 hujuS,r
1267 959 1466 1023 quam
1498 946 1613 1004 tua
1635 939 1847 1005 facies
1888 943 2164 1008 movet.⁸

398 1134 420 1167 ⁹
448 1126 710 1176 Praesidio.

2254 937 2321 1003 Ν
2325 956 2401 1004 ec
2434 937 2539 1001 bi·

854 1133 877 1157 s
915 1126 1090 1188 Ticini,
1113 1125 1193 1175 ubi
1214 1130 1261 1175 te
1281 1125 1399 1174 dicis
1418 1125 1628 1174 exulare.

1258 1256 1287 1273 O
1291 1254 1615 1273 ‘mm

340 1356 526 1420 Delph.
551 1363 613 1406 et
638 1356 901 1408 Hack.-5
940 1358 1041 1408 ΜΒ.
1062 1357 1309 1409 Rittersh.
1334 1372 1429 1422 pro
1452 1357 1708 1407 munimine
1730 1356 1858 1419 legit
1879 1355 2253 1405 inanitione—6
2275 1353 2422 1403 Idem
2441 1349 2544 1406 ΜΒ.

1335 1495 1559 1549 NOTAE

344 1591 681 1657 Philosophia
705 1594 898 1658 duplici
918 1595 1291 1659 significatione
1313 1596 1404 1644 hu·

335 1669 419 1733 jus
457 1672 607 1721 vocis
649 1672 665 1699 ‘
697 1672 907 1722 civitas'
944 1681 1113 1736 utens,
1155 1674 1210 1723 id
1256 1681 1406 1725 notat

342 1748 473 1812 quod
497 1754 562 1797 et
585 1749 764 1797 Romae
801 1755 858 1798 et
889 1752 1041 1813 coelo,
1063 1751 1200 1801 unde
1232 1752 1404 1801 oriun-

340 1824 431 1875 dus
449 1823 734 1886 Boethius,
757 1826 923 1889 possit
943 1828 1237 1877 convenire.
1301 1829 1409 1877 Sci-

341 1901 459 1951 licet
502 1900 875 1965 antiquissimae
912 1905 1091 1954 Romae
1130 1904 1273 1969 leges
1315 1920 1406 1955 ne-

345 1978 536 2027 minem
568 1977 708 2026 exilii
738 1977 1087 2030 damnabant:
1122 1981 1259 2031 unde
1284 1982 1408 2031 Tul-

345 2054 437 2103 lius
471 2068 579 2119 pro
604 2054 845 2105 Caecina:
880 2060 895 2084 ‘
926 2056 1184 2117 Exilium,’
1222 2060 1409 2123 inquit,

344 2134 360 2160 ‘
384 2147 489 2181 non
515 2131 824 2195 supplicium
848 2141 949 2198 est,
982 2134 1072 2183 sed
1095 2133 1409 2199 perfugium,

348 2216 639 2272 portusque
661 2208 929 2271 supplicii:
966 2224 1084 2260 nam
1119 2212 1205 2276 qui
1234 2214 1413 2262 volunt

339 2299 559 2349 pinnam
585 2284 806 2349 aliquam
830 2286 1194 2351 subterfugere
1217 2297 1306 2339 aut
1328 2304 1410 2339 ca·

336 2362 664 2422 >lamitatem,
708 2376 771 2411 eo
814 2363 976 2413 solum
1018 2371 1261 2428 vertunt3
1315 2365 1411 2415 hoe

347 2446 446 2504 est,
469 2440 650 2490 sedem
689 2447 743 2489 et
776 2440 945 2490 locum
970 2445 1201 2493 mutant:
1227 2443 1412 2508 ‘itaque

348 2518 496 2567 nulla
539 2517 595 2566 in
634 2516 750 2579 lege
792 2522 969 2566 nostra
1013 2518 1325 2582 reperietur,
1358 2527 1416 2570 ut

349 2593 491 2657 apud
545 2601 751 2643 ceteras
802 2594 1063 2658 civitates,
1104 2595 1413 2646 maleficium

350 2672 513 2721 ullum
535 2671 692 2720 exilio
714 2686 828 2720 esse
848 2674 1186 2724 mulctatum!
1217 2672 1292 2723 At
1313 2690 1414 2723 coe·

351 2748 501 2797 lestis
517 2748 705 2811 patriae
727 2749 867 2812 leges
882 2750 1045 2800 multo
1061 2750 1225 2799 minus
1241 2764 1416 2813 quem-

353 2838 456 2886 que
480 2822 624 2871 exilii
641 2823 886 2872 damnant
906 2841 920 2874 ε
957 2825 1265 2889 quicumque
1284 2825 1418 2873 enim

354 2900 497 2949 intra
529 2899 679 2963 regni
711 2901 939 2951 coelestis
978 2902 1167 2952 limites
1204 2901 1422 2951 volucrit

357 2991 690 3040 permanere,
721 2991 916 3029 summo
950 2978 1086 3028 illius
1121 2979 1252 3042 Regi
1278 2980 1421 3028 obse·

356 3060 594 3117 cuturus,
631 3053 715 3103 hie
752 3068 1011 3119 nunquam
1046 3056 1307 3106 exulabit:
1353 3056 1418 3105 si·

282 3174 293 3185 ,
359 3130 569 3194 quidem
603 3145 757 3180 nemo
790 3132 857 3181 ab
886 3132 975 3182 illo
1011 3147 1171 3196 regno
1205 3133 1303 3182 nisi
1338 3147 1422 3182 vo·

357 3207 589 3256 luntaria
638 3221 809 3257 rerum
852 3208 1164 3259 caducarum
1216 3217 1421 3260 contra·

360 3284 658 3348 fiai-umque
682 3283 961 3335 affectione
980 3294 1209 3336 arcetur.
1255 3288 1426 3336 Porro

361 3359 428 3409 de
463 3361 685 3410 civitate
722 3362 924 3412 coelesti
967 3363 1158 3426 passim
1198 3364 1427 3428 loquitur

363 3437 414 3486 S.
438 3435 762 3501 Augustinus
784 3439 835 3487 in
870 3439 1001 3489 libro
1034 3455 1187 3504 quem
1208 3440 1425 3504 inscrip-

362 3513 432 3562 sit
446 3514 461 3541 ‘
491 3514 571 3563 De
592 3514 820 3564 Civitate
841 3515 978 3564 Dei.'

427 3597 454 3631 Ρ
479 3591 581 3648 Qui
601 3591 732 3640 vallo
758 3593 874 3655 εἰπε,
900 3608 958 3641 uc
991 3593 1250 3643 munimine
1279 3593 1429 3644 conti-

365 3667 527 3730 netur]
554 3669 767 3718 ⁴Vallum
806 3677 888 3719 est
921 3684 1093 3719 murus
1116 3685 1146 3720 e
1169 3678 1329 3732 terra,
1364 3671 1429 3721 ad

367 3743 517 3795 fossae
540 3761 686 3796 oram
708 3754 975 3811 aggestus,
999 3748 1192 3797 crebris
1215 3748 1427 3797 sudibus

370 3821 478 3870 sive
520 3823 654 3886 palis
692 3825 956 3875 munitus.‘
1001 3825 1268 3874 Munimen
1306 3839 1429 3874 vero

310 3916 318 3923 ·
370 3901 658 3964 generatim
679 3900 806 3949 illud
829 3915 980 3951 omne
998 3907 1282 3951 castrorum
1299 3915 1431 3964 prae·

373 3977 575 4037 sidium,
592 3993 696 4043 quo
709 3977 842 4026 hosti
860 3977 1031 4027 aditus
1051 3976 1429 4042 praecludatur:

373 4052 482 4111 haec
502 4061 678 4103 autem
701 4068 840 4103 nunc
875 4055 1199 4119 accipiuntur
1228 4069 1331 4104 non
1353 4070 1431 4105 so·

373 4129 477 4178 lum
511 4129 746 4193 proprie,
782 4135 1038 4194 quatenus
1072 4131 1434 4195 intelliguntur

377 4205 439 4254 de
474 4207 647 4270 patria
681 4207 945 4270 corporis3
979 4207 1070 4257 sed
1109 4210 1267 4257 etiam
1307 4224 1433 4273 qua-

1484 1592 1552 1642 de
1571 1593 1768 1644 coelesti
1787 1594 1974 1644 mentis
1993 1593 2162 1658 patria
2182 1592 2404 1656 intelligi
2428 1606 2546 1656 pos-

1484 1678 1621 1721 sunt.
1691 1670 1821 1719 Cum
1857 1677 2027 1719 autem
2055 1669 2306 1720 Boethius
2331 1666 2549 1718 Christi-

1485 1747 1757 1796 anissimns
1774 1745 1954 1807 fuerit,
1976 1746 2017 1795 is
2037 1745 2298 1795 nominato
2320 1743 2550 1793 civitatis

1485 1826 1714 1875 coelestis
1730 1824 1865 1875 vallo
1881 1825 2140 1874 Christum
2157 1821 2298 1872 eruci
2319 1819 2549 1885 affixum,

1485 1902 1766 1952 munimine
1790 1916 1914 1951 vero
1949 1901 2167 1965 gratiam
2198 1913 2350 1963 quam
2376 1896 2551 1945 Chris·

1488 1985 1572 2029 tus
1590 1995 1685 2029 sua
1703 1987 1868 2029 morte
1886 1979 2035 2029 nobis
2059 1977 2361 2043 promeruit,
2379 1975 2552 2039 potuit

1489 2058 1823 2123 intelligeret
1876 2058 2191 2123 quicumque
2258 2054 2396 2104 enim
2452 2054 2552 2101 hoc

1491 2136 1738 2199 praesidio
1760 2136 2005 2195 munitur,
2036 2134 2154 2183 huie
2177 2134 2192 2161 ‘
2219 2145 2319 2180 non
2343 2136 2424 2179 est
2447 2144 2552 2178 me-

1494 2215 1761 2272 tuendum,
1779 2229 1844 2263 ne
1859 2214 2042 2277 patriae
2061 2210 2288 2262 coelestis
2306 2209 2426 2259 exul
2441 2222 2556 2256 esse

1491 2291 1791 2341 mereatur?
1856 2292 1973 2340 Hac
1997 2291 2106 2339 fere
2130 2290 2329 2337 ratione
2351 2288 2554 2336 locutus

1493 2369 1550 2419 S.
1583 2369 1778 2418 Paulus
1802 2368 1865 2417 ad
1891 2367 2081 2432 Ephes.
2106 2383 2150 2417 c.
2173 2370 2223 2416 6.
2244 2366 2261 2394 ‘
2284 2362 2557 2414 Conforta-

1496 2446 1658 2509 mini,'
1683 2445 1869 2511 inquit,
1902 2446 1918 2476 ‘
1945 2446 1997 2496 in
2029 2444 2270 2506 Domino,
2304 2441 2434 2492 etin
2468 2453 2558 2504 po-

1496 2525 1664 2573 tentia
1684 2524 1892 2575 virtutis
1917 2523 2070 2588 ejus.‘
2117 2521 2332 2570 Induite
2364 2533 2456 2568 vos
2480 2532 2557 2566 ar·

1495 2606 1753 2648 maturam
1777 2599 1898 2660 Dei,
1919 2606 1976 2647 ut
2000 2598 2207 2661 possitis
2223 2604 2364 2645 stare
2381 2594 2562 2644 adver-

1498 2690 1584 2724 sus
1606 2675 1816 2724 insidias
1839 2672 2068 2723 diaboli!

1496 2778 1502 2784 ·
1563 2761 1588 2795 ‘¹
1614 2753 1841 2816 Quisquis
1859 2752 2127 2801 inhabitare
2155 2766 2256 2800 eam
2278 2748 2394 2798 velle
2414 2747 2566 2796 desie-

1497 2830 1586 2893 rit,
1614 2831 1803 2894 pariter·
1829 2831 2003 2879 desiuit
2037 2829 2180 2878 etiam
2211 2826 2406 2890 mereri]
2439 2826 2561 2875 Non

1500 2907 1637 2956 enim
1669 2907 1890 2970 patriam
1916 2906 2177 2956 coelestem
2214 2903 2562 2954 inhabitamus

1500 2998 1882 3047 meremurque,
1924 2983 2019 3031 nisi
2072 2981 2207 3032 bona
2260 2981 2562 3029 voluntatez

1501 3062 1518 3090 ‘
1545 3068 1714 3109 totum
1753 3058 1945 3123 habet‚’
1981 3059 2148 3123 inquit
2187 3059 2236 3108 S.
2273 3056 2410 3119 Aug.
2450 3056 2484 3105 l.
2521 3067 2567 3103 ι..

1504 3135 1703 3186 Homil.
1720 3135 1917 3186 Homil.
1940 3139 1989 3186 8.
2010 3139 2025 3163 ‘
2054 3134 2139 3199 qui
2175 3135 2358 3184 bonam
2383 3132 2566 3181 volun-

1504 3222 1668 3265 tatem
1701 3214 1876 3265 habet.
1942 3215 2068 3276 Ipsa
2118 3219 2200 3263 est
2239 3227 2354 3276 quae
2392 3216 2567 3274 potest

1507 3289 1766 3352 sufficere,
1799 3293 1842 3340 si
1878 3297 2056 3340 cetera
2089 3304 2192 3338 non
2215 3289 2336 3337 sint.
2400 3287 2455 3337 Si
2481 3301 2569 3336 au·

1508 3373 1614 3416 tem
1656 3367 1766 3415 sola
1804 3366 1958 3429 desit,
1991 3365 2119 3414 nihil
2161 3364 2375 3429 prodest
2429 3363 2571 3427 quie·

1510 3443 1633 3508 qnid
1652 3443 1881 3492 habitum
1905 3441 2083 3491 fuerit.
2148 3442 2269 3490 Sola
2288 3439 2504 3501 sufficit,
2525 3438 2570 3487 si

1510 3520 1674 3568 adsit:
1713 3525 1890 3568 cetera
1913 3517 2082 3568 omnia
2103 3517 2230 3568 nihil
2264 3522 2503 3580 prosunt,
2526 3514 2570 3562 si

1506 3597 1618 3645 sola
1637 3596 1824 3645 caritas
1847 3595 2021 3644 desit.'

1573 3671 1807 3735 1’Ῑίιιιμιιῆ
1849 3673 2008 3721 Facta
2049 3670 2313 3721 mentione
2352 3668 2574 3732 duplicis

1509 3750 1715 3814 patriae,
1750 3749 2078 3812 duplicisque
2110 3753 2387 3811 propterea
2411 3745 2577 3807 exilii,

1511 3827 1788 3891 positoque
1809 3826 1991 3875 borum
2016 3825 2239 3874 omnium
2257 3823 2574 3883 discrimine,

1511 3905 1846 3967 Philosophia
1887 3903 1949 3953 iis
1993 3902 2249 3963 omnibu8‚
2281 3900 2349 3950 de
2392 3899 2575 3965 quibus

1514 3980 1763 4030 Boethius
1805 3982 1969 4029 Prosa
2012 3992 2087 4029 w.
2131 3978 2282 4042 hujus
2323 3975 2411 4026 lib.
2451 3990 2573 4025 con·

1516 4064 1728 4121 questus
1764 4054 1956 4117 fuerat,
1991 4058 2318 4117 responsura,
2352 4052 2576 4114 optimas

1507 4132 1763 4198 ‘quasdam
1786 4132 1946 4182 infert
1968 4131 2344 4181 conclusiones.

1581 4216 1599 4242 ⁸
1622 4211 1734 4259 Non
1766 4213 1868 4257 tum
1903 4224 1976 4257 me
2013 4207 2101 4255 loci
2130 4205 2288 4266 huius,
2321 4217 2458 4267 quum
2492 4207 2578 4251 tua

345 4326 349 4331 ,
377 4281 488 4332 dam
511 4283 761 4348 loquendi
789 4283 1142 4347 translatione,
1177 4291 1433 4349 qnatenus
1503 4284 1662 4344 facies
1696 4283 1869 4347 movet]
1918 4297 1958 4334 ι.
1988 4282 2236 4333 Boethius
2267 4280 2576 4346 quaesieratz
2658 4328 2661 4329 γ
