3049 4928
603 414 689 460 ΒΟ
703 413 908 460 ETHH
960 413 1057 461 DE
1103 411 1335 459 coNso
1350 414 1407 461 t..

327 559 477 618 Perit
503 558 642 607 unda
665 560 714 606 in
747 573 834 608 ore
859 575 872 606 ε
912 573 1064 622 potua
1085 558 1383 608 destituunt

324 636 548 690 famem?
617 635 753 684 Vide
800 644 1059 700 praeterea
1101 636 1286 684 Seuec.
1331 635 1383 683 in

322 715 537 776 Thyest.
565 713 717 761 Chor.
754 716 803 761 1.
829 712 914 762 ubi
938 713 1152 775 copiose
1177 726 1382 778 poenam

325 793 568 856 depingit
591 793 813 843 Tantali.
869 794 1003 842 Item
1029 794 1079 842 in
1108 793 1385 857 Hippolyt.

326 886 399 918 vs.
437 872 586 918 1227.
651 869 715 917 111
755 868 952 920 Medea
986 884 1063 918 vs.
1096 869 1285 920 745.111
1311 868 1385 918 A·

324 959 461 1007 gam.
500 959 576 994 vs.
611 948 688 994 19.
716 951 771 994 et
793 949 908 995 769.
948 945 998 992 111
1024 945 1149 996 Oct.
1173 959 1248 993 vs.
1269 948 1385 994 612.

324 1024 377 1071 111
404 1021 567 1071 Herc.
588 1021 695 1072 (Et.
714 1036 787 1072 vs.
807 1026 921 1072 944.
958 1022 1105 1071 Idem.

355 1097 522 1159 ‚Site]
560 1097 667 1145 Pro
710 1098 725 1125 ‘
753 1097 887 1160 siti,'
934 1109 994 1148 ut
1037 1096 1251 1147 ‘mare'
1292 1112 1387 1161 pro

325 1175 340 1201 ‘
365 1174 562 1236 mari,’‘
579 1174 707 1225 rete'
733 1188 828 1238 pro
850 1176 863 1201 ‘
880 1174 1020 1225 reti.’
1057 1176 1227 1224 Varro
1259 1174 1387 1224 Ata-

327 1253 513 1303 cinus:
565 1252 873 1303 ‘Clauditur
916 1253 1151 1313 Oceano,
1192 1252 1387 1318 Libyco

326 1343 490 1392 mare,
536 1326 747 1380 flumine
787 1328 948 1377 Nilo!
1013 1328 1261 1379 Phaedrus
1295 1329 1387 1382 lib.

325 1419 405 1456 ιν.
448 1405 465 1433 ‘
486 1404 702 1470 Aliquot
735 1406 878 1455 venit
912 1406 1117 1455 saeculis
1153 1411 1261 1456 rete
1286 1413 1390 1456 ter·-

326 1482 494 1540 ritus.'
563 1483 797 1534 ον111.111
821 1483 1060 1534 Halieut.
1123 1484 1139 1511 ‘
1164 1484 1386 1534 Clausus

330 1568 444 1609 rete
468 1561 621 1624 lupus
644 1560 876 1625 quamvis
901 1561 1135 1614 immanis
1156 1569 1211 1612 et
1233 1560 1389 1612 acer!

327 1636 481 1688 Idem.

401 1716 578 1766 Vultur
606 1717 716 1764 dum
746 1721 881 1770 satur
900 1721 971 1765 est
994 1715 1168 1779 modis]
1200 1716 1386 1766 Senec.

325 1793 379 1841 in
422 1793 585 1842 Herc.
620 1794 743 1845 Fur.
777 1809 853 1847 vs,
898 1798 1044 1843 1070.
1114 1794 1131 1822 ⁴
1154 1793 1390 1844 Increvit

326 1869 472 1933 Tityi
487 1870 644 1932 jecur
671 1871 813 1919 Dum
847 1877 1031 1920 cantus
1066 1870 1290 1920 volucris
1314 1878 1389 1919 te·

326 1945 458 1996 net!
524 1946 675 1997 Idem
712 1947 765 1996 in
803 1948 1018 2011 Thyest.
1050 1964 1124 1998 vs.
1148 1954 1197 1998 9.
1240 1947 1389 1997 ‘Aut

325 2037 483 2086 poena
499 2023 660 2087 Tityi,
687 2038 893 2087 semper
916 2039 1220 2074 accrescens
1234 2027 1388 2089 jecur

323 2100 628 2159 Visceribus
653 2108 792 2148 atras
813 2111 990 2162 pascet
1005 2099 1206 2149 effossis
1228 2100 1385 2152 aves.'

323 2177 488 2241 Tityi,
510 2177 658 2239 cujus
682 2177 933 2240 impurum
957 2178 1192 2241 spiritum
1215 2193 1385 2227 renas-

328 2269 453 2303 cens
481 2255 643 2304 Poena
667 2263 914 2319 torquere
937 2254 1173 2319 fingitur,
1189 2264 1386 2319 praeter

325 2332 515 2381 Seuec.
569 2332 620 2380 in
666 2331 829 2380 Herc.
875 2334 994 2382 Fur.
1049 2348 1123 2383 vs.
1161 2336 1276 2382 755.
1331 2333 1385 2381 111

328 2408 493 2457 Herc.
517 2410 626 2458 OEt.
651 2423 724 2459 vs.
757 2412 872 2459 947.
939 2409 1210 2473 Hippolyt.
1236 2422 1385 2474 yersii

329 2491 478 2538 1228.
545 2487 930 2550 Agamemnone
971 2504 1043 2538 vs.
1075 2491 1155 2537 18.
1196 2488 1387 2538 Octav-

328 2572 445 2616 613.
473 2568 708 2617 meminit
741 2568 899 2618 Ovid.
932 2582 972 2618 1.
1008 2568 1073 2617 de
1107 2569 1299 2629 Ponto,
1319 2570 1389 2617 E-

327 2647 433 2707 leg.
456 2660 524 2695 11.
566 2646 812 2695 Lactant.
834 2647 928 2695 lib.
951 2661 1052 2696 vn.
1098 2646 1279 2695 Divin.
1304 2647 1389 2695 Iu-

326 2722 501 2773 stitut.
525 2736 645 2786 cap.
675 2725 758 2772 21.
826 2723 912 2771 De
930 2722 1005 2770 his
1029 2737 1153 2771 vero
1173 2723 1388 2786 aliisque

291 2806 294 2807 ’
335 2798 655 2848 Inferorum“
672 2799 841 2863 poeuis
876 2800 1154 2850 Lucretius
1183 2801 1236 2849 in
1281 2800 1388 2850 fine

326 2875 420 2927 lib.
446 2889 536 2924 111.
557 2875 857 2925 Macrobius
878 2876 972 2925 lib.
996 2890 1034 2924 1.
1068 2877 1121 2925 in
1138 2878 1388 2927 somnium

328 2954 598 3016 Scipionis
623 2969 738 3018 cap.
764 2959 844 3004 10.
881 2955 1033 3005 Idem.

399 3032 623 3092 7111111881,
666 3032 912 3088 vincimur,
953 3031 1157 3095 arbiter]
1206 3032 1422 3082 881188.’

326 3111 382 3159 111
411 3111 571 3161 Herc.
593 3111 716 3160 Fur.
740 3125 813 3159 vs.
829 3116 944 3160 605.
978 3113 993 3143 ⁴
1008 3112 1237 3160 Tandem
1258 3127 1390 3161 mor·

327 3189 418 3248 tis,
444 3189 538 3252 ait,
572 3189 845 3251 vincimur,
872 3188 1100 3249 arbiter-3
1124 3190 1304 3239 Evade
1326 3190 1389 3239 ad

328 3270 557 3330 Superos
590 3267 707 3330 lege
740 3272 913 3315 tamen
953 3266 1109 3316 data:
1157 3268 1237 3316 Tu
1271 3275 1392 3331 post

331 3352 484 3406 terga
506 3343 583 3392 tui
615 3357 776 3406 perge
810 3343 907 3391 viri
941 3356 1145 3404 comes3
1182 3343 1262 3391 Tu
1288 3358 1389 3392 non

327 3426 454 3468 ante
490 3427 630 3468 tuam
667 3420 869 3481 respice
900 3421 1190 3482 conjugem,
1223 3419 1390 3477 Quam

327 3500 472 3548 clara
512 3500 661 3548 Deos
700 3498 946 3547 obtulerit
976 3498 1104 3559 dies,
1126 3497 1391 3561 Spartani-

330 3590 434 3640 que
458 3575 626 3624 aderit
642 3576 809 3638 janua
828 3574 1070 3624 Taenari?
1102 3574 1165 3622 In
1180 3575 1391 3640 Thyest.

327 3666 406 3702 vs.
432 3656 511 3701 14.
547 3651 843 3714 ‘Supplicia
871 3651 1065 3701 functis
1089 3650 1249 3699 durus
1283 3666 1391 3700 um-

326 3730 539 3779 brarum
566 3727 765 3776 arbiter
788 3726 1073 3791 Disponis.’
1124 3727 1393 3777 Claudian-

330 3807 400 3855 de
436 3807 596 3869 Rapt.
633 3806 882 3867 Proserp.
918 3819 991 3852 vs.
1026 3809 1108 3853 55.
1142 3802 1159 3830 ‘
1180 3803 1229 3852 Ο
1252 3816 1391 3851 max-

326 3884 433 3932 ime
485 3882 656 3931 noctis
711 3880 944 3942 Arbiter,
995 3879 1392 3944 umbrarumque

330 3958 570 4024 potens!'
608 3959 759 4008 Idem.

397 4039 505 4088 Lex
540 4040 663 4087 dona
706 4035 939 4098 coerceat]
1007 4035 1115 4084 Lex
1156 4033 1392 4097 Orphea,

332 4118 469 4180 apud
495 4117 628 4165 Stat.
667 4116 719 4163 111
744 4112 996 4177 Epicedio
1019 4111 1193 4160 Patris
1216 4127 1230 4159 2
1268 4111 1284 4139 ‘
1301 4111 1392 4174 Ip-

331 4209 388 4242 se
407 4193 621 4242 madens
651 4191 835 4252 oculis,
868 4189 1162 4238 umbrarum
1188 4189 1393 4236 1111111181-

333 4284 436 4335 que
474 4267 716 4318 sacerdos
751 4265 1098 4316 Praecinerem
1124 4264 1391 4327 gemitum,

332 4345 418 4395 cui
441 4352 495 4395 te
516 4359 616 4405 nec
652 4344 910 4394 Cerberus
945 4341 1084 4391 omui
1122 4341 1251 4404 Ore,
1291 4354 1391 4392 nec

1457 412 1901 463 Pusuosorn.
1954 417 2097 464 ms.
2147 419 2262 466 111.
2392 405 2520 470 521

1462 559 1687 623 Orpheae
1709 559 1916 623 quirent
1937 568 2173 611 avertere
2199 563 2378 627 teges?
2412 564 2490 617 Id.

1527 636 1650 691 Quis
1689 637 1839 698 legem
1879 639 1959 687 det
1997 639 2282 703 amantibus]
2339 640 2524 692 Senec.

1459 711 1509 760 in
1553 712 1714 764 Herc.
1757 714 1876 764 Fur.
1918 729 1992 765 vs.
2023 719 2137 764 611.
2171 718 2186 742 ‘
2208 716 2338 765 Odit
2375 732 2523 767 verus

1460 804 1623 852 amor,
1643 800 1741 839 nec
1767 791 1964 854 patitur
1985 806 2172 852 moras,
2196 792 2385 844 Munus
2402 793 2525 843 dum

1460 867 1712 928 properat
1735 880 1951 916 cernere
1979 867 2240 931 perdidit.'
2274 869 2338 920 In
2362 870 2535 924 Herc..

1461 942 1571 993 OEt.
1611 957 1687 991 vs.
1729 948 1871 994 1083.
1913 945 2295 1009 ‘Consu-ruptas
2335 947 2524 1000 iterum

1461 1022 1596 1070 Deae
1617 1020 1878 1084 Supplent
1899 1020 2194 1084 Eurydices
2213 1024 2369 1076 colos.
2418 1025 2526 1075 Sed

1462 1096 1584 1150 dum
1610 1098 1824 1160 respicit
1849 1097 2134 1159 immemor,
2174 1101 2284 1152 Nec
2309 1101 2527 1152 credens

1461 1173 1559 1224 sibi
1586 1174 1843 1224 redditam
1865 1169 2105 1239 Orpheus
2127 1178 2422 1240 Eurydicen
2445 1194 2525 1230 88·

1464 1250 1571 1315 qui,
1609 1251 1805 1301 Cautus
1845 1253 2062 1314 praemia
2096 1254 2354 1316 perdidit:
2392 1257 2525 1306 Quae

1463 1337 1588 1380 nata
1621 1337 1719 1394 est,
1754 1332 1940 1382 iterum
1969 1332 2138 1395 perit!
2206 1333 2325 1383 Hoc
2346 1334 2399 1381 iu
2421 1333 2526 1385 fine

1464 1406 1717 1458 Carminis
1767 1423 1981 1457 monere
2037 1410 2193 1472 volui,
2246 1411 2527 1462 Boethium

1464 1495 1725 1543 nostrum,
1761 1485 1887 1536 licet
1928 1485 2163 1550 quasdam
2203 1502 2268 1537 ex
2312 1488 2527 1540 Seneca

1462 1559 1755 1622 Tragoedus
1798 1576 1941 1612 more
1984 1576 2080 1612 suo
2135 1563 2254 1613 hinc
2299 1563 2421 1613 inde
2460 1565 2541 1615 sit¹

1461 1643 1748 1696 mutuatus,
1799 1644 1859 1687 ut
1921 1636 2117 1690 affatim
2172 1640 2491 1694 ostendimus
2511 1657 2527 1690 z

1463 1711 1669 1764 omuino
1707 1721 1880 1763 tamen
1915 1714 2056 1766 filum
2097 1715 2435 1780 virgilianum
2475 1717 2527 1768 iu

1464 1791 1783 1840 recensenda
1831 1791 2151 1856 lepidissima
2204 1796 2294 1846 11111
2348 1793 2543 1852 fabula,

1461 1864 1623 1917 fuisse
1641 1877 1917 1932 sequutum
1939 1881 1953 1917 ε
1973 1870 2017 1920 si
2035 1870 2118 1920 cui
2136 1872 2367 1933 libuerit,
2385 1872 2529 1935 legat

1460 1942 1555 1992 lib.
1578 1958 1655 1993 ιν.
1683 1944 1878 2009 Georg.
1904 1953 1959 1996 et
1979 1961 2062 1999 me
2083 1962 2203 1998 vera
2219 1962 2528 2002 commemo-

1460 2036 1603 2072 rasse
1628 2022 2005 2085 deprehendet.
2050 2027 2201 2078 Idem.

1533 2098 1694 2161 Vidit]
1735 2099 1799 2149 In
1823 2102 2087 2152 amatoriis
2110 2103 2310 2156 deliciis
2335 2104 2529 2167 primus

1461 2179 1654 2241 gradus
1701 2187 1784 2229 est
1829 2180 2055 2230 videre:
2117 2182 2357 2231 nimirum
2402 2183 2528 2233 Ovi-

1459 2254 1595 2316 dius,
1631 2255 1825 2305 ‘Oculi
1859 2265 1976 2305 sunt
2020 2258 2074 2305 iu
2121 2274 2295 2308 amore
2333 2258 2532 2311 duces!

1460 2329 1764 2380 Tbeocritus
1785 2349 1798 2381 :
1819 2332 1904 2382 ‘ns
1922 2333 2040 2394 ἴδον,
2061 2334 2123 2383 ὣς
2148 2332 2335 2395 ἐμάνην.
2371 2336 2528 2389 Quod

1461 2415 1542 2454 est
1560 2407 1800 2470 Virgilio,
1838 2409 1853 2435 ‘
1873 2410 1948 2458 Ut
1971 2410 2098 2471 vidi,
2119 2418 2178 2460 ut
2201 2410 2373 2474 perii.’
2441 2413 2530 2461 Se-

1462 2482 1683 2544 cundus,
1736 2486 1751 2510 ‘
1784 2485 2047 2549 colloqui.'
2098 2486 2328 2546 Tertius,
2370 2490 2386 2514 ‘
2411 2503 2531 2538 con-

1463 2560 1743 2611 trectarez'
1779 2562 1832 2609 in
1869 2576 1969 2626 quo
1996 2570 2166 2613 tamen
2189 2565 2342 2629 louge
2367 2566 2528 2616 mino-

1464 2652 1574 2685 rem
1600 2652 1752 2701 quam
1778 2638 1829 2686 in
1857 2639 1967 2688 visu
1991 2641 2315 2705 voluptatem
2341 2644 2531 2691 consti-

1466 2715 1567 2764 tuit
1584 2714 1722 2778 apud
1744 2713 1919 2765 Achil.
1947 2715 2180 2777 matium,
2200 2717 2527 2780 ἑρωτικῶνΙίῑ).

1464 2806 1505 2845 1.
1528 2800 1726 2841 amator
1748 2791 1856 2852 ille,
1878 2791 1983 2842 0ὗὶ
2005 2789 2130 2842 οἶδας
2152 2789 2248 2842 οἶόν
2277 2793 2407 2842 ἐστιν
2424 2794 2531 2858 ἐρω-

1461 2869 1581 2932 μένη
1602 2870 1680 2919 καὶ
1713 2870 1999 2932 βλεπομένη.
2033 2871 2228 2935 μείζονα
2252 2876 2347 2923 τῶν
2382 2871 2532 2938 ἔργων

1465 2946 1571 3010 ἔχει
1601 2948 1690 3006 τὴν
1717 2947 1903 3007 ἡδονήν.
1930 2947 2161 3012 ὀφθαλμοὶ
2184 2949 2278 3014 ’γὰρ
2301 2951 2532 3010 ἀλλήλοις

1464 3024 1884 3087 ἆντανακλῶμενοι,
1901 3023 2251 3086 &nond-rreum
2271 3027 2333 3075 ὡς
2353 3028 2403 3075 ἐν
2415 3044 2530 3076 κατ-

1465 3103 1619 3167 όπτρῳ
1637 3106 1733 3152 τῶν
1753 3102 1983 3163 σωμάτων
1997 3102 2062 3151 τὰ
2082 3102 2271 3152 εἴδωλα.
2313 3103 2344 3161 ἦ
2372 3101 2422 3152 δὲ
2447 3106 2533 3153 τοῦ

1465 3180 1674 3231 κάλλους
1701 3182 1919 3245 ἆποῤῥοὴ,
1959 3182 2016 3230 δι’
2059 3181 2210 3231 αὐτῶν
2239 3179 2305 3230 εἷς
2324 3181 2416 3240 τὴν
2446 3186 2531 3245 ψυ-

1465 3259 1563 3321 χὴν
1583 3257 1916 3323 καταῤῥέουσα,
1945 3256 2048 3322 ἔχει
2069 3258 2173 3307 τινὰ
2199 3259 2321 3322 μίξιν
2347 3260 2398 3308 ἐν
2416 3260 2531 3309 ἀπο-

1466 3335 1654 3386 στάσει·
1669 3335 1746 3386 καὶ
1773 3335 1938 3398 ὀλίγον
1958 3334 2064 3384 ἐστὶ
2081 3338 2166 3395 τῆς
2186 3340 2283 3386 τῶν
2303 3335 2533 3397 σωμάτων

1464 3415 1641 3476 μίξεως.
1686 3413 1797 3472 κενὴ
1841 3412 1936 3475 ’γάρ
1992 3414 2095 3462 ἐστι
2140 3413 2366 3476 σωμάτων
2414 3432 2530 3477 συμ·

1464 3491 1638 3550 πλοκή·
1677 3491 1920 3554 ὀφθαλμὸς
1963 3491 2058 3554 ’γὰρ
2101 3492 2261 3555 φιλίας
2299 3491 2531 3558 πρόξενος.

1466 3570 1481 3596 ‘
1501 3567 1584 3617 An
1610 3569 1778 3618 nescis
1801 3569 2049 3632 majorem
2071 3568 2124 3617 in
2140 3574 2404 3635 exoptata’
2429 3572 2532 3620 vir·

1468 3646 1590 3709 gine
1626 3647 1642 3674 ‘
1663 3646 2065 3709 contemplanda
2096 3649 2415 3711 voluptatem
2455 3662 2532 3697 es-

1467 3736 1708 3786 se,quam
1729 3723 2212 3773 incontrectanda?
2250 3725 2384 3772 Nam
2409 3725 2532 3773 dum

1466 3811 1584 3846 sese
1630 3799 1772 3846 oculi
1816 3805 1999 3847 mutuo
2042 3806 2362 3862 respectant,
2408 3793 2574 3849 111111-’

1466 3873 1609 3935 gines
1654 3887 1947 3937 corporum,
1990 3877 2319 3938 speculorum
2352 3877 2535 3938 instar,

1466 3948 1788 4011 suscipiunt:
1827 3950 2222 4012 pulchritudinis
2258 3960 2433 4001 autem
2465 3953 2532 4002 si·

1467 4026 1731 4074 mulacbra
1763 4027 1892 4089 ipsis
1936 4043 1967 4075 a
2011 4027 2312 4091 corporibus
2357 4030 2531 4088 missa,

1467 4109 1526 4151 et
1568 4103 1835 4152 oculorum
1891 4103 2180 4153 ministerio
2215 4105 2267 4153 in
2311 4106 2528 4154 animam

1466 4179 1756 4238 illabentia,
1810 4179 1986 4230 nescio
2043 4196 2213 4245 quam,
2277 4182 2530 4246 sejunctis

1466 4259 1623 4308 etiam
1643 4256 1942 4320 corporibus
1973 4257 2121 4320 ipsis,
2144 4259 2529 4321 permistionem

1468 4335 1776 4398 sortiuntur,
1813 4347 2087 4396 corporum
2127 4349 2419 4401 congressu,
2441 4337 2529 4399 qui
