3049 4928
2399 429 2527 494 119
2615 384 2621 390 ⁸

313 583 532 651 autem
584 583 826 649 videor
862 583 1156 650 nefarias
1196 584 1675 649 sceleratorum
1707 582 2085 650 officinas*
2134 587 2380 669 gaudio
2409 584 2528 654 lae-

315 689 600 771 titiaque
630 688 1059 755 fluitantes:c
1103 689 1634 774 perditissimum
1664 709 1994 776 quemque
2040 692 2237 757 novis
2287 689 2525 763 delati-

320 812 525 856 onum
554 791 905 858 fraudibus
917 788 1451 859 ·imminentem:⁶
1460 794 1486 831 ά
1504 793 1739 879 jacere
1758 794 2031 871 bonos:
2061 794 2270 858 nostri
2297 792 2533 858 discri-

322 895 523 959 minis
552 891 837 961 terroref
872 902 1295 980 prostratos:
1336 897 1741 981 flagitiosum
1788 916 2119 981 quemque
2153 897 2242 961 ad
2283 897 2531 962 auden-

324 996 485 1062 dum
560 997 837 1081 quidem
896 999 1164 1064 facinus
1220 1000 1646 1083 impunitate,
1728 999 1818 1064 ad
1882 997 2298 1065 efficiendum
2370 1019 2533 1066 vero

330 1101 641 1184 praemiis
692 1102 994 1168 incitari:
1018 1102 1065 1141 ¹⁸
1111 1104 1439 1169 insontes‘
1504 1110 1732 1168 autem
1769 1122 1906 1168 ‘non
1929 1103 2129 1168 modo
2155 1103 2533 1181 securitate,

327 1224 561 1302 yerum
605 1206 760 1288 ipsa
811 1207 1014 1271 etiam
1062 1206 1440 1272 defensione
1467 1205 1821 1290 privatos·
1913 1204 2154 1288 Itaque
2203 1205 2370 1271 libet
2415 1225 2532 1270 ex-

331 1308 664 1374 clamare:

1017 439 1542 489 PHILOSOPHIAE
1592 440 1736 488 [ΑΒ.
1782 440 1834 490 1.

389 1446 412 1471 ²
443 1439 647 1491 Demos.
775 1438 802 1472 ἅ
835 1440 1093 1491 Intentum.

1225 1449 1245 1473 ⁸
1277 1440 1568 1491 Innoceutes.

1253 1552 1612 1572 OOOOOOOOOOOO

329 1613 561 1730 signidem
580 1616 775 1681 Delph.
804 1616 976 1668 Hack.
1012 1615 1312 1683 Supplicium
1326 1620 1508 1684 pertuli
1528 1619 1668 1670 Vict.
1691 1618 2034 1684 primus.-18
2067 1619 2131 1669 In
2155 1617 2241 1670 ed.
2262 1615 2452 1682 Delph.
2469 1614 2543 1666 in-

402 1697 496 1731 an.
1890 1729 1893 1732 .

1337 1750 1549 1802 NOTAE

332 1846 485 1896 homo
499 1846 671 1911 judex
693 1853 798 1898 tam
820 1847 1091 1914 injustitiae
1118 1864 1271 1916 quam
1286 1850 1398 1914 jus-

334 1922 465 1972 titiae
513 1922 682 1987 possit
718 1938 836 1974 esse
873 1926 1153 1990 particeps,
1200 1927 1399 1978 idcirco

331 2000 644 2053 sustinenda
678 2002 908 2056 assensio
946 2003 1014 2054 de
1050 2004 1215 2053 causis
1249 2005 1403 2054 mise-

337 2075 549 2139 riarum,
582 2092 649 2125 ne
674 2079 975 2142 praecipitet
987 2078 1336 2143 judicaturus.

398 2152 422 2186 ¹¹
439 2153 789 2205 Sceleratum-um
809 2155 1039 2222 officinas]
1065 2155 1310 2219 officina,
1328 2157 1402 2207 sic

337 2228 483 2280 dicta
520 2232 672 2296 quasi
708 2232 1023 2297 ‘opificina,’
1046 2233 1285 2297 quaedam
1321 2242 1404 2284 est

339 2307 520 2358 deuius
566 2324 707 2373 pars,
749 2310 802 2359 in
837 2325 940 2376 qua
971 2326 1102 2376 opus
1135 2310 1230 2362 fit:
1265 2311 1403 2362 unde

337 2383 517 2436 differt
558 2385 627 2436 ab
665 2387 992 2452 ‘apotheca,'
1033 2388 1088 2438 in
1110 2403 1211 2454 qua
1230 2404 1401 2439 serva-

343 2470 443 2526 tur,
478 2471 537 2513 et
578 2479 622 2529 a·
656 2463 894 2531 taberna,
928 2467 979 2516 in
1020 2481 1123 2531 qua
1158 2467 1405 2518 venditur

333 2554 471 2604 opus
495 2541 610 2605 jam
631 2540 849 2592 factuma
915 2545 1117 2593 Domus
1139 2544 1300 2608 igitur
1325 2547 1406 2595 vel

342 2617 501 2666 etiam
524 2625 726 2669 mentes
748 2620 1024 2684 impiorum
1045 2622 1325 2684 hominum,
1352 2623 1405 2672 in

342 2694 525 2759 quibus
554 2710 713 2746 causa
744 2697 991 2748 adversus
1010 2698 1288 2749 Boethium
1312 2714 1407 2763 per

341 2785 596 2822 summam
617 2775 867 2824 malitiam
890 2774 1014 2826 ficta
1036 2782 1135 2842 est,
1174 2790 1278 2827 non
1314 2777 1407 2826 abs

347 2863 403 2898 re
423 2857 687 2900 vocantur
704 2851 721 2879 ‘
741 2850 1001 2904 officinaess

333 2958 342 2967 ν
407 2933 431 2958 ⁰
466 2927 659 2977 Gaudio
679 2927 1233 2996 loetitiaquefluitantes]
1264 2930 1411 2982 Sicut

348 3003 494 3053 enirn*
507 3019 597 3055 vas
620 3020 731 3069 prae
755 3005 967 3070 liquoris
1001 3009 1168 3072 copia
1194 3007 1410 3058 effluere

346 3082 457 3130 sive
496 3082 762 3132 exundare
783 3082 993 3147 dicitur,
1027 3086 1102 3135 sie
1125 3101 1269 3135 mens
1300 3101 1411 3150 prae

350 3158 528 3220 gaudii
545 3159 699 3223 copia
714 3157 923 3211 fluitare
939 3160 1044 3210 dici
1062 3168 1238 3226 potest
1257 3177 1271 3212 ε
1295 3176 1411 3211 nam

346 3235 362 3261 ‘
380 3235 614 3299 animus,’
626 3236 795 3301 inquit
804 3238 1098 3302 Terentius,
1114 3240 1130 3268 ⁴
1148 3239 1349 3288 luxuria
1361 3245 1417 3289 et

350 3312 570 3362 lascivia
591 3311 782 3364 diffluit
796 3312 832 3377 ς’
869 3315 1108 3381 quodque
1145 3316 1297 3365 latius
1336 3322 1415 3366 at-

352 3400 453 3453 que
476 3389 687 3440 uberius
719 3392 997 3454 excrescit,
1026 3391 1083 3440 id
1105 3390 1318 3442 effluere
1339 3393 1417 3442 di-

353 3467 491 3516 citur
503 3466 728 3530 Virgilio
741 3482 803 3518 11.
825 3469 983 3519 Geor.
1000 3483 1076 3518 vs.
1093 3472 1208 3518 367.
1236 3468 1252 3497 ‘
1269 3469 1419 3533 Inde,

355 3544 439 3594 ubi
466 3547 583 3608 jam
626 3545 808 3595 validis
853 3547 1109 3609 amplexae
1165 3546 1416 3610 stirpibus

355 3621 520 3672 ulmos
559 3621 821 3686 Exierint,
853 3627 962 3673 tum
1004 3624 1202 3687 stringe
1223 3638 1417 3688 comas,

358 3706 464 3749 tum
510 3700 725 3750 brachia
766 3700 954 3750 tonde:
1001 3700 1142 3751 Ante
1185 3699 1418 3751 reformi-

286 3806 294 3811 -
354 3776 483 3827 dant
544 3775 775 3839 ferrnm3
843 3784 951 3827 tum
1008 3779 1232 3842 denique
1292 3779 1419 3828 dura

343 3855 564 3904 Exerce
584 3854 826 3918 imperia,
860 3863 918 3904 et
956 3869 1120 3905 ramos
1142 3869 1418 3920 compesce

357 3928 613 3981 fluentes?

345 4037 350 4041 ·
420 4007 446 4041 ἃ
477 4009 955 4059 Perditis-simum...
966 4010 1227 4069 fraudibus
1263 4009 1422 4058 immi-

355 4087 567 4150 nentem]
601 4086 893 4151 Impunitas
932 4087 1071 4136 enim
1101 4087 1423 4151 perditorum

360 4163 602 4229 similium
617 4164 879 4223 hominum
902 4164 1117 4215 fraudes
1137 4166 1293 4230 parit.

425 4247 448 4273 e
492 4242 666 4290 ἄσσα-ο
706 4232 870 4305 bonos]
915 4242 1072 4304 Quia,
1112 4248 1173 4291 ut
1232 4240 1426 4291 dicitur

363 4317 519 4369 Lucae
541 4331 670 4371 xm.
702 4319 718 4348 ⁴
742 4319 784 4369 si
808 4319 862 4369 in
879 4319 1031 4370 viridi
1052 4319 1193 4384 ligno
1215 4318 1328 4371 hoec
1352 4317 1427 4370 fa·

1480 1850 1645 1914 ciunt,
1676 1851 1729 1900 in
1766 1850 1913 1902 arido
1950 1849 2073 1916 quid
2113 1847 2258 1899 fiet?
2285 1847 2329 1897 si
2353 1850 2550 1914 tantus,

1480 1932 1729 1992 tantaque
1755 1927 1947 1977 virtute
1986 1925 2261 1991 praeditus,
2294 1922 2545 1974 Boethius

1483 2009 1591 2053 tam
1636 2003 1770 2053 male
1813 2002 2121 2066 excipiatur,
2172 2000 2292 2066 quid
2333 2012 2546 2063 sperare

1484 2080 1685 2145 possint
1706 2079 1872 2130 ceteri
1888 2080 2149 2132 ,virtutum
2168 2078 2395 2127 cultores
2414 2076 2434 2124 i·

1550 2156 1572 2188 f
1614 2156 1931 2206 Discriminis
1980 2153 2182 2219 terrore]
2249 2152 2546 2202 Discrimen

1482 2234 1623 2284 idem
1647 2242 1726 2283 est
1748 2232 1886 2299 quod
1911 2232 2224 2296 periculum:
2250 2230 2547 2279 sicutenim

1485 2314 1642 2363 crinis
1670 2318 1752 2363 est
1785 2327 1813 2361 a
1839 2311 2029 2362 Graeco
2049 2309 2234 2375 κρίνειν,
2267 2307 2404 2374 quod
2428 2321 2548 2372 pro-

1485 2390 1600 2455 prie
1635 2396 1716 2440 est
1748 2388 2012 2452 dirimere,
2044 2388 2120 2437 sic
2155 2384 2432 2435 discrimen
2469 2388 2552 2432 est

1483 2483 1517 2517 a
1537 2466 1799 2533 διακρίνειν,
1834 2466 1973 2532 quod
2005 2464 2165 2516 etiam
2203 2462 2447 2514 dirimere
2467 2466 2553 2510 est

1487 2545 1599 2594 sive
1622 2558 1868 2609 separare
1884 2562 1900 2593 :
1938 2545 2076 2593 unde
2101 2542 2317 2606 capillos
2334 2557 2366 2590 a
2388 2554 2443 2589 se
2474 2539 2555 2589 in-

1487 2623 1656 2672 vicem
1679 2621 1959 2671 distinctos
1977 2633 2218 2669 vocamus
2237 2615 2556 2667 discrimina-

1489 2704 1589 2748 tos.
1653 2697 1928 2748 Claudian.
1951 2697 2018 2746 de
2041 2696 2206 2759 Nupt.
2222 2695 2364 2744 Hon.
2389 2694 2403 2720 ‘
2419 2691 2554 2742 Haec
2645 2716 2653 2731 ι

1488 2790 1664 2825 morsu
1684 2774 1943 2823 numerosi
1964 2773 2137 2823 dentis
2157 2771 2354 2822 eburno
2377 2769 2557 2819 Multi·

1488 2851 1650 2901 fidum
1689 2849 1972 2900 discrimen
2014 2847 2165 2897 arat!
2244 2845 2409 2910 Atqui
2453 2859 2556 2910 quo

1491 2929 1726 2994 periculo
1749 2927 1936 2992 aliquis
1950 2927 2205 2991 jactatur,
2238 2925 2336 2974 hoc
2361 2938 2391 2972 a
2414 2928 2562 2973 cete·

1491 3021 1663 3057 rorum
1679 3004 1940 3055 hominum
1960 3010 2099 3053 coetu
2115 3001 2320 3051 videtur
2338 2999 2558 3064 sejungi.

1491 3086 1737 3135 Ceterum
1760 3082 2012 3132 Boethius
2036 3080 2215 3146 paucis
2232 3079 2318 3129 bic
2342 3079 2562 3128 resumit

1493 3177 1611 3212 suas
1649 3161 1993 3222 calamitates,
2026 3172 2201 3209 earum
2241 3163 2577 3219 causam,⁴et‘

1495 3253 1614 3303 quae
1639 3253 1705 3288 ex
1725 3237 1806 3285 his
1829 3240 2219 3300 consequuntur
2241 3235 2391 3285 mala.
2460 3234 2560 3283 Ca·

1496 3313 1759 3363 lamitates
1791 3318 1911 3362 suut
1935 3316 1983 3361 l.
2016 3311 2154 3376 quod
2185 3312 2201 3341 ‘
2228 3310 2377 3361 bonis
2399 3310 2562 3361 omni·

1497 3391 1592 3440 bus
1631 3391 1701 3441 sit
1738 3388 1945 3455 pulsus‚⁹
2007 3393 2059 3439 2.
2083 3387 2223 3454 quod
2255 3387 2271 3416 ‘
2296 3387 2564 3452 dignitati·

1496 3468 1594 3518 bus
1616 3467 1842 3519 exutus?
1900 3471 1956 3517 3.
1989 3465 2127 3532 quod
2148 3463 2164 3491 ‘
2182 3464 2563 3515 existimatione

1496 3543 1757 3595 foedatus.’
1842 3543 2010 3593 Causa
2069 3535 2422 3591 calamitatum
2483 3546 2565 3588 est

1497 3623 1774 3686 multiplex
1795 3620 2027 3686 ejusdem
2049 3616 2281 3680 Boethii,
2316 3617 2370 3665 in
2403 3617 2567 3666 Sena-

1499 3704 1609 3749 tum
1635 3698 1920 3762 praecipue,
1951 3695 1967 3723 ‘
1984 3692 2329 3756 beneficium,'
2350 3707 2442 3756 pro
2464 3707 2566 3758 quo

1500 3776 1516 3804 ‘
1543 3775 1854 3839 supplicium
1878 3771 2028 3822 tulit:
2094 3770 2239 3819 Mala
2260 3784 2375 3835 quae
2400 3784 2467 3818 ex
2489 3768 2567 3818 his

1497 3856 1910 3916 consequuntur,
1965 3853 2087 3897 sunt
2140 3846 2362 3910 primum
2431 3845 2568 3911 quod

1499 3936 1679 3977 sontes
1713 3927 1728 3954 ⁸
1750 3923 2089 3989 impunitate'
2122 3936 2226 3971 non
2256 3921 2411 3972 modo
2449 3924 2463 3950 ‘
2501 3922 2569 3970 ad

1502 4006 1639 4054 male
1681 3999 2063 4063 deferendum,’
2114 3997 2206 4048 sed
2249 3998 2406 4047 etiam
2451 3998 2466 4026 ‘
2502 3996 2570 4046 ad

1505 4078 1840 4143 audendum‚’
1882 4077 2037 4127 immo
2070 4077 2087 4105 ‘
2115 4074 2182 4124 ad
2238 4072 2569 4123 efficiendum

1504 4156 1779 4224 quodlibet
1819 4152 2052 4205 facinus’
2087 4152 2355 4201 ferantur:
2395 4149 2570 4197 inson-

1505 4245 1584 4286 tes
1608 4249 1736 4285 vero
1756 4234 1848 4282 ‘et
1869 4229 2152 4280 severitate
2172 4232 2231 4275 et
2246 4222 2569 4274 defensione’

1504 4313 1793 4378 priventur.
1835 4308 1851 4337 ‘
1871 4308 2063 4371 ltaque
2084 4302 2216 4353 libet
2231 4300 2521 4351 exclamare
2537 4301 2573 4353 ι’
