3049 4928
631 463 938 516 Bon'rmt
989 464 1086 515 ΠΕ
1135 465 1443 516 coNson.
1490 465 1935 514 PHILOSOPH.
1986 465 2133 515 [ΑΒ.
2180 465 2230 512 1.

325 614 445 664 Rex
469 612 878 676 negotiatoribus
901 609 1223 676 quibusdam,
1240 610 1397 674 depo-

330 690 599 754 pulatione
643 690 878 752 vastatis,
925 688 1154 738 inducias
1209 701 1395 737 conce·

329 768 478 829 dens,
520 767 607 816 ,ita
651 766 718 816 ad
757 767 1002 815 Faustum
1056 762 1394 829 praepositum

330 843 548 893 scribit:
597 843 767 895 ‘Quia
821 841 1085 906 egentium
1139 840 1395 891 levamina

326 926 535 968 nostras
580 920 752 983 potius
809 918 1014 968 divitias
1063 918 1396 980 estimamus,

327 994 545 1044 illustris
595 994 978 1058 magnificentia
1023 983 1112 1043 tua
1157 1008 1251 1058 per
1294 992 1392 1044 hoc

319 1070 453 1134 juge
476 1070 742 1120 biennium
781 1077 1101 1135 nuncupatos
1139 1071 1282 1120 nulla
1315 1069 1391 1121 fa-

327 1147 434 1197 ciat
454 1145 788 1211 coe’mptione
813 1146 1029 1196 vexari.'
1062 1146 1235 1197 Sitzm.

395 1223 730 1287 Campaniam]
775 1225 837 1274 L.
880 1225 1060 1273 Florus
1105 1224 1173 1274 de
1215 1222 1392 1274 Gestis

325 1301 610 1352 Romanor.
635 1301 724 1351 lib.
750 1316 788 1352 ι.
822 1317 941 1366 cap.
967 1305 1046 1351 16.
1110 1302 1128 1330 ‘
1147 1301 1390 1351 Omnium

326 1392 431 1428 nou
452 1380 608 1430 modo
629 1380 820 1443 Italiae,
853 1379 946 1429 sed
982 1384 1093 1429 toto
1124 1379 1249 1429 orbe
1285 1386 1391 1429 ter·

326 1470 503 1505 rarum
548 1457 852 1521 pulcerrima
887 1456 1190 1521 Campaniae
1236 1457 1392 1520 plaga

327 1539 428 1584 est.
498 1534 586 1584 Nil
624 1535 826 1584 mollius
864 1535 1027 1584 caelo:
1066 1533 1287 1598 denique
1312 1532 1391 1583 bis

323 1607 538 1659 floribus
560 1616 762 1661 vernat.
829 1610 975 1659 Nihil
1000 1608 1211 1660 uberius
1247 1611 1390 1660 solo:

323 1685 449 1735 ideo
510 1686 690 1735 Liberi
752 1685 1061 1751 Cererisque
1127 1692 1390 1736 certamen

322 1761 555 1811 dicitnr!
618 1763 821 1811 Solinus
873 1762 1130 1825 Polyhist.
1181 1776 1297 1826 cap.
1339 1767 1388 1813 8.

320 1838 338 1867 ⁸
362 1838 754 1889 Amoenissimus
809 1840 1109 1903 Campaniae
1164 1839 1393 1890 tractus!

325 1917 607 1982 Utcunque
644 1924 818 1966 tamen
849 1919 919 1966 sit
952 1931 1153 1967 amoena
1174 1917 1390 1980 Campa-

323 1995 435 2055 nia,
457 2009 810 2058 saepenumero
831 1995 1068 2056 Vesuvii,
1106 1994 1277 2043 AEtnei
1316 1994 1390 2058 ig-

322 2072 407 2121 nis
429 2071 718 2134 imitatoris,
750 2070 1036 2120 hostilitate
1068 2070 1179 2118 sive
1217 2070 1393 2119 incen-

322 2148 415 2197 dio
436 2154 688 2198 vastatur.
707 2148 845 2197 unde
859 2147 1151 2196 Cassiodor.
1171 2161 1247 2197 lv.
1265 2148 1389 2198 Var.

324 2225 504 2289 Epist.
524 2230 608 2275 50.
668 2224 685 2252 ‘
709 2224 944 2274 Laborat
980 2225 1077 2274 hoc
1114 2240 1214 2275 uno
1255 2227 1390 2275 malo

325 2300 617 2365 provincia,
650 2315 769 2366 quoe
794 2315 859 2350 ne
898 2299 1130 2365 perfecta
1167 2301 1391 2352 beatitu-

322 2378 450 2427 dine
471 2376 753 2442 frueretur,
770 2378 916 2442 hujus
935 2379 1131 2427 timoris
1148 2375 1390 2443 frequen·

325 2460 412 2506 ter
433 2455 721 2506 acerbitate
761 2454 1098 2506 concutitur.’
1163 2455 1301 2505 Vide
1335 2461 1391 2506 et

322 2533 388 2582 C.
436 2532 572 2582 Plin.
617 2533 797 2583 Caecil.
835 2531 1151 2593 Secundum,
1188 2530 1277 2582 lib.
1311 2545 1389 2582 vr.

326 2609 498 2674 Epist·
523 2614 600 2659 16.
623 2616 678 2659 et
700 2612 787 2658 2⁰.
818 2608 970 2658 Idem.

390 2684 690 2745 Proefeetum
728 2683 975 2747 Proetoriz]
1006 2685 1094 2734 De
1134 2683 1391 2747 dignitate

324 2760 662 2812 Praefecturae
687 2760 1028 2811 Praetorianae
1055 2760 1393 2810 Cassiodorus

323 2853 451 2889 vm.
470 2838 678 2888 Variar.
710 2839 880 2902 Epist.
901 2842 982 2887 20.
1050 2837 1293 2888 ‘Redeat
1324 2838 1391 2887 ad

323 2932 513 2967 nomen
585 2915 856 2981 antiquum
912 2913 1240 2964 Praefectura
1301 2915 1394 2965 iua

323 2996 591 3058 Praetorii,
608 3002 719 3046 toto
742 2995 868 3044 orbe
884 2994 1171 3044 laudabilis.
1227 2994 1391 3059 Cujus

310 3075 366 3123 si
393 3073 704 3138 principium
738 3086 1047 3138 quaeramus,
1081 3086 1174 3136 per
1195 3070 1391 3135 Joseph

323 3165 357 3200 a
378 3150 646 3201 beneficiis
670 3150 963 3201 inchoavit:
999 3163 1098 3199 nec
1134 3149 1391 3199 immerito

323 3243 357 3277 a
379 3227 580 3292 legibus
601 3228 792 3277 nostris
815 3233 967 3290 pater
990 3226 1394 3290 provinciarum,

322 3313 479 3368 pater
538 3305 692 3354 etiam
763 3304 1084 3368 proedicatur
1148 3303 1388 3367 imperii:

321 3381 444 3447 qnia
462 3381 539 3431 sic
560 3381 725 3445 juste,
756 3380 834 3430 sic
871 3380 1089 3443 provide
1130 3383 1215 3443 agi
1254 3381 1394 3429 volu-

323 3466 499 3519 erunt,
535 3464 597 3508 ut
618 3473 722 3508 non
744 3458 1038 3508 districtum
1064 3458 1263 3523 ‘jhdicis
1301 3472 1392 3508 no-

321 3550 464 3599 meu,
499 3533 592 3584 sed
615 3534 925 3584 vocabulum
947 3534 1022 3584 illi
1047 3535 1261 3598 pietatis
1298 3536 1391 3585 im-

323 3615 617 3676 ponerent-⁹
654 3613 802 3661 Idem·

388 3689 669 3753 Paulinum]
691 3690 809 3739 Non
829 3687 1051 3738 Decium
1069 3688 1392 3738 Theodorum

321 3766 599 3816 Paulinum
610 3766 871 3829 juniorem
893 3766 1057 3826 illum,
1091 3766 1179 3830 qui
1204 3766 1395 3817 Indict.

322 3856 432 3895 ιιι.
490 3844 588 3893 hoc
646 3848 746 3905 est,
807 3856 941 3892 anno
1003 3846 1119 3893 634.
1182 3842 1393 3893 ultimus

323 3919 607 3971 Consulum
646 3917 954 3968 Occidentis
992 3919 1194 3982 collega
1229 3919 1392 3970 Justi·

320 3996 480 4044 niano
535 3995 657 4058 imp.
713 3992 838 4057 fuit,
889 3995 1137 4044 venantii
1192 3995 1395 4059 patricii

320 4072 481 4133 filius,
496 4071 605 4139 jam
626 4078 830 4121 mortuo
848 4070 1038 4121 Boetio
1059 4087 1072 4121 :
1109 4072 1251 4136 cujus
1273 4086 1395 4121 con-

323 4149 524 4199 sulatus
547 4145 613 4196 ab
640 4145 937 4196 Athalarico
961 4145 1071 4196 dati
1094 4153 1270 4196 exstat
1290 4146 1395 4197 for·
1462 4186 1465 4189 Α

322 4225 467 4275 mula
486 4223 623 4287 apud
640 4222 1003 4272 cassiodorum
1020 4221 1110 4271 lib.
1128 4235 1207 4273 rx.
1226 4223 1396 4287 Epist.

324 4306 409 4352 22.
490 4300 596 4350 Sed
652 4299 871 4348 Decium
926 4299 1207 4350 Paulinum
1262 4314 1397 4350 anno

324 4380 442 4428 408.
527 4376 826 4437 Consulem,
877 4387 1030 4440 quem
1085 4373 1243 4425 etiam
1291 4376 1395 4428 Pa-

2401 449 2533 515 439

1470 610 1679 661 tricium
1733 619 1890 663 vocat
1937 610 2287 663 Theodericus
2341 610 2395 660 in
2451 625 2535 662 re·

1469 688 1670 752 scripto
1729 688 1794 737 ad
1849 687 2154 751 Argolicum
2179 677 2190 686 ‘
2210 685 2324 736 urb.
2379 684 2534 750 praef.

1469 776 1635 813 xxix.
1656 764 1748 813 lib.
1773 767 1823 814 3.
1847 764 1982 827 apud
2007 762 2396 813 Cassiodorum:
2429 778 2534 827 quo

1465 840 1606 890 idem
1629 841 1705 890 illi
1727 855 1818 890 rex
1837 841 2065 905 collapsa
2088 839 2140 888 iu
2178 839 2306 888 urhe
2345 838 2536 888 horrea

1468 916 1645 967 donat.
1712 917 1862 966 Inter
1893 931 2065 981 quem,
2098 925 2156 966 et
2176 914 2533 979 Symmachum

1467 1007 1530 1042 ac
1553 994 1765 1043 Festum
1786 992 1944 1042 etiam
1968 990 2215 1057 patricios
2235 994 2293 1039 et
2321 993 2533 1039 senatus

1467 1068 1753 1134 principes,
1776 1076 1836 1120 ut
1859 1074 2198 1133 componatur
2218 1072 2334 1117 orta
2354 1065 2535 1129 ingens

1466 1146 1750 1207 contentio,
1816 1144 2092 1195 constituit
2164 1140 2531 1193 controversias

1454 1222 1662 1287 judices
1682 1220 2038 1272 Theodericus
2063 1220 2199 1269 viros
2225 1218 2353 1269 alios
2388 1217 2533 1266 illus-

1467 1307 1577 1350 tres
1618 1300 1786 1364 Epist.
1819 1303 1911 1350 ¹23.
1952 1298 2040 1348 lib.
2086 1310 2124 1347 1.
2167 1295 2374 1358 variar.
2450 1293 2532 1342 Ex

1464 1376 1747 1427 Deciorum
1791 1365 1988 1425 familia
2027 1373 2150 1435 fuit,
2196 1365 2527 1437 quemadmo-

1466 1452 1588 1502 dum
1613 1453 1905 1517 Importuni
1922 1458 1979 1501 et
1996 1448 2257 1499 venantii.
2296 1446 2473 1498 Vallia.

1530 1530 1789 1579 Paulinum
1808 1529 2094 1579 consularem
2123 1524 2301 1588 virumn]
2335 1523 2529 1573 Existi·

1466 1622 1549 1656 mo
1594 1606 1830 1656 eumdem
1872 1618 2007 1663 esse,
2040 1602 2130 1667 qui
2174 1614 2292 1651 cum
2324 1600 2530 1652 Joanne

1466 1683 1665 1747 Scytha
1728 1682 1905 1748 consul
1977 1677 2079 1732 fuit
2148 1690 2283 1728 anno
2338 1674 2531 1726 Christi

1463 1765 1581 1811 498.
1648 1758 1915 1809 Anastasli
1965 1755 2129 1819 Papoe
2187 1768 2235 1804 a.
2274 1757 2324 1804 Β.
2390 1751 2529 1801 Ana·

1467 1837 1610 1887 stasii
1627 1834 1966 1901 Imperatoris
1978 1837 2031 1883 8.
2061 1828 2331 1884 Theodosii
2348 1832 2401 1880 6.
2423 1826 2532 1877 Adi

1466 1914 1698 1965 Cassiod.
1723 1911 1811 1964 nb.
1834 1924 1919 1964 rx.
1954 1910 2080 1959 Var.
2115 1906 2283 1973 Epist.
2310 1909 2395 1956 22.
2425 1904 2533 1953 Ba·

1465 1992 1663 2041 ronium
1688 1990 1827 2041 Anu.
1846 1993 1897 2039 7.
1951 1982 2252 2046 Ouufrinm,
2284 1989 2342 2032 et
2379 1981 2529 2030 alios.

1464 2068 1697 2118 Bernart.

1520 2142 1811 2205 Paulinam]
1848 2142 1934 2190 De
1969 2140 2067 2191 hoc
2090 2137 2209 2189 vide
2230 2132 2527 2186 Ocssiodor.

1465 2220 1673 2271 Variar.
1689 2219 1787 2271 lib.
1811 2233 1850 2269 1.
1877 2217 2045 2281 Epist.
2069 2218 2150 2266 2³.
2170 2212 2261 2264 lib.
2279 2209 2530 2274 11.Epist.

1465 2301 1514 2347 3.
1538 2296 1626 2346 lib.
1648 2310 1734 2348 ιιι.
1758 2294 1928 2358 Epist.
1950 2297 2035 2344 29.
2074 2291 2249 2342 Situm.

1534 2365 2056 2436 0pes....devorasoene]
2121 2367 2258 2417 Hoec
2306 2363 2531 2413 illustra·

1465 2448 1546 2499 bis
1584 2464 1650 2499 ex
1673 2447 1902 2500 Salviani
1934 2445 2025 2497 lib.
2051 2458 2106 2497 v·
2138 2442 2207 2494 de
2238 2441 2377 2493 Gub.
2411 2439 2529 2493 Dei.

1466 2528 1553 2577 ubi
1575 2529 1686 2591 agit
1706 2527 1772 2576 de
1796 2523 2078 2589 Bagaudis,
2106 2521 2246 2573 inter
2268 2520 2369 2570 alia
2391 2534 2529 2569 asse-

1464 2604 1650 2668 rendo,
1680 2605 1696 2632 ‘
1713 2603 1875 2653 fuisse
1894 2598 2140 2666 quosdam
2164 2597 2326 2663 quiin
2350 2595 2529 2647 simili-

1468 2680 1703 2730 tudinem
1743 2676 2039 2728 immanium
2089 2674 2368 2725 bestiarum
2423 2686 2527 2722 non

1465 2756 1702 2806 rexerint
1748 2753 1970 2805 traditos
2016 2750 2133 2816 sibi,
2176 2749 2269 2800 sed
2313 2748 2527 2798 devora-

1460 2832 1605 2885 rint!
1638 2832 1791 2883 Idem.

1534 2909 1751 2959 Palatini
1770 2905 1929 2969 canes]
1962 2902 2306 2967 Aristippum,
2323 2900 2339 2928 ‘
2359 2897 2528 2965 quem’

1464 2984 1629 3052 (teste
1656 2980 1907 3047 Horatio)
1936 2980 1953 3010 ‘
1972 2977 2138 3030 omnis
2158 2971 2527 3036 decuit,color,’

1465 3063 1731 3127 Diogenes
1767 3055 2021 3118 βασιλικὸν
2056 3053 2174 3106 κύνα
2223 3050 2529 3117 appellavit.

1463 3141 1587 3190 vid.
1631 3139 1791 3205 Diog.
1833 3134 2008 3187 Laiirt.
2043 3132 2130 3184 lib.
2169 3144 2236 3181 11.
2288 3125 2526 3178 Pruden-

1462 3217 1569 3266 tius
1590 3228 1794 3282 quoque
1815 3211 1923 3277 περὶ
1942 3219 2082 3274 ‹rw-cp.
2118 3209 2314 3273 Hymu.
2349 3210 2400 3255 5.
2433 3203 2527 3253 mi·

1464 3295 1654 3344 nistros
1678 3306 1846 3357 poenoe
1884 3290 1992 3341 sive
2026 3284 2296 3339 carnifices
2319 3284 2335 3311 ‘
2355 3278 2528 3332 canes'

1466 3376 1751 3435 nuncupat.
1796 3369 1946 3421 [dem.

1534 3449 1614 3498 Ne
1644 3442 1894 3507 Albinum]
1947 3439 2162 3490 Decium
2204 3436 2345 3486 illum
2379 3430 2529 3482 Albi-

1465 3541 1589 3577 num
1626 3525 1890 3590 juniorem
1944 3521 2164 3569 fortasse
2212 3512 2400 3577 innuit,
2442 3510 2531 3577 qui

1464 3620 1603 3654 anno
1625 3615 1861 3654 cnxcm.
1884 3600 2066 3651 consul
2087 3596 2213 3647 fuit:
2239 3610 2305 3646 ex
2325 3595 2531 3655 eadem,

1465 3689 1527 3733 ut
1584 3682 1788 3732 videtur
1837 3678 2119 3729 Deciorum
2153 3673 2377 3724 familia.
2441 3670 2532 3721 Ad

1466 3772 1621 3824 quem
1655 3755 1837 3807 scribit
1871 3751 2220 3803 Theodoricus
2241 3747 2384 3812 ,apud
2407 3748 2532 3797 Cas·

1467 3838 1602 3888 siod.
1641 3834 1808 3899 Epist.
1845 3845 1993 3882 xxx.
2027 3830 2119 3881 lib.
2156 3842 2233 3879 1v.
2266 3833 2321 3876 et
2359 3827 2535 3876 Enno-

1467 3914 1584 3963 dius
1622 3914 1721 3976 Ep.
1760 3923 1888 3959 χιιι.
1933 3906 2027 3958 lib.
2067 3919 2131 3955 11.
2187 3904 2284 3954 Cui
2330 3902 2532 3966 collega

1469 3990 1681 4041 additur
1702 3989 1755 4038 iu
1778 3981 2325 4036 consulatuEusebius
2344 3995 2375 4030 a
2392 3981 2533 4029 Mar-

1467 4067 1675 4118 cellino.
1715 4064 1891 4116 Vallia.

1536 4145 1618 4194 Ne
1655 4142 1880 4203 Albinam
1918 4137 2206 4188 consularem
2222 4178 2226 4183 .
2241 4131 2419 4194 viram]
2449 4130 2537 4179 In-

1468 4220 1664 4285 telligit
1686 4216 1942 4270 Albinum
1960 4213 2221 4278 ¹juniorem
2240 4227 2256 4260 z
2292 4211 2381 4274 qui
2402 4221 2535 4257 anno

1469 4297 1671 4350 Christi
1729 4305 2023 4347 ccccxciii.
2103 4285 2304 4338 Gelasii
2365 4285 2535 4346 Papus

1467 4390 1536 4428 n.
1573 4373 1838 4426 Anastasii
1855 4370 1990 4435 Ιιιιρ.
2012 4378 2104 4417 ιιι.
2124 4360 2431 4414 Theodorici
2454 4373 2535 4411 re·
