3049 4928
483 428 617 496 230
1180 431 1489 485 nomm:
1543 429 1641 481 un
1688 427 1995 479 consol„

486 608 603 653 um
632 583 1141 668 congregatione
1165 581 1560 666 perfeetum.
1650 574 1882 651 Hunc,
1914 571 2009 637 uti
2051 565 2377 644 diximus,
2422 564 2687 630 diverso

488 689 751 756 tramite
770 699 796 737 ⁹
838 686 1152 751 mortales
1177 691 1198 720 ⁸
1243 699 1473 747 omnes
1527 683 1857 744 conantur
1915 671 2227 758 adipisci.
2340 668 2468 733 Est
2513 667 2685 731 enim

487 792 827 857 mentibus
857 786 1228 854 hominum‘
1270 786 1408 852 veri
1454 784 1617 850 boni
1668 779 2053 845 naturaliter
2097 776 2385 840 inserta'
2424 768 2690 853 cupidi-

487 901 632 962 tas:
680 893 801 960 sed
831 893 918 959 ad
943 892 1125 957 falsa
1152 889 1426 955 devius’
1465 903 1646 952 error
1675 881 2003 949 abducit.u
2089 875 2394 956 Quorum
2421 870 2690 958 quidem

489 999 606 1065 alii
629 1005 657 1034 V
699 1013 1030 1062 summum
1059 1015 1211 1060 esse
1237 994 1482 1058 bonum
1515 989 1726 1054 nihilo
1756 985 2054 1068 indigere
2083 979 2455 1055 credentes,
2484 977 2562 1039 ut
2590 972 2696 1037 di-

490 1101 680 1167 vitiis
710 1098 1002 1178 affluant,
1032 1100 1412 1164 elaborant:
1458 1093 1575 1159 alii
1604 1111 1766 1161 vero
1793 1091 2066 1164 bonum,
2109 1081 2288 1168 quod
2320 1080 2425 1145 sit
2441 1076 2696 1159 dignis-1-

493 1204 736 1268 simum
764 1202 1255 1278 veneratione?
1293 1198 1709 1283 judicantes,
1757 1190 2023 1274 adeptis
2065 1184 2450 1259 honoribus,
2502 1196 2695 1244 reve-e

493 1305 714 1372 reudi‘
739 1313 786 1353 ¹³
833 1305 1095 1370 civibus
1149 1302 1292 1368 suis
1349 1318 1505 1366 esse
1552 1300 1871 1362 nituntur.
1961 1292 2138 1357 Sunt
2188 1287 2306 1372 qui
2361 1299 2695 1349 summum

495 1410 737 1475 bonum
766 1408 840 1474 in
887 1427 1146 1474 summa
1187 1405 1538 1492 potentia*
1582 1419 1736 1467 esse
1767 1397 2209 1465 constituant:
2271 1389 2342 1453 hi
2391 1386 2505 1452 vel
2549 1400 2700 1465 reg-⁴

1097 1638 1121 1666 ν
1153 1630 1328 1681 Insita.
1457 1636 1477 1663 ⁸
1510 1628 1773 1677 Aberrans.

558 1639 581 1673 ⁹
622 1630 784 1683 Variis
801 1632 966 1683 modic.
1921 1624 1938 1655 ⁸
1973 1615 2310 1669 Honorabiles.

1492 1790 1705 1843 No'rAE

563 1934 582 1958 ⁸
616 1923 1038 1976 Hunc...diverso
1080 1925 1274 1976 tramite
1314 1922 1559 1986 mor-tales]
1638 1936 1776 1972 mum
1813 1918 2023 1986 quidem
2059 1925 2307 1974 seorsum,
2340 1912 2528 1972 postea
2564 1918 2703 1955 com-

497 2003 702 2053 Deinde
742 2002 1078 2066 Philosophia
1100 2002 1307 2066 probat,
1325 2001 1559 2050 homines

497 2080 706 2130 diversa
727 2080 813 2129 via
830 2079 1048 2129 tendere
1066 2078 1131 2128 ad
1155 2077 1560 2137 beatitudiuem3

498 2157 637 2223 quod
673 2158 903 2207 innatam
925 2157 1109 2206 summi
1143 2155 1266 2206 boni
1298 2156 1563 2204 notionem

501 2233 636 2284 male
660 2233 947 2298 applicent.

530 2305 534 2311 ’
566 2312 583 2343 ²
605 2312 697 2382 Est
738 2312 864 2361 enim
903 2310 1136 2361 mentibus
1167 2310 1422 2372 hominum,
1452 2308 1561 2373 ξω]

500 2387 578 2438 Ut
618 2388 765 2437 -enim
822 2389 971 2438 Deus
1010 2393 1234 2437 mentem
1291 2386 1563 2437 humanam

501 2469 725 2528 propter
743 2463 1072 2529 semetipsum
1097 2463 1346 2527 condidit,
1378 2463 1453 2514 sie
1488 2463 1562 2514 ei·

500 2540 619 2590 dem
643 2543 805 2592 menti
827 2541 1006 2591 statim
1029 2542 1093 2592 ab
1112 2549 1230 2591 ortu
1256 2541 1441 2591 indidit
1458 2555 1562 2590 non

501 2620 667 2669 solum
700 2619 979 2681 notionem,
1010 2619 1104 2669 sed
1142 2619 1296 2669 etiam
1329 2619 1563 2668 volunta·

503 2703 612 2748 tem
647 2696 828 2746 summi
851 2696 992 2761 boni,
1010 2696 1146 2762 quod
1165 2697 1293 2747 nihil
1314 2703 1399 2747 est
1416 2695 1561 2747 aliud

505 2788 659 2838 quam
680 2774 798 2837 ipse
819 2774 982 2824 Deus.

567 2857 590 2882 ¹²
633 2848 714 2899 Aa
753 2849 888 2910 salsa
935 2850 1098 2899 devias
1162 2864 1297 2901 error
1348 2848 1564 2912 abducit]

503 2926 763 2979 Quamdiu
780 2940 922 2976 mens
944 2923 1168 2976 humana
1187 2927 1363 2976 Deum
1382 2932 1435 2974 et
1458 2939 1563 2975 ma·

500 3002 723 3066 gistrum
768 3003 933 3065 audit,
981 3009 1037 3052 et
1078 3002 1264 3053 ducem
1309 3002 1564 3066 sequitur,

505 3079 703 3129 tamdiu
727 3085 782 3128 et
801 3079 992 3129 erroris
1013 3085 1070 3128 et
1095 3079 1208 3128 vitii
1242 3085 1324 3128 est
1342 3090 1561 3141 expers:

504 3155 597 3204 sed
637 3155 724 3204 vix
748 3155 935 3223 'eadem
957 3170 1099 3205 mens
1131 3152 1305 3204 divina
1334 3153 1423 3202 illa
1446 3153 1565 3216 lege

505 3232 675 3282 soluta
712 3241 810 3293 est,
841 3248 956 3282 eum
990 3244 1201 3282 consors
1231 3245 1441 3295 corpus,
1471 3230 1567 3279 im-

506 3309 682 3372 perari
713 3308 1007 3372 impatiens,
1022 3308 1076 3357 in
1107 3308 1221 3372 ipsa
1254 3313 1429 3357 mente
1454 3307 1566 3369 plu-

505 3401 590 3436 res
631 3387 829 3436 excitat
886 3386 1324 3451 perturbationes,
1379 3384 1565 3450 quibus

504 3464 793 3515 obscuritas
827 3464 1049 3527 primum
1079 3471 1135 3513 et
1173 3461 1441 3524 confusi03
1476 3461 1590 3517 den

505 3542 627 3592 inde
656 3541 925 3603 multiplex
959 3554 1106 3590 error
1126 3540 1357 3604 ejusdem
1379 3539 1567 3588 mentis

506 3618 688 3668 oritur.
738 3616 852 3665 *Ille
874 3621 1045 3665 autem
1068 3629 1214 3666 error
1233 3614 1430 3664 dicitur
1451 3613 1566 3663 ‘de-

507 3696 621 3743 vius
638 3692 672 3742 :⁹
720 3707 823 3742 uon
861 3693 1026 3742 solum
1065 3691 1200 3755 quod
1223 3692 1313 3740 ille
1335 3691 1404 3740 sit
1424 3692 1567 3753 cogi·

507 3771 638 3823 tatio
660 3770 848 3820 mentis
879 3784 911 3819 a
942 3783 1069 3819 vera
1092 3767 1364 3831 judicandi
1384 3782 1568 3834 norma,

506 3847 829 3909 aberrantis:
887 3845 980 3897 sed
1034 3846 1190 3895 etiam
1244 3844 1383 3910 quod
1427 3844 1566 3896 idem

501 3940 660 3975 causa
681 3925 768 3989 sit,
786 3940 880 3975 cur
894 3923 1175 3988 appetitio,
1197 3922 1387 3987 judicii
1421 3931 1567 3972 ante-

505 4001 740 4052 cedentis
757 4016 948 4064 comes,
963 4017 994 4051 a
1007 4015 1098 4050 sua
1111 4000 1268 4051 etiam
1282 4001 1397 4064 lege
1413 3999 1564 4049 aber·

505 4086 621 4130 ret:
648 4080 767 4129 hinc
790 4079 979 4130 dicitur
994 4081 1010 4107 ‘
1027 4077 1301 4128 abducere'
1321 4077 1386 4127 ad
1401 4076 1565 4138 falsa;

499 4153 634 4206 falsa
680 4157 885 4207 scilieet
938 4156 1288 4206 assumtione:
1345 4159 1406 4203 ut
1449 4153 1564 4215 jam

496 4233 819 4297 probandum
839 4239 921 4283 est
943 4233 1010 4283 de
1029 4232 1248 4293 divitiis,
1264 4227 1565 4290 honoribus,

1640 2004 1825 2065 parate
1846 1994 2116 2062 spectatis.

1705 2085 1730 2109 v
1755 2078 1968 2134 Quorum
2000 2072 2186 2135 quidem
2223 2065 2327 2127 alii,
2345 2060 2454 2127 ξω]
2508 2074 2550 2110 1.
2575 2058 2702 2122 Agi-

1644 2159 1731 2204 tur
1752 2153 1819 2202 de
1851 2149 2082 2201 divitiis:
2128 2144 2215 2210 qui
2251 2142 2331 2191 his
2365 2139 2585 2196 inhiant,
2622 2136 2704 2185 sie

1644 2226 1992 2296 argumentari
2016 2222 2288 2274 videntur:
2321 2230 2572 2268 summum
2609 2211 2707 2263 bo-

1642 2323 1763 2357 num
1786 2311 1866 2355 est
1900 2304 1916 2332 ‘
1938 2302 2097 2353 nihilo
2113 2298 2352 2361 indigere
2372 2293 2407 2343 τ’
2439 2308 2558 2359 quae
2582 2305 2706 2355 pre-

1642 2383 1832 2449 positio
1848 2387 1927 2431 est
1951 2377 2248 2428 verissima:
2283 2372 2374 2423 sed
2392 2370 2482 2435 qui
2505 2366 2709 2417 divitiis

1645 2460 1883 2521 affluunt,
1899 2458 1952 2508 hi
1979 2455 2135 2506 nihilo
2165 2451 2426 2517 indigent:
2480 2461 2595 2513 quae
2620 2451 2708 2496 est

1643 2537 1889 2589 assumtio
1910 2532 2205 2584 falsissima:
2240 2528 2395 2578 immo
2417 2540 2519 2591 quo
2546 2522 2711 2573 ditior

1643 2625 1725 2667 est
1744 2616 1915 2675 homo,
1938 2626 2000 2661 eo
2022 2606 2254 2674 pluribus
2274 2603 2493 2667 indiget.

1706 2701 1739 2726 ¹¹
1760 2691 1867 2742 Alii
1886 2704 1996 2740 veru
2018 2687 2201 2744 bonum,
2235 2683 2357 2747 quod
2380 2679 2444 2728 sit
2477 2675 2713 2740 dignissi-

1641 2787 1771 2823 mum
1801 2765 2119 2826 veneratione,
2150 2759 2258 2825 ξω]
2315 2773 2379 2810 ιῐ.
2421 2753 2615 2821 Agitur
2639 2754 2712 2806 de

1645 2847 1987 2914 dignitatibus
2032 2842 2143 2891 sive
2175 2835 2475 2896 honoribus,
2516 2831 2713 2897 quibus

1647 2927 1737 2993 qui
1758 2923 1971 2975 student
2000 2921 2075 2970 sic
2111 2916 2353 2967 videntur
2374 2910 2708 2962 ratiocinari:

1644 3015 1897 3054 summum
1950 2998 2140 3048 bonum
2184 2998 2266 3042 est
2319 2990 2336 3019 ‘
2373 2986 2714 3038 veneratione

1648 3077 2005 3143 dignissimum
2026 3072 2061 3124 ι’
2091 3085 2217 3123 vera
2254 3064 2577 3133 propositio:
2613 3063 2715 3112 sed

1648 3152 1983 3206 veneratione
2032 3146 2356 3214 dignissimus
2398 3142 2572 3192 homo·
2605 3154 2717 3190 nou

1649 3235 1749 3291 est,
1795 3226 1892 3276 nisi
1943 3224 1989 3273 is
2036 3222 2345 3286 magistratu
2391 3218 2715 3267 decoretur:

1646 3306 1783 3356 falsa
1826 3301 2102 3353 assumtio:
2161 3297 2418 3364 siquidem
2450 3294 2566 3360 ipse
2601 3288 2722 3341 mal

1647 3384 1896 3447 gistratus
1918 3394 2021 3429 non
2062 3377 2268 3440 colitur,
2286 3374 2388 3425 nisi
2408 3370 2571 3423 fuerit
2592 3382 2717 3420 cum

1647 3461 1847 3510 virtute
1870 3456 2198 3520 conjunctus.

1710 3543 1737 3569 ¹
1757 3534 1883 3584 Sunt
1903 3533 1986 3597 qui
2014 3545 2247 3582 summum
2268 3525 2435 3578 bonum
2456 3525 2507 3574 in
2527 3535 2717 3574 summa

1644 3613 1880 3679 potentia,
1900 3609 2007 3675 aym]
2042 3622 2129 3658 ιιι.
2152 3606 2343 3671 Agitur
2365 3604 2429 3652 de
2452 3599 2719 3667 potentia,
2765 3652 2770 3658 ,

1648 3705 1798 3755 quam
1821 3689 1910 3755 qui
1944 3687 2169 3752 appetit,
2202 3684 2277 3734 sic
2317 3681 2523 3733 videtur
2557 3693 2713 3743 argn-

1645 3766 1894 3818 mentari:
1948 3778 2146 3814 summa
2167 3760 2406 3827 potentia
2425 3763 2505 3807 est
2528 3755 2720 3805 indivi-

1647 3845 1751 3894 dua
1773 3857 1946 3894 comes
1969 3839 2154 3891 summi
2177 3836 2299 3888 boni
2322 3853 2337 3886 :
2373 3848 2496 3885 vera
2520 3846 2715 3896 propo·

1645 3921 1801 3971 sitio:
1853 3917 2119 3985 sedvhomo
2142 3930 2244 3965 non
2282 3912 2441 3962 habet
2460 3922 2714 3959 summam

1646 3996 1934 4063 potentiam
1958 3994 2053 4043 nisi
2075 3989 2358 4056 regnando,
2379 3993 2470 4038 aut
2493 4000 2718 4050 regnan-

1649 4073 1789 4123 tibus
1841 4069 2187 4121 adhaerendo:
2245 4065 2380 4116 falsa
2421 4063 2711 4113 assumtio:

1646 4147 2069 4216 quandoquidem
2107 4145 2210 4210 ipsi
2248 4142 2423 4208 Reges
2462 4156 2563 4191 nou
2588 4145 2715 4190 sunt

1645 4232 1903 4290 potentes,
1935 4221 2038 4273 nisi
2076 4222 2182 4274 suis
2202 4220 2464 4285 imperent
2502 4221 2714 4282 pertur-

498 4313 754 4380 potentia,
783 4312 968 4378 gloria,
988 4317 1043 4362 et
1062 4307 1439 4374 voluptatibus,
1457 4306 1563 4371 pri·
1641 4302 1951 4355 bationibus.
