3049 4928
981 414 1506 478 thosopfflffl.
1552 415 1697 465 mn.
1739 412 1846 465 ιν.
2364 399 2498 468 335

307 563 688 632 admistione
729 563 1001 629 miseria
1044 565 1197 629 esti
1290 563 1433 642 Sic,
1479 563 1773 647 inquam,
1827 560 2106 627 videtur.
2197 559 2387 639 Quid
2433 560 2497 627 si

306 668 506 732 eidem
533 667 803 744 misero,
834 667 949 751 qui
1001 666 1264 732 cunctis
1307 673 1544 731 careat
1591 665 1819 742 boniS,
1859 668 2105 748 praeter
2135 682 2220 728 ea
2248 664 2497 746 quibus

303 771 494 848 miser
519 775 646 848 est,
672 770 918 834 malum
948 769 1132 835 aliud
1161 769 1364 834 fuerit
1394 786 1754 845 annexum,
1786 785 2003 831 nonne
2032 764 2241 831 multo
2269 765 2492 831 infeli-

303 872 435 936 cior
460 892 542 937 eo
568 871 947 938 censendus
970 878 1082 937 est·
1097 871 1293 955 cujus
1319 869 1757 936 infortunium
1785 870 1944 934 boni
1972 868 2497 952 participatione

302 975 617 1040 relevatur
639 976 668 1039 'i
693 975 720 1013 ‘⁷
821 972 1126 1054 Quidni?
1188 975 1482 1057 inquam.
1548 1030 1551 1031 γ
1588 972 1878 1038 Habent
1922 972 2126 1056 igitur
2177 973 2493 1057 improbi,

304 1096 448 1142 cum
470 1079 856 1163 puniuntur,
887 1078 1152 1162 quidem
1181 1078 1388 1143 boni9
1430 1077 1684 1162 aliquid
1712 1096 2065 1153 annexum,
2088 1094 2361 1162 poenam
2388 1077 2495 1162 ip-

303 1200 439 1246 sam
467 1182 754 1260 scilicet,
788 1202 942 1265 quee
972 1182 1226 1246 ratione
1246 1181 1536 1266 justitiae
1566 1182 1749 1246 bona
1775 1186 1915 1246 est:
1960 1180 2302 1264 iidemque
2337 1196 2493 1245 cum

302 1284 634 1370 supplicio
662 1292 912 1364 carent,
942 1287 1119 1350 inest
1147 1284 1251 1349 eis
1283 1284 1544 1368 aliquid
1573 1283 1852 1348 ulterius
1881 1283 2122 1361 mali‚¹0
2165 1283 2327 1366 ipsa
2367 1283 2495 1347 im-

299 1389 578 1470 punitas,
598 1408 799 1474 quam
827 1389 1195 1474 iniquitatis
1227 1388 1465 1454 merito
1510 1388 1761 1452 malum
1805 1405 1954 1451 esse
2004 1386 2359 1451 confessus
2397 1405 2504 1453 es.

302 1489 556 1574 Negare
576 1512 709 1558 non
738 1512 1039 1578 possum.
1114 1493 1334 1558 Multo
1364 1493 1564 1576 igitur
1590 1490 1994 1556 infeliciores
2022 1489 2306 1574 improbi
2337 1495 2518 1556 sune·

297 1592 536 1677 injusta
565 1596 964 1678 impunitate
994 1595 1249 1674 donati,
1284 1615 1487 1679 quam
1522 1594 1715 1678 justa
1743 1594 1994 1659 ultione
2023 1593 2262 1677 puniti.
2351 1591 2490 1658 Sed

297 1698 502 1781 puniri
531 1699 877 1783 improbos
891 1699 1175 1783 justum,
1206 1699 1572 1784 impunitos
1603 1718 1759 1764 vero
1782 1697 2014 1776 elabi,⁶
2045 1697 2348 1781 iniquum
2380 1717 2489 1762 es-

300 1818 367 1863 se
395 1799 815 1866 manifestum
847 1807 974 1866 est.
1065 1800 1244 1881 Quis
1269 1801 1344 1865 id
1372 1802 1615 1891 neget?
1706 1799 1844 1865 Sed
1873 1819 1959 1864 ne
1989 1799 2161 1864 illud
2190 1800 2485 1884 quidem,

300 1905 405 1982 ait,
436 1907 802 1991 quisquam
831 1908 1121 1990 negabit,
1151 1909 1403 1973 bonum
1430 1928 1581 1974 esse
1620 1928 1816 1972 omne
1843 1907 2025 1991 quod
2047 1907 2308 1992 justum
2341 1912 2490 1971 est:

298 2015 664 2093 contraque
713 2010 898 2094 quod
946 2009 1264 2094 injustum
1315 2014 1437 2089 est,
1484 2011 1738 2075 malum
1785 2009 2002 2094 liquet
2052 2028 2226 2074 esse.
2313 2008 2490 2096 Tum

297 2131 440 2194 ego:
463 2120 509 2151 ¹¹
556 2113 712 2179 Ista
739 2113 1008 2198 quidem
1038 2114 1526 2198 consequentia
1555 2121 1706 2179 sunt
1752 2114 1854 2178 eis
1902 2134 2051 2198 quae
2082 2111 2294 2196 paulo
2335 2118 2494 2176 ante

298 2217 616 2282 conclusa
645 2222 822 2281 sunt.
896 2216 1061 2295 Sed,
1092 2237 1352 2302 quaeSO,
1380 2218 1682 2302 inquam,
1712 2222 1797 2296 te,
1826 2217 2090 2281 nullane
2121 2216 2490 2282 animarum
2581 2217 2591 2225 “

299 2320 627 2402 supplicia
699 2325 854 2403 post
910 2320 1296 2387 defunctum
1351 2329 1564 2386 morte
1625 2341 1876 2406 corpus
1934 2320 2307 2404 relinquis?
2399 2317 2489 2383 Et

299 2439 530 2505 magna
556 2422 853 2509 quidem,
883 2423 1139 2508 inquit:
1186 2444 1467 2510 quorum
1496 2425 1634 2491 alia
1661 2424 1918 2511 poenali
1949 2424 2339 2502 acerbitate,
2362 2422 2502 2489 alia

298 2544 450 2590 vero
494 2531 888 2611 purgatoria
939 2526 1327 2594 clementia¹
1372 2529 1666 2593 exerceri
1711 2535 1908 2612 puto.
1999 2526 2140 2592 Sed
2183 2546 2359 2591 nunc
2412 2527 2499 2591 de

298 2625 394 2691 his
420 2628 749 2695 disserere
782 2629 1134 2695 consilium
1164 2650 1294 2694 non
1342 2637 1469 2694 est.
1560 2630 1646 2694 Id
1672 2649 1828 2695 vero
1858 2630 2184 2693 hactenus
2237 2628 2496 2711 egimus

299 2742 369 2793 ut
396 2752 552 2815 quae
576 2732 1046 2816 indignissima
1075 2732 1202 2796 tibi
1231 2731 1606 2810 videbatur,
1637 2732 1969 2796 malorum
1991 2735 2318 2815 potestaS,
2350 2750 2500 2795 eam

296 2833 533 2899 nnllam
592 2855 745 2901 esse
798 2855 1284 2920 cognosceres:
1329 2855 1639 2920 quosque
1688 2836 2057 2918 impunitos
2105 2834 2494 2918 querebare,

297 2933 553 3003 videres
584 2959 923 3025 nunquam
951 2940 1398 3025 improbitatis
1448 2959 1590 3004 suae
1640 2958 1863 3004 carere
1909 2936 2288 3020 suppliciis,
2377 2935 2492 3000 Li-

356 3136 376 3169 ⁶
408 3140 670 3190 Minuitur·
862 3150 884 3176 ⁶
914 3142 1082 3193 Abire.

1215 3255 1576 3277 ‘NOOO‘OOOOO

299 3350 476 3415 Delpb.
504 3351 813 3403 flach—10
849 3354 952 3404 Ms.
975 3355 1228 3407 Rittersh.
1250 3356 1431 3421 aliquid
1451 3357 1652 3407 alterius
1672 3353 1937 3403 mali—11
1964 3352 2091 3401 Mss,
2112 3354 2365 3413 contraque
2384 3347 2509 3410 quod

297 3417 535 3483 injustum,
569 3421 765 3469 malum.
801 3419 1002 3485 Liquere
1032 3422 1265 3486 respondi.
1304 3426 1423 3476 Tum
1452 3437 1556 3486 ego.
1621 3421 1824 3485 Liquere
1849 3433 1945 3469 esse
1967 3417 2162 3481 Deiph.
2185 3422 2243 3466 et
2263 3414 2501 3465 Hack.—

1289 3577 1507 3658 Nom:

300 3695 477 3760 probo,
512 3713 581 3746 ex
611 3711 678 3748 eo
712 3699 851 3763 quod
874 3699 957 3749 bic
981 3700 1268 3765 impunitus
1290 3701 1368 3749 vio
1509 3700 1521 3735 ¹
1546 3702 1755 3758 Quorum
1786 3699 1884 3749 alia
1912 3695 2084 3761 poenali
2112 3692 2386 3754 acerbitate,
2404 3689 2509 3742 alia

301 3779 402 3835 vat,
421 3772 622 3823 accidit
657 3775 847 3839 aliquid
880 3777 1031 3826 mali:
1068 3787 1186 3825 cum
1221 3775 1360 3825 enim
1438 3771 2127 3841 veropurgatoriaclemutia]
2157 3771 2172 3798 ‘
2192 3766 2400 3829 Ma1os‚’
2424 3768 2502 3816 in·

303 3848 467 3912 puniri
506 3857 565 3899 et
596 3864 697 3900 non
736 3851 905 3913 puniri
938 3852 1042 3901 sint
1079 3852 1361 3913 contraria,
1439 3854 1555 3917 quit
1606 3853 1866 3914 vallinus,
1919 3852 1935 3879 ‘
1971 3850 2056 3899 hic
2117 3844 2356 3910 agnoscit
2397 3856 2505 3896 ΜΠ

302 3937 516 3991 cumque
540 3928 712 3991 puniri
735 3929 806 3979 sit
825 3929 1020 3995 aliquid
1045 3930 1166 3980 boni
1199 3930 1361 3979 etiam
1440 3929 1760 3980 Christianus
1788 3927 1963 3991 modo,
1992 3926 2082 3977 sed
2119 3931 2174 3974 et
2208 3922 2509 3973 Catholicae

303 4001 553 4068 improbo,
583 4019 797 4056 necesse
831 4013 930 4069 est,
964 4012 1023 4056 ut
1051 4021 1156 4055 non
1187 4005 1362 4070 puniri
1439 4004 1710 4068 Boethius,
1727 4004 1856 4054 alios
1878 4004 2085 4070 quidem
2105 3999 2313 4051 aetemis
2334 3997 2507 4062 poenis

304 4079 468 4130 eidem
522 4073 759 4146 improbo
813 4085 881 4134 sit
945 4084 1141 4149 aliquid
1204 4083 1356 4133 malie
1439 4082 1692 4145 damnari,
1750 4083 1878 4131 alios
1937 4095 2060 4131 vero
2117 4093 2214 4142 pro
2270 4076 2502 4141 peccatis

304 4158 528 4222 quamvis
546 4161 561 4187 ‘
583 4174 773 4223 magna
794 4160 1078 4209 ammarum
1102 4159 1364 4224 supplicia
1438 4159 1595 4224 longo
1640 4159 1820 4211 dolore
1865 4159 2187 4209 cruciatuum
2231 4152 2504 4204 emundari

305 4241 415 4293 post
437 4234 735 4288 defunctum
756 4246 924 4288 morte
942 4236 1155 4304 corpus’
1177 4252 1357 4302 snper·
1401 4267 1412 4276 ι
1440 4243 1496 4286 et
1535 4236 1745 4301 purgari
1782 4236 1870 4285 diu
1906 4232 2062 4299 igne.'
2129 4230 2279 4283 Quod
2317 4243 2499 4292 &8³⁰⁸-

307 4309 423 4362 siut.
1440 4320 1567 4365 cunt
1588 4314 1690 4379 ipsi
1710 4312 2213 4379 MagdebnrgenseS,
2233 4308 2389 4374 Ceut.
2423 4318 2509 4358 vl,
