<?xml version="1.0" encoding="UTF-8"?>
<!DOCTYPE html PUBLIC "-//W3C//DTD XHTML 1.0 Transitional//EN"
    "http://www.w3.org/TR/xhtml1/DTD/xhtml1-transitional.dtd">
<html xmlns="http://www.w3.org/1999/xhtml" xml:lang="en" lang="en">
 <head>
  <title>
</title>
<meta http-equiv="Content-Type" content="text/html;charset=utf-8" />
  <meta name='ocr-system' content='tesseract 3.04.00' />
  <meta name='ocr-capabilities' content='ocr_page ocr_carea ocr_par ocr_line ocrx_word'/>
</head>
<body>
  <div class='ocr_page' id='page_1' title='image "./deconsolationep00boetgoog_0104.png"; bbox 0 0 3049 4928; ppageno 0'>
   <div class='ocr_carea' id='block_1_1' title="bbox 537 376 627 442">
    <p class='ocr_par' dir='ltr' id='par_1_1' title="bbox 537 376 627 442">
     <span class='ocr_line' id='line_1_1' title="bbox 537 376 627 442; baseline -0.011 0"><span class='ocrx_word' id='word_1_1' title='bbox 537 376 627 442; x_wconf 87' lang='grc'><strong>94</strong></span> 
     </span>
    </p>
   </div>
   <div class='ocr_carea' id='block_1_2' title="bbox 798 533 1984 601">
    <p class='ocr_par' dir='ltr' id='par_1_2' title="bbox 798 533 1984 601">
     <span class='ocr_line' id='line_1_2' title="bbox 798 533 1984 601; baseline -0.003 0"><span class='ocrx_word' id='word_1_2' title='bbox 798 535 1112 601; x_wconf 86' lang='lat' dir='ltr'><strong>Ardentis</strong></span> <span class='ocrx_word' id='word_1_3' title='bbox 1143 534 1257 601; x_wconf 83' lang='lat' dir='ltr'><strong>via</strong></span> <span class='ocrx_word' id='word_1_4' title='bbox 1286 533 1621 601; x_wconf 76' lang='lat' dir='ltr'><strong>fulminis‘</strong></span> <span class='ocrx_word' id='word_1_5' title='bbox 1663 534 1984 600; x_wconf 87' lang='lat' dir='ltr'><strong>movebit.</strong></span> 
     </span>
    </p>
   </div>
   <div class='ocr_carea' id='block_1_3' title="bbox 1233 386 2050 437">
    <p class='ocr_par' dir='ltr' id='par_1_3' title="bbox 1233 386 2050 437">
     <span class='ocr_line' id='line_1_3' title="bbox 1233 386 2050 437; baseline -0.004 0"><span class='ocrx_word' id='word_1_6' title='bbox 1233 386 1540 437; x_wconf 74' lang='lat' dir='ltr'><strong>Boss&#39;run</strong></span> <span class='ocrx_word' id='word_1_7' title='bbox 1593 387 1690 435; x_wconf 81' lang='lat' dir='ltr'><strong>DE</strong></span> <span class='ocrx_word' id='word_1_8' title='bbox 1739 386 2050 435; x_wconf 75' lang='lat' dir='ltr'><strong>coNsoL.</strong></span> 
     </span>
    </p>
   </div>
   <div class='ocr_carea' id='block_1_4' title="bbox 2663 531 2745 594">
    <p class='ocr_par' dir='ltr' id='par_1_4' title="bbox 2663 531 2745 594">
     <span class='ocr_line' id='line_1_4' title="bbox 2663 531 2745 594; baseline 0 0"><span class='ocrx_word' id='word_1_9' title='bbox 2663 531 2745 594; x_wconf 89' lang='grc'><strong>10</strong></span> 
     </span>
    </p>
   </div>
   <div class='ocr_carea' id='block_1_5' title="bbox 797 635 2213 720">
    <p class='ocr_par' dir='ltr' id='par_1_5' title="bbox 797 635 2213 720">
     <span class='ocr_line' id='line_1_5' title="bbox 797 635 2213 720; baseline -0.016 0"><span class='ocrx_word' id='word_1_10' title='bbox 797 639 984 719; x_wconf 81' lang='lat' dir='ltr'><strong>Quid</strong></span> <span class='ocrx_word' id='word_1_11' title='bbox 1016 644 1275 704; x_wconf 85' lang='lat' dir='ltr'><strong>tantum</strong></span> <span class='ocrx_word' id='word_1_12' title='bbox 1305 639 1529 706; x_wconf 82' lang='lat' dir='ltr'><strong>miseri</strong></span> <span class='ocrx_word' id='word_1_13' title='bbox 1558 637 1740 702; x_wconf 81' lang='lat' dir='ltr'><strong>feros</strong></span> <span class='ocrx_word' id='word_1_14' title='bbox 1770 644 2088 720; x_wconf 86' lang='lat' dir='ltr'><strong>tyrannos</strong></span> <span class='ocrx_word' id='word_1_15' title='bbox 2109 635 2159 678; x_wconf 75' lang='lat'><strong>¹⁸</strong></span> <span class='ocrx_word' id='word_1_16' title='bbox 2186 645 2213 672; x_wconf 80' lang='lat'><strong>¹¹</strong></span> 
     </span>
    </p>
   </div>
   <div class='ocr_carea' id='block_1_6' title="bbox 539 817 2751 889">
    <p class='ocr_par' dir='ltr' id='par_1_6' title="bbox 539 817 2751 889">
     <span class='ocr_line' id='line_1_6' title="bbox 539 817 2751 889; baseline -0.005 -12"><span class='ocrx_word' id='word_1_17' title='bbox 539 832 625 877; x_wconf 76' lang='lat' dir='ltr'><strong>aut</strong></span> <span class='ocrx_word' id='word_1_18' title='bbox 643 827 738 876; x_wconf 75' lang='lat' dir='ltr'><strong>iter</strong></span> <span class='ocrx_word' id='word_1_19' title='bbox 759 825 983 886; x_wconf 74' lang='lat' dir='ltr'><strong>fulminis</strong></span> <span class='ocrx_word' id='word_1_20' title='bbox 1004 826 1205 889; x_wconf 77' lang='lat' dir='ltr'><strong>accensi,</strong></span> <span class='ocrx_word' id='word_1_21' title='bbox 1226 825 1345 888; x_wconf 81' lang='lat' dir='ltr'><strong>quod</strong></span> <span class='ocrx_word' id='word_1_22' title='bbox 1367 824 1604 874; x_wconf 77' lang='lat' dir='ltr'><strong>consuevit</strong></span> <span class='ocrx_word' id='word_1_23' title='bbox 1634 829 1879 888; x_wconf 73' lang='lat' dir='ltr'><strong>percutere</strong></span> <span class='ocrx_word' id='word_1_24' title='bbox 1899 825 1999 873; x_wconf 76' lang='lat' dir='ltr'><strong>alta</strong></span> <span class='ocrx_word' id='word_1_25' title='bbox 2030 822 2252 888; x_wconf 69' lang='lat' dir='ltr'><strong>aedificia.</strong></span> <span class='ocrx_word' id='word_1_26' title='bbox 2325 822 2426 872; x_wconf 76' lang='lat' dir='ltr'><strong>Cur</strong></span> <span class='ocrx_word' id='word_1_27' title='bbox 2447 817 2658 878; x_wconf 72' lang='lat' dir='ltr'><strong>infelices</strong></span> <span class='ocrx_word' id='word_1_28' title='bbox 2679 819 2751 869; x_wconf 77' lang='lat' dir='ltr'><strong>ita</strong></span> 
     </span>
    </p>
   </div>
   <div class='ocr_carea' id='block_1_7' title="bbox 1466 985 1825 1005">
    <p class='ocr_par' dir='ltr' id='par_1_7' title="bbox 1466 985 1825 1005">
     <span class='ocr_line' id='line_1_7' title="bbox 1466 985 1825 1005; baseline 0.003 -1"><span class='ocrx_word' id='word_1_29' title='bbox 1466 985 1825 1005; x_wconf 63' lang='lat' dir='ltr'><strong>OO‘OOOOOO‘OO</strong></span> 
     </span>
    </p>
   </div>
   <div class='ocr_carea' id='block_1_8' title="bbox 541 1082 2754 1222">
    <p class='ocr_par' dir='ltr' id='par_1_8' title="bbox 541 1082 2754 1222">
     <span class='ocr_line' id='line_1_8' title="bbox 541 1082 2754 1153; baseline -0.005 -12"><span class='ocrx_word' id='word_1_30' title='bbox 541 1090 633 1141; x_wconf 86' lang='lat' dir='ltr'><strong>sed</strong></span> <span class='ocrx_word' id='word_1_31' title='bbox 666 1091 818 1153; x_wconf 91' lang='lat' dir='ltr'><strong>male,</strong></span> <span class='ocrx_word' id='word_1_32' title='bbox 856 1098 911 1141; x_wconf 89' lang='lat' dir='ltr'><strong>et</strong></span> <span class='ocrx_word' id='word_1_33' title='bbox 969 1094 1178 1152; x_wconf 68' lang='lat' dir='ltr'><strong>contra,</strong></span> <span class='ocrx_word' id='word_1_34' title='bbox 1209 1087 1463 1137; x_wconf 84' lang='lat' dir='ltr'><strong>rationem</strong></span> <span class='ocrx_word' id='word_1_35' title='bbox 1507 1091 1725 1137; x_wconf 84' lang='lat' dir='ltr'><strong>versus.’</strong></span> <span class='ocrx_word' id='word_1_36' title='bbox 1788 1088 2099 1137; x_wconf 55' lang='lat' dir='ltr'><strong>Voltinia-18</strong></span> <span class='ocrx_word' id='word_1_37' title='bbox 2132 1088 2148 1115; x_wconf 81' lang='lat'><strong><em>⁴</em></strong></span> <span class='ocrx_word' id='word_1_38' title='bbox 2188 1085 2388 1136; x_wconf 82' lang='lat' dir='ltr'><strong>Thuan.</strong></span> <span class='ocrx_word' id='word_1_39' title='bbox 2433 1082 2649 1150; x_wconf 87' lang='lat' dir='ltr'><strong>primus,</strong></span> <span class='ocrx_word' id='word_1_40' title='bbox 2695 1086 2754 1131; x_wconf 89' lang='lat' dir='ltr'><strong>et</strong></span> 
     </span>
     <span class='ocr_line' id='line_1_9' title="bbox 544 1153 2162 1222; baseline -0.001 -17"><span class='ocrx_word' id='word_1_41' title='bbox 544 1167 763 1222; x_wconf 79' lang='lat' dir='ltr'><strong>uterque</strong></span> <span class='ocrx_word' id='word_1_42' title='bbox 788 1153 1176 1207; x_wconf 82' lang='lat' dir='ltr'><strong>Vict.babent:</strong></span> <span class='ocrx_word' id='word_1_43' title='bbox 1208 1167 1356 1204; x_wconf 70' lang='lat' dir='ltr'><strong>seros</strong></span> <span class='ocrx_word' id='word_1_44' title='bbox 1381 1157 1632 1218; x_wconf 71' lang='lat' dir='ltr'><strong>tyrannos.-</strong></span> <span class='ocrx_word' id='word_1_45' title='bbox 1665 1154 1793 1203; x_wconf 87' lang='lat' dir='ltr'><strong>item</strong></span> <span class='ocrx_word' id='word_1_46' title='bbox 1809 1155 1977 1204; x_wconf 67' lang='lat' dir='ltr'><strong>male.⁹</strong></span> <span class='ocrx_word' id='word_1_47' title='bbox 2010 1153 2162 1203; x_wconf 76' lang='lat' dir='ltr'><strong>Idem.</strong></span> 
     </span>
    </p>
   </div>
   <div class='ocr_carea' id='block_1_9' title="bbox 1541 1303 1755 1355">
    <p class='ocr_par' dir='ltr' id='par_1_9' title="bbox 1541 1303 1755 1355">
     <span class='ocr_line' id='line_1_10' title="bbox 1541 1303 1755 1355; baseline -0.009 0"><span class='ocrx_word' id='word_1_48' title='bbox 1541 1304 1589 1355; x_wconf 86' lang='lat' dir='ltr'>N</span> <span class='ocrx_word' id='word_1_49' title='bbox 1597 1303 1755 1355; x_wconf 77' lang='lat' dir='ltr'><strong>01·AE</strong></span> 
     </span>
    </p>
   </div>
   <div class='ocr_carea' id='block_1_10' title="bbox 540 1436 1605 1737">
    <p class='ocr_par' dir='ltr' id='par_1_10' title="bbox 540 1436 1605 1737">
     <span class='ocr_line' id='line_1_11' title="bbox 605 1436 1605 1504; baseline 0.004 -19"><span class='ocrx_word' id='word_1_50' title='bbox 605 1440 620 1498; x_wconf 72' lang='lat'><strong>¹.</strong></span> <span class='ocrx_word' id='word_1_51' title='bbox 647 1437 740 1486; x_wconf 76' lang='lat' dir='ltr'><strong>Via</strong></span> <span class='ocrx_word' id='word_1_52' title='bbox 746 1436 998 1501; x_wconf 70' lang='lat' dir='ltr'><strong>fulminis]</strong></span> <span class='ocrx_word' id='word_1_53' title='bbox 1031 1451 1125 1490; x_wconf 82' lang='lat' dir='ltr'><strong>nr.</strong></span> <span class='ocrx_word' id='word_1_54' title='bbox 1146 1438 1365 1501; x_wconf 86' lang='lat' dir='ltr'><strong>Coelum,</strong></span> <span class='ocrx_word' id='word_1_55' title='bbox 1385 1453 1605 1504; x_wconf 77' lang='lat' dir='ltr'><strong>praeser·</strong></span> 
     </span>
     <span class='ocr_line' id='line_1_12' title="bbox 542 1512 1605 1581; baseline 0.001 -17"><span class='ocrx_word' id='word_1_56' title='bbox 542 1516 633 1564; x_wconf 90' lang='lat' dir='ltr'><strong>tim</strong></span> <span class='ocrx_word' id='word_1_57' title='bbox 660 1512 950 1578; x_wconf 87' lang='lat' dir='ltr'><strong>fulminans,</strong></span> <span class='ocrx_word' id='word_1_58' title='bbox 974 1514 1206 1581; x_wconf 82' lang='lat' dir='ltr'>adeoque</span> <span class='ocrx_word' id='word_1_59' title='bbox 1224 1514 1511 1579; x_wconf 78' lang='lat' dir='ltr'><strong>fulgurans,</strong></span> <span class='ocrx_word' id='word_1_60' title='bbox 1547 1523 1605 1565; x_wconf 90' lang='lat' dir='ltr'><strong>et</strong></span> 
     </span>
     <span class='ocr_line' id='line_1_13' title="bbox 540 1593 1603 1659; baseline 0 -15"><span class='ocrx_word' id='word_1_61' title='bbox 540 1603 720 1644; x_wconf 87' lang='lat' dir='ltr'><strong>tonans</strong></span> <span class='ocrx_word' id='word_1_62' title='bbox 762 1594 983 1643; x_wconf 86' lang='lat' dir='ltr'><strong>maxime</strong></span> <span class='ocrx_word' id='word_1_63' title='bbox 1022 1594 1255 1643; x_wconf 80' lang='lat' dir='ltr'>terribile</span> <span class='ocrx_word' id='word_1_64' title='bbox 1294 1601 1407 1655; x_wconf 77' lang='lat' dir='ltr'><strong>est3</strong></span> <span class='ocrx_word' id='word_1_65' title='bbox 1464 1593 1603 1659; x_wconf 86' lang='lat' dir='ltr'><strong>quod</strong></span> 
     </span>
     <span class='ocr_line' id='line_1_14' title="bbox 540 1673 1605 1737; baseline -0.001 -13"><span class='ocrx_word' id='word_1_66' title='bbox 540 1683 851 1737; x_wconf 67' lang='lat' dir='ltr'><strong>presentem</strong></span> <span class='ocrx_word' id='word_1_67' title='bbox 883 1673 1142 1723; x_wconf 77' lang='lat' dir='ltr'><strong>intentare</strong></span> <span class='ocrx_word' id='word_1_68' title='bbox 1175 1680 1394 1723; x_wconf 87' lang='lat' dir='ltr'><strong>mortem</strong></span> <span class='ocrx_word' id='word_1_69' title='bbox 1429 1673 1605 1724; x_wconf 84' lang='lat' dir='ltr'><strong>videa·</strong></span> 
     </span>
    </p>
   </div>
   <div class='ocr_carea' id='block_1_11' title="bbox 1688 1433 2757 1566">
    <p class='ocr_par' dir='ltr' id='par_1_11' title="bbox 1688 1433 2757 1566">
     <span class='ocr_line' id='line_1_15' title="bbox 1688 1433 2757 1490; baseline -0.007 0"><span class='ocrx_word' id='word_1_70' title='bbox 1688 1441 1704 1468; x_wconf 88' lang='lat'>‘</span> <span class='ocrx_word' id='word_1_71' title='bbox 1728 1439 1935 1490; x_wconf 89' lang='lat' dir='ltr'><strong>solitum</strong></span> <span class='ocrx_word' id='word_1_72' title='bbox 1970 1437 2136 1489; x_wconf 82' lang='lat' dir='ltr'><strong>celsas</strong></span> <span class='ocrx_word' id='word_1_73' title='bbox 2176 1435 2337 1488; x_wconf 85' lang='lat' dir='ltr'><strong>ferire</strong></span> <span class='ocrx_word' id='word_1_74' title='bbox 2374 1433 2579 1485; x_wconf 67' lang='lat' dir='ltr'><strong>turres!</strong></span> <span class='ocrx_word' id='word_1_75' title='bbox 2663 1434 2757 1486; x_wconf 81' lang='lat' dir='ltr'><strong>Ni-</strong></span> 
     </span>
     <span class='ocr_line' id='line_1_16' title="bbox 1691 1510 2755 1566; baseline -0.007 0"><span class='ocrx_word' id='word_1_76' title='bbox 1691 1516 1875 1566; x_wconf 82' lang='lat' dir='ltr'><strong>mirum</strong></span> <span class='ocrx_word' id='word_1_77' title='bbox 1899 1529 2120 1565; x_wconf 80' lang='lat' dir='ltr'><strong>accensa</strong></span> <span class='ocrx_word' id='word_1_78' title='bbox 2142 1515 2230 1564; x_wconf 80' lang='lat' dir='ltr'><strong>illa</strong></span> <span class='ocrx_word' id='word_1_79' title='bbox 2251 1511 2507 1563; x_wconf 81' lang='lat' dir='ltr'><strong>exhalatio</strong></span> <span class='ocrx_word' id='word_1_80' title='bbox 2529 1510 2755 1561; x_wconf 89' lang='lat' dir='ltr'><strong>nubibus</strong></span> 
     </span>
    </p>
   </div>
   <div class='ocr_carea' id='block_1_12' title="bbox 1690 1592 2756 1736">
    <p class='ocr_par' dir='ltr' id='par_1_12' title="bbox 1690 1592 2756 1736">
     <span class='ocr_line' id='line_1_17' title="bbox 1691 1592 2755 1659; baseline -0.003 -13"><span class='ocrx_word' id='word_1_81' title='bbox 1691 1610 1930 1657; x_wconf 83' lang='lat' dir='ltr'><strong>excussa,</strong></span> <span class='ocrx_word' id='word_1_82' title='bbox 1954 1603 2045 1646; x_wconf 90' lang='lat' dir='ltr'><strong>aut</strong></span> <span class='ocrx_word' id='word_1_83' title='bbox 2068 1610 2163 1659; x_wconf 89' lang='lat' dir='ltr'><strong>per</strong></span> <span class='ocrx_word' id='word_1_84' title='bbox 2184 1594 2393 1645; x_wconf 87' lang='lat' dir='ltr'><strong>nubium</strong></span> <span class='ocrx_word' id='word_1_85' title='bbox 2417 1595 2587 1643; x_wconf 88' lang='lat' dir='ltr'><strong>latera</strong></span> <span class='ocrx_word' id='word_1_86' title='bbox 2606 1592 2755 1643; x_wconf 87' lang='lat' dir='ltr'><strong>emit-</strong></span> 
     </span>
     <span class='ocr_line' id='line_1_18' title="bbox 1690 1667 2756 1736; baseline -0.006 -14"><span class='ocrx_word' id='word_1_87' title='bbox 1690 1673 1840 1735; x_wconf 81' lang='lat' dir='ltr'><strong>titur,</strong></span> <span class='ocrx_word' id='word_1_88' title='bbox 1863 1679 1955 1721; x_wconf 93' lang='lat' dir='ltr'><strong>aut</strong></span> <span class='ocrx_word' id='word_1_89' title='bbox 1990 1687 2083 1736; x_wconf 90' lang='lat' dir='ltr'><strong>per</strong></span> <span class='ocrx_word' id='word_1_90' title='bbox 2117 1669 2417 1721; x_wconf 85' lang='lat' dir='ltr'><strong>inferiorem</strong></span> <span class='ocrx_word' id='word_1_91' title='bbox 2450 1667 2603 1717; x_wconf 90' lang='lat' dir='ltr'><strong>uubis</strong></span> <span class='ocrx_word' id='word_1_92' title='bbox 2636 1668 2756 1717; x_wconf 82' lang='lat' dir='ltr'><strong>sub·</strong></span> 
     </span>
    </p>
   </div>
   <div class='ocr_carea' id='block_1_13' title="bbox 541 1745 2756 1816">
    <p class='ocr_par' dir='ltr' id='par_1_13' title="bbox 541 1745 2756 1816">
     <span class='ocr_line' id='line_1_19' title="bbox 541 1745 2756 1816; baseline -0.002 -16"><span class='ocrx_word' id='word_1_93' title='bbox 541 1759 645 1800; x_wconf 87' lang='lat' dir='ltr'><strong>tur.</strong></span> <span class='ocrx_word' id='word_1_94' title='bbox 712 1749 856 1799; x_wconf 85' lang='lat' dir='ltr'><strong>Hinc</strong></span> <span class='ocrx_word' id='word_1_95' title='bbox 878 1749 966 1816; x_wconf 87' lang='lat' dir='ltr'><strong>qui</strong></span> <span class='ocrx_word' id='word_1_96' title='bbox 987 1751 1138 1810; x_wconf 68' lang='lat' dir='ltr'><strong>malm</strong></span> <span class='ocrx_word' id='word_1_97' title='bbox 1161 1749 1496 1801; x_wconf 82' lang='lat' dir='ltr'><strong>conscientiae·</strong></span> <span class='ocrx_word' id='word_1_98' title='bbox 1517 1750 1606 1801; x_wconf 86' lang='lat' dir='ltr'><strong>sti·</strong></span> <span class='ocrx_word' id='word_1_99' title='bbox 1677 1750 1836 1814; x_wconf 83' lang='lat' dir='ltr'><strong>jectae</strong></span> <span class='ocrx_word' id='word_1_100' title='bbox 1871 1757 2088 1813; x_wconf 88' lang='lat' dir='ltr'><strong>partem.</strong></span> <span class='ocrx_word' id='word_1_101' title='bbox 2153 1748 2208 1799; x_wconf 88' lang='lat' dir='ltr'><strong>Si</strong></span> <span class='ocrx_word' id='word_1_102' title='bbox 2232 1748 2486 1813; x_wconf 80' lang='lat' dir='ltr'><strong>primum:</strong></span> <span class='ocrx_word' id='word_1_103' title='bbox 2521 1745 2756 1796; x_wconf 87' lang='lat' dir='ltr'><strong>fulminis</strong></span> 
     </span>
    </p>
   </div>
   <div class='ocr_carea' id='block_1_14' title="bbox 535 1824 1617 4347">
    <p class='ocr_par' dir='ltr' id='par_1_14' title="bbox 535 1824 1617 4347">
     <span class='ocr_line' id='line_1_20' title="bbox 539 1824 1606 1892; baseline 0.002 -17"><span class='ocrx_word' id='word_1_104' title='bbox 539 1827 691 1876; x_wconf 87' lang='lat' dir='ltr'><strong>mulis</strong></span> <span class='ocrx_word' id='word_1_105' title='bbox 724 1826 831 1875; x_wconf 79' lang='lat' dir='ltr'><strong>sive</strong></span> <span class='ocrx_word' id='word_1_106' title='bbox 855 1827 1029 1890; x_wconf 86' lang='lat' dir='ltr'><strong>potius</strong></span> <span class='ocrx_word' id='word_1_107' title='bbox 1057 1824 1209 1876; x_wconf 83' lang='lat' dir='ltr'><strong>furiis</strong></span> <span class='ocrx_word' id='word_1_108' title='bbox 1238 1827 1520 1892; x_wconf 81' lang='lat' dir='ltr'><strong>agitantur,</strong></span> <span class='ocrx_word' id='word_1_109' title='bbox 1554 1826 1606 1877; x_wconf 87' lang='lat' dir='ltr'><strong>hi</strong></span> 
     </span>
     <span class='ocr_line' id='line_1_21' title="bbox 535 1902 1607 1969; baseline 0.002 -18"><span class='ocrx_word' id='word_1_110' title='bbox 535 1902 755 1953; x_wconf 78' lang='lat' dir='ltr'>fulmina</span> <span class='ocrx_word' id='word_1_111' title='bbox 771 1903 1055 1967; x_wconf 77' lang='lat' dir='ltr'><strong>praecipue,</strong></span> <span class='ocrx_word' id='word_1_112' title='bbox 1073 1902 1309 1968; x_wconf 90' lang='lat' dir='ltr'><strong>adeoque</strong></span> <span class='ocrx_word' id='word_1_113' title='bbox 1330 1903 1607 1969; x_wconf 70' lang='lat' dir='ltr'><strong>fulminum</strong></span> 
     </span>
     <span class='ocr_line' id='line_1_22' title="bbox 539 1976 1606 2043; baseline 0.003 -16"><span class='ocrx_word' id='word_1_114' title='bbox 539 1978 809 2043; x_wconf 65' lang='lat' dir='ltr'><strong>praesagia,</strong></span> <span class='ocrx_word' id='word_1_115' title='bbox 844 1976 1055 2043; x_wconf 82' lang='lat' dir='ltr'><strong>fulgura</strong></span> <span class='ocrx_word' id='word_1_116' title='bbox 1088 1984 1145 2029; x_wconf 90' lang='lat' dir='ltr'><strong>et</strong></span> <span class='ocrx_word' id='word_1_117' title='bbox 1176 1981 1408 2030; x_wconf 85' lang='lat' dir='ltr'><strong>tonitrua</strong></span> <span class='ocrx_word' id='word_1_118' title='bbox 1439 1987 1606 2030; x_wconf 87' lang='lat' dir='ltr'><strong>metu-</strong></span> 
     </span>
     <span class='ocr_line' id='line_1_23' title="bbox 538 2054 1606 2122; baseline 0.002 -18"><span class='ocrx_word' id='word_1_119' title='bbox 538 2062 665 2105; x_wconf 83' lang='lat' dir='ltr'><strong>uut:</strong></span> <span class='ocrx_word' id='word_1_120' title='bbox 700 2055 836 2105; x_wconf 84' lang='lat' dir='ltr'><strong>sicut</strong></span> <span class='ocrx_word' id='word_1_121' title='bbox 870 2055 929 2106; x_wconf 84' lang='lat' dir='ltr'><strong>C.</strong></span> <span class='ocrx_word' id='word_1_122' title='bbox 953 2054 1132 2105; x_wconf 81' lang='lat' dir='ltr'><strong>Caesar</strong></span> <span class='ocrx_word' id='word_1_123' title='bbox 1155 2056 1413 2120; x_wconf 83' lang='lat' dir='ltr'><strong>Caligula,</strong></span> <span class='ocrx_word' id='word_1_124' title='bbox 1439 2056 1456 2086; x_wconf 88' lang='lat'>‘</span> <span class='ocrx_word' id='word_1_125' title='bbox 1482 2055 1606 2122; x_wconf 84' lang='lat' dir='ltr'><strong>qui,&#39;</strong></span> 
     </span>
     <span class='ocr_line' id='line_1_24' title="bbox 538 2131 1605 2197; baseline 0.002 -17"><span class='ocrx_word' id='word_1_126' title='bbox 538 2138 598 2181; x_wconf 89' lang='lat' dir='ltr'><strong>ut</strong></span> <span class='ocrx_word' id='word_1_127' title='bbox 631 2132 861 2197; x_wconf 88' lang='lat' dir='ltr'><strong>loquitur</strong></span> <span class='ocrx_word' id='word_1_128' title='bbox 892 2131 1189 2195; x_wconf 85' lang='lat' dir='ltr'><strong>Suetonius,</strong></span> <span class='ocrx_word' id='word_1_129' title='bbox 1220 2131 1236 2160; x_wconf 85' lang='lat'>‘</span> <span class='ocrx_word' id='word_1_130' title='bbox 1257 2133 1399 2182; x_wconf 85' lang='lat' dir='ltr'><strong>Deos</strong></span> <span class='ocrx_word' id='word_1_131' title='bbox 1433 2139 1605 2183; x_wconf 86' lang='lat' dir='ltr'><strong>tanto·</strong></span> 
     </span>
     <span class='ocr_line' id='line_1_25' title="bbox 539 2207 1611 2272; baseline 0.004 -16"><span class='ocrx_word' id='word_1_132' title='bbox 539 2222 667 2272; x_wconf 89' lang='lat' dir='ltr'><strong>pere</strong></span> <span class='ocrx_word' id='word_1_133' title='bbox 706 2215 1082 2271; x_wconf 87' lang='lat' dir='ltr'><strong>contemneret,</strong></span> <span class='ocrx_word' id='word_1_134' title='bbox 1122 2207 1187 2258; x_wconf 84' lang='lat' dir='ltr'><strong>ad</strong></span> <span class='ocrx_word' id='word_1_135' title='bbox 1230 2209 1439 2260; x_wconf 86' lang='lat' dir='ltr'><strong>minima</strong></span> <span class='ocrx_word' id='word_1_136' title='bbox 1476 2209 1611 2260; x_wconf 87' lang='lat' dir='ltr'><strong>toui-</strong></span> 
     </span>
     <span class='ocr_line' id='line_1_26' title="bbox 538 2282 1607 2350; baseline 0.003 -16"><span class='ocrx_word' id='word_1_137' title='bbox 538 2293 658 2334; x_wconf 90' lang='lat' dir='ltr'><strong>trua</strong></span> <span class='ocrx_word' id='word_1_138' title='bbox 678 2291 734 2334; x_wconf 89' lang='lat' dir='ltr'><strong>et</strong></span> <span class='ocrx_word' id='word_1_139' title='bbox 756 2282 961 2348; x_wconf 81' lang='lat' dir='ltr'>fulgura</span> <span class='ocrx_word' id='word_1_140' title='bbox 995 2284 1292 2350; x_wconf 79' lang='lat' dir='ltr'><strong>connivere,</strong></span> <span class='ocrx_word' id='word_1_141' title='bbox 1325 2292 1486 2350; x_wconf 89' lang='lat' dir='ltr'><strong>caput</strong></span> <span class='ocrx_word' id='word_1_142' title='bbox 1518 2286 1607 2337; x_wconf 87' lang='lat' dir='ltr'><strong>ob·</strong></span> 
     </span>
     <span class='ocr_line' id='line_1_27' title="bbox 539 2361 1606 2428; baseline 0.005 -19"><span class='ocrx_word' id='word_1_143' title='bbox 539 2362 782 2423; x_wconf 80' lang='lat' dir='ltr'><strong>volvere3</strong></span> <span class='ocrx_word' id='word_1_144' title='bbox 818 2361 884 2411; x_wconf 90' lang='lat' dir='ltr'><strong>ad</strong></span> <span class='ocrx_word' id='word_1_145' title='bbox 923 2375 1048 2412; x_wconf 86' lang='lat' dir='ltr'><strong>vero</strong></span> <span class='ocrx_word' id='word_1_146' title='bbox 1091 2363 1292 2427; x_wconf 85' lang='lat' dir='ltr'><strong>maj0ra</strong></span> <span class='ocrx_word' id='word_1_147' title='bbox 1329 2364 1606 2428; x_wconf 80' lang='lat' dir='ltr'><strong>proripere</strong></span> 
     </span>
     <span class='ocr_line' id='line_1_28' title="bbox 538 2438 1608 2507; baseline 0.005 -20"><span class='ocrx_word' id='word_1_148' title='bbox 538 2452 597 2487; x_wconf 80' lang='lat' dir='ltr'><strong>se</strong></span> <span class='ocrx_word' id='word_1_149' title='bbox 631 2452 661 2487; x_wconf 91' lang='lat' dir='ltr'><strong>e</strong></span> <span class='ocrx_word' id='word_1_150' title='bbox 694 2442 877 2503; x_wconf 88' lang='lat' dir='ltr'><strong>strato,</strong></span> <span class='ocrx_word' id='word_1_151' title='bbox 908 2438 1002 2488; x_wconf 91' lang='lat' dir='ltr'><strong>sub</strong></span> <span class='ocrx_word' id='word_1_152' title='bbox 1036 2439 1336 2507; x_wconf 90' lang='lat' dir='ltr'><strong>lectumque</strong></span> <span class='ocrx_word' id='word_1_153' title='bbox 1376 2441 1608 2492; x_wconf 89' lang='lat' dir='ltr'><strong>condere</strong></span> 
     </span>
     <span class='ocr_line' id='line_1_29' title="bbox 541 2514 1607 2584; baseline 0.006 -21"><span class='ocrx_word' id='word_1_154' title='bbox 541 2514 777 2568; x_wconf 62' lang='lat' dir='ltr'><strong>solebat!</strong></span> <span class='ocrx_word' id='word_1_155' title='bbox 850 2516 998 2566; x_wconf 88' lang='lat' dir='ltr'><strong>Sicut</strong></span> <span class='ocrx_word' id='word_1_156' title='bbox 1042 2518 1201 2567; x_wconf 81' lang='lat' dir='ltr'><strong>etiam</strong></span> <span class='ocrx_word' id='word_1_157' title='bbox 1243 2518 1467 2584; x_wconf 82' lang='lat' dir='ltr'><strong>quilibet</strong></span> <span class='ocrx_word' id='word_1_158' title='bbox 1511 2518 1607 2568; x_wconf 88' lang='lat' dir='ltr'><strong>im·</strong></span> 
     </span>
     <span class='ocr_line' id='line_1_30' title="bbox 541 2591 1608 2657; baseline 0.006 -17"><span class='ocrx_word' id='word_1_159' title='bbox 541 2591 678 2654; x_wconf 86' lang='lat' dir='ltr'><strong>pius,</strong></span> <span class='ocrx_word' id='word_1_160' title='bbox 706 2592 909 2657; x_wconf 88' lang='lat' dir='ltr'><strong>judicio</strong></span> <span class='ocrx_word' id='word_1_161' title='bbox 940 2594 1208 2645; x_wconf 80' lang='lat' dir='ltr'><strong>Juvenalis</strong></span> <span class='ocrx_word' id='word_1_162' title='bbox 1242 2595 1279 2644; x_wconf 89' lang='lat'><strong>1.</strong></span> <span class='ocrx_word' id='word_1_163' title='bbox 1308 2608 1358 2646; x_wconf 77' lang='lat' dir='ltr'><strong>v·</strong></span> <span class='ocrx_word' id='word_1_164' title='bbox 1380 2596 1489 2646; x_wconf 88' lang='lat' dir='ltr'><strong>Sat.</strong></span> <span class='ocrx_word' id='word_1_165' title='bbox 1528 2600 1608 2647; x_wconf 73' lang='lat'><strong>18.</strong></span> 
     </span>
     <span class='ocr_line' id='line_1_31' title="bbox 540 2666 1612 2737; baseline 0.004 -21"><span class='ocrx_word' id='word_1_166' title='bbox 540 2666 758 2718; x_wconf 75' lang='lat' dir='ltr'>fulmine</span> <span class='ocrx_word' id='word_1_167' title='bbox 783 2676 1043 2721; x_wconf 82' lang='lat' dir='ltr'><strong>terretur:</strong></span> <span class='ocrx_word' id='word_1_168' title='bbox 1078 2672 1094 2699; x_wconf 87' lang='lat'>‘</span> <span class='ocrx_word' id='word_1_169' title='bbox 1119 2671 1193 2721; x_wconf 85' lang='lat' dir='ltr'><strong>Hi</strong></span> <span class='ocrx_word' id='word_1_170' title='bbox 1223 2675 1346 2721; x_wconf 88' lang='lat' dir='ltr'><strong>sunt</strong></span> <span class='ocrx_word' id='word_1_171' title='bbox 1378 2671 1469 2737; x_wconf 91' lang='lat' dir='ltr'><strong>qui</strong></span> <span class='ocrx_word' id='word_1_172' title='bbox 1509 2677 1612 2721; x_wconf 85' lang='lat' dir='ltr'><strong>tre·</strong></span> 
     </span>
     <span class='ocr_line' id='line_1_32' title="bbox 543 2744 1613 2813; baseline 0.007 -21"><span class='ocrx_word' id='word_1_173' title='bbox 543 2744 725 2807; x_wconf 81' lang='lat' dir='ltr'><strong>pidant</strong></span> <span class='ocrx_word' id='word_1_174' title='bbox 763 2752 820 2795; x_wconf 87' lang='lat' dir='ltr'><strong>et</strong></span> <span class='ocrx_word' id='word_1_175' title='bbox 860 2746 928 2795; x_wconf 87' lang='lat' dir='ltr'><strong>ad</strong></span> <span class='ocrx_word' id='word_1_176' title='bbox 959 2747 1130 2797; x_wconf 86' lang='lat' dir='ltr'><strong>omnia</strong></span> <span class='ocrx_word' id='word_1_177' title='bbox 1168 2746 1378 2813; x_wconf 79' lang='lat' dir='ltr'><strong>fulgura</strong></span> <span class='ocrx_word' id='word_1_178' title='bbox 1414 2749 1613 2812; x_wconf 87' lang='lat' dir='ltr'><strong>pallent</strong></span> 
     </span>
     <span class='ocr_line' id='line_1_33' title="bbox 542 2820 1612 2892; baseline 0.005 -22"><span class='ocrx_word' id='word_1_179' title='bbox 542 2820 672 2871; x_wconf 86' lang='lat' dir='ltr'><strong>Cum</strong></span> <span class='ocrx_word' id='word_1_180' title='bbox 694 2829 876 2873; x_wconf 85' lang='lat' dir='ltr'><strong>tonat:</strong></span> <span class='ocrx_word' id='word_1_181' title='bbox 914 2825 1174 2875; x_wconf 86' lang='lat' dir='ltr'><strong>exanimes</strong></span> <span class='ocrx_word' id='word_1_182' title='bbox 1209 2826 1376 2890; x_wconf 88' lang='lat' dir='ltr'><strong>primo</strong></span> <span class='ocrx_word' id='word_1_183' title='bbox 1405 2841 1612 2892; x_wconf 81' lang='lat' dir='ltr'><strong>quoque</strong></span> 
     </span>
     <span class='ocr_line' id='line_1_34' title="bbox 543 2901 1611 2967; baseline 0.006 -21"><span class='ocrx_word' id='word_1_184' title='bbox 543 2912 803 2949; x_wconf 78' lang='lat' dir='ltr'><strong>murmure</strong></span> <span class='ocrx_word' id='word_1_185' title='bbox 835 2901 981 2951; x_wconf 81' lang='lat' dir='ltr'><strong>coeli:</strong></span> <span class='ocrx_word' id='word_1_186' title='bbox 1021 2902 1139 2952; x_wconf 87' lang='lat' dir='ltr'><strong>Nou</strong></span> <span class='ocrx_word' id='word_1_187' title='bbox 1175 2902 1327 2967; x_wconf 82' lang='lat' dir='ltr'><strong>quasi</strong></span> <span class='ocrx_word' id='word_1_188' title='bbox 1361 2901 1611 2953; x_wconf 78' lang='lat' dir='ltr'><strong>fortuitus</strong></span> 
     </span>
     <span class='ocr_line' id='line_1_35' title="bbox 542 2978 1614 3041; baseline 0.006 -18"><span class='ocrx_word' id='word_1_189' title='bbox 542 2989 640 3026; x_wconf 86' lang='lat' dir='ltr'><strong>nec</strong></span> <span class='ocrx_word' id='word_1_190' title='bbox 663 2981 931 3027; x_wconf 82' lang='lat' dir='ltr'><strong>ventorum</strong></span> <span class='ocrx_word' id='word_1_191' title='bbox 957 2978 1119 3041; x_wconf 84' lang='lat' dir='ltr'><strong>rabie,</strong></span> <span class='ocrx_word' id='word_1_192' title='bbox 1141 2978 1231 3027; x_wconf 79' lang='lat' dir='ltr'><strong>sed</strong></span> <span class='ocrx_word' id='word_1_193' title='bbox 1257 2979 1433 3028; x_wconf 85' lang='lat' dir='ltr'><strong>Iratus</strong></span> <span class='ocrx_word' id='word_1_194' title='bbox 1456 2978 1614 3029; x_wconf 84' lang='lat' dir='ltr'><strong>cadat</strong></span> 
     </span>
     <span class='ocr_line' id='line_1_36' title="bbox 542 3052 1613 3119; baseline 0.003 -18"><span class='ocrx_word' id='word_1_195' title='bbox 542 3052 595 3101; x_wconf 90' lang='lat' dir='ltr'><strong>in</strong></span> <span class='ocrx_word' id='word_1_196' title='bbox 632 3058 796 3103; x_wconf 82' lang='lat' dir='ltr'><strong>terras</strong></span> <span class='ocrx_word' id='word_1_197' title='bbox 834 3061 890 3103; x_wconf 90' lang='lat' dir='ltr'><strong>et</strong></span> <span class='ocrx_word' id='word_1_198' title='bbox 914 3054 1123 3119; x_wconf 78' lang='lat' dir='ltr'><strong>judicet</strong></span> <span class='ocrx_word' id='word_1_199' title='bbox 1156 3052 1326 3117; x_wconf 63' lang='lat' dir='ltr'><strong>ignis?</strong></span> <span class='ocrx_word' id='word_1_200' title='bbox 1393 3054 1613 3104; x_wconf 82' lang='lat' dir='ltr'><strong>Fulmen</strong></span> 
     </span>
     <span class='ocr_line' id='line_1_37' title="bbox 545 3130 1616 3195; baseline 0.001 -17"><span class='ocrx_word' id='word_1_201' title='bbox 545 3136 717 3180; x_wconf 85' lang='lat' dir='ltr'><strong>autem</strong></span> <span class='ocrx_word' id='word_1_202' title='bbox 753 3138 809 3180; x_wconf 91' lang='lat' dir='ltr'><strong>et</strong></span> <span class='ocrx_word' id='word_1_203' title='bbox 848 3130 1021 3195; x_wconf 80' lang='lat' dir='ltr'><strong>fulgur</strong></span> <span class='ocrx_word' id='word_1_204' title='bbox 1056 3144 1157 3181; x_wconf 90' lang='lat' dir='ltr'><strong>non</strong></span> <span class='ocrx_word' id='word_1_205' title='bbox 1196 3132 1361 3180; x_wconf 83' lang='lat' dir='ltr'><strong>solum</strong></span> <span class='ocrx_word' id='word_1_206' title='bbox 1393 3130 1616 3195; x_wconf 86' lang='lat' dir='ltr'><strong>origine,</strong></span> 
     </span>
     <span class='ocr_line' id='line_1_38' title="bbox 546 3207 1615 3259; baseline 0.003 -5"><span class='ocrx_word' id='word_1_207' title='bbox 546 3221 719 3258; x_wconf 83' lang='lat' dir='ltr'><strong>verum</strong></span> <span class='ocrx_word' id='word_1_208' title='bbox 737 3209 894 3259; x_wconf 89' lang='lat' dir='ltr'><strong>etiam</strong></span> <span class='ocrx_word' id='word_1_209' title='bbox 914 3216 1102 3258; x_wconf 89' lang='lat' dir='ltr'><strong>natura</strong></span> <span class='ocrx_word' id='word_1_210' title='bbox 1119 3208 1453 3257; x_wconf 85' lang='lat' dir='ltr'><strong>conveniunt.</strong></span> <span class='ocrx_word' id='word_1_211' title='bbox 1478 3207 1615 3257; x_wconf 86' lang='lat' dir='ltr'><strong>Con-</strong></span> 
     </span>
     <span class='ocr_line' id='line_1_39' title="bbox 543 3283 1614 3350; baseline 0.003 -19"><span class='ocrx_word' id='word_1_212' title='bbox 543 3285 759 3334; x_wconf 83' lang='lat' dir='ltr'><strong>veniunt</strong></span> <span class='ocrx_word' id='word_1_213' title='bbox 781 3285 989 3350; x_wconf 87' lang='lat' dir='ltr'><strong>quidem</strong></span> <span class='ocrx_word' id='word_1_214' title='bbox 1012 3283 1232 3347; x_wconf 78' lang='lat' dir='ltr'><strong>origine,</strong></span> <span class='ocrx_word' id='word_1_215' title='bbox 1255 3283 1393 3349; x_wconf 89' lang='lat' dir='ltr'><strong>quod</strong></span> <span class='ocrx_word' id='word_1_216' title='bbox 1418 3291 1614 3334; x_wconf 88' lang='lat' dir='ltr'><strong>utrum·</strong></span> 
     </span>
     <span class='ocr_line' id='line_1_40' title="bbox 545 3359 1611 3423; baseline 0.002 -15"><span class='ocrx_word' id='word_1_217' title='bbox 545 3374 666 3423; x_wconf 88' lang='lat' dir='ltr'><strong>que,</strong></span> <span class='ocrx_word' id='word_1_218' title='bbox 683 3361 934 3410; x_wconf 76' lang='lat' dir='ltr'><strong>varronis</strong></span> <span class='ocrx_word' id='word_1_219' title='bbox 954 3359 1173 3410; x_wconf 84' lang='lat' dir='ltr'><strong>arbitrio</strong></span> <span class='ocrx_word' id='word_1_220' title='bbox 1196 3361 1248 3409; x_wconf 88' lang='lat' dir='ltr'><strong>in</strong></span> <span class='ocrx_word' id='word_1_221' title='bbox 1274 3374 1353 3411; x_wconf 77' lang='lat' dir='ltr'><strong>tv.</strong></span> <span class='ocrx_word' id='word_1_222' title='bbox 1374 3359 1442 3411; x_wconf 90' lang='lat' dir='ltr'><strong>de</strong></span> <span class='ocrx_word' id='word_1_223' title='bbox 1462 3361 1524 3411; x_wconf 87' lang='lat' dir='ltr'><strong>L.</strong></span> <span class='ocrx_word' id='word_1_224' title='bbox 1550 3360 1611 3410; x_wconf 84' lang='lat' dir='ltr'><strong>L.</strong></span> 
     </span>
     <span class='ocr_line' id='line_1_41' title="bbox 545 3437 1612 3503; baseline 0.002 -17"><span class='ocrx_word' id='word_1_225' title='bbox 545 3453 575 3486; x_wconf 82' lang='lat' dir='ltr'><strong>a</strong></span> <span class='ocrx_word' id='word_1_226' title='bbox 591 3441 607 3466; x_wconf 93' lang='lat'>‘</span> <span class='ocrx_word' id='word_1_227' title='bbox 623 3437 847 3503; x_wconf 79' lang='lat' dir='ltr'><strong>fulgore’</strong></span> <span class='ocrx_word' id='word_1_228' title='bbox 862 3439 1087 3488; x_wconf 82' lang='lat' dir='ltr'><strong>dicatur.</strong></span> <span class='ocrx_word' id='word_1_229' title='bbox 1112 3438 1438 3488; x_wconf 77' lang='lat' dir='ltr'><strong>Conveniunt</strong></span> <span class='ocrx_word' id='word_1_230' title='bbox 1453 3439 1612 3489; x_wconf 83' lang='lat' dir='ltr'><strong>etiam</strong></span> 
     </span>
     <span class='ocr_line' id='line_1_42' title="bbox 546 3512 1614 3582; baseline 0.002 -19"><span class='ocrx_word' id='word_1_231' title='bbox 546 3525 749 3579; x_wconf 81' lang='lat' dir='ltr'><strong>natura,</strong></span> <span class='ocrx_word' id='word_1_232' title='bbox 780 3515 919 3582; x_wconf 88' lang='lat' dir='ltr'><strong>quod</strong></span> <span class='ocrx_word' id='word_1_233' title='bbox 952 3521 1229 3580; x_wconf 88' lang='lat' dir='ltr'><strong>utrumque</strong></span> <span class='ocrx_word' id='word_1_234' title='bbox 1251 3516 1321 3566; x_wconf 81' lang='lat' dir='ltr'><strong>sit</strong></span> <span class='ocrx_word' id='word_1_235' title='bbox 1351 3512 1614 3566; x_wconf 73' lang='lat' dir='ltr'><strong>exhalatio</strong></span> 
     </span>
     <span class='ocr_line' id='line_1_43' title="bbox 546 3591 1617 3659; baseline 0.004 -19"><span class='ocrx_word' id='word_1_236' title='bbox 546 3605 785 3642; x_wconf 86' lang='lat' dir='ltr'><strong>accensa.</strong></span> <span class='ocrx_word' id='word_1_237' title='bbox 853 3592 927 3643; x_wconf 85' lang='lat' dir='ltr'><strong>At</strong></span> <span class='ocrx_word' id='word_1_238' title='bbox 967 3591 1232 3657; x_wconf 85' lang='lat' dir='ltr'><strong>differunt,</strong></span> <span class='ocrx_word' id='word_1_239' title='bbox 1268 3593 1406 3659; x_wconf 90' lang='lat' dir='ltr'><strong>quod</strong></span> <span class='ocrx_word' id='word_1_240' title='bbox 1440 3592 1617 3658; x_wconf 77' lang='lat' dir='ltr'><strong>fulgur</strong></span> 
     </span>
     <span class='ocr_line' id='line_1_44' title="bbox 547 3666 1614 3734; baseline 0.004 -18"><span class='ocrx_word' id='word_1_241' title='bbox 547 3668 631 3717; x_wconf 81' lang='lat' dir='ltr'><strong>vix</strong></span> <span class='ocrx_word' id='word_1_242' title='bbox 666 3676 863 3730; x_wconf 88' lang='lat' dir='ltr'><strong>natum,</strong></span> <span class='ocrx_word' id='word_1_243' title='bbox 900 3670 1069 3733; x_wconf 85' lang='lat' dir='ltr'><strong>perit:</strong></span> <span class='ocrx_word' id='word_1_244' title='bbox 1103 3666 1300 3720; x_wconf 84' lang='lat' dir='ltr'><strong>fulmen</strong></span> <span class='ocrx_word' id='word_1_245' title='bbox 1335 3684 1438 3720; x_wconf 88' lang='lat' dir='ltr'><strong>uon</strong></span> <span class='ocrx_word' id='word_1_246' title='bbox 1470 3670 1614 3734; x_wconf 73' lang='lat' dir='ltr'><strong>prius</strong></span> 
     </span>
     <span class='ocr_line' id='line_1_45' title="bbox 546 3744 1614 3812; baseline 0.004 -19"><span class='ocrx_word' id='word_1_247' title='bbox 546 3745 887 3810; x_wconf 77' lang='lat' dir='ltr'><strong>extinguitur,</strong></span> <span class='ocrx_word' id='word_1_248' title='bbox 931 3760 1084 3810; x_wconf 87' lang='lat' dir='ltr'><strong>quam</strong></span> <span class='ocrx_word' id='word_1_249' title='bbox 1130 3744 1199 3795; x_wconf 89' lang='lat' dir='ltr'><strong>ad</strong></span> <span class='ocrx_word' id='word_1_250' title='bbox 1238 3752 1406 3796; x_wconf 87' lang='lat' dir='ltr'><strong>terras</strong></span> <span class='ocrx_word' id='word_1_251' title='bbox 1448 3762 1614 3812; x_wconf 84' lang='lat' dir='ltr'><strong>usque</strong></span> 
     </span>
     <span class='ocr_line' id='line_1_46' title="bbox 547 3822 1614 3890; baseline 0.004 -21"><span class='ocrx_word' id='word_1_252' title='bbox 547 3822 865 3885; x_wconf 84' lang='lat' dir='ltr'><strong>pervenerit,</strong></span> <span class='ocrx_word' id='word_1_253' title='bbox 884 3823 1050 3873; x_wconf 83' lang='lat' dir='ltr'><strong>simile</strong></span> <span class='ocrx_word' id='word_1_254' title='bbox 1066 3822 1144 3873; x_wconf 82' lang='lat' dir='ltr'><strong>bis</strong></span> <span class='ocrx_word' id='word_1_255' title='bbox 1166 3824 1353 3887; x_wconf 84' lang='lat' dir='ltr'><strong>stellis,</strong></span> <span class='ocrx_word' id='word_1_256' title='bbox 1370 3839 1516 3890; x_wconf 85' lang='lat' dir='ltr'><strong>quas,</strong></span> <span class='ocrx_word' id='word_1_257' title='bbox 1538 3825 1614 3874; x_wconf 84' lang='lat' dir='ltr'><strong>in-</strong></span> 
     </span>
     <span class='ocr_line' id='line_1_47' title="bbox 548 3898 1617 3964; baseline 0.005 -18"><span class='ocrx_word' id='word_1_258' title='bbox 548 3899 660 3962; x_wconf 83' lang='lat' dir='ltr'><strong>quit</strong></span> <span class='ocrx_word' id='word_1_259' title='bbox 679 3898 867 3964; x_wconf 80' lang='lat' dir='ltr'><strong>Virgil.</strong></span> <span class='ocrx_word' id='word_1_260' title='bbox 892 3914 932 3951; x_wconf 85' lang='lat' dir='ltr'><strong>r.</strong></span> <span class='ocrx_word' id='word_1_261' title='bbox 967 3900 1126 3956; x_wconf 82' lang='lat' dir='ltr'><strong>Geor.</strong></span> <span class='ocrx_word' id='word_1_262' title='bbox 1149 3917 1224 3951; x_wconf 85' lang='lat' dir='ltr'><strong>vs.</strong></span> <span class='ocrx_word' id='word_1_263' title='bbox 1249 3906 1364 3952; x_wconf 71' lang='lat'><strong>865.</strong></span> <span class='ocrx_word' id='word_1_264' title='bbox 1400 3903 1416 3931; x_wconf 92' lang='lat'>‘</span> <span class='ocrx_word' id='word_1_265' title='bbox 1441 3903 1617 3952; x_wconf 85' lang='lat' dir='ltr'><strong>Vento</strong></span> 
     </span>
     <span class='ocr_line' id='line_1_48' title="bbox 549 3974 1614 4044; baseline 0.005 -21"><span class='ocrx_word' id='word_1_266' title='bbox 549 3974 886 4038; x_wconf 80' lang='lat' dir='ltr'><strong>impendente</strong></span> <span class='ocrx_word' id='word_1_267' title='bbox 910 3976 1112 4028; x_wconf 84' lang='lat' dir='ltr'><strong>videbis</strong></span> <span class='ocrx_word' id='word_1_268' title='bbox 1147 3979 1460 4044; x_wconf 83' lang='lat' dir='ltr'><strong>Praecipites</strong></span> <span class='ocrx_word' id='word_1_269' title='bbox 1483 3978 1614 4028; x_wconf 87' lang='lat' dir='ltr'><strong>coelo</strong></span> 
     </span>
     <span class='ocr_line' id='line_1_49' title="bbox 548 4051 1614 4119; baseline 0.006 -21"><span class='ocrx_word' id='word_1_270' title='bbox 548 4051 674 4113; x_wconf 78' lang='lat' dir='ltr'><strong>labi,</strong></span> <span class='ocrx_word' id='word_1_271' title='bbox 699 4053 973 4118; x_wconf 86' lang='lat' dir='ltr'><strong>noctisque</strong></span> <span class='ocrx_word' id='word_1_272' title='bbox 996 4069 1093 4119; x_wconf 86' lang='lat' dir='ltr'><strong>per</strong></span> <span class='ocrx_word' id='word_1_273' title='bbox 1125 4056 1331 4106; x_wconf 85' lang='lat' dir='ltr'><strong>umbras</strong></span> <span class='ocrx_word' id='word_1_274' title='bbox 1356 4056 1614 4105; x_wconf 86' lang='lat' dir='ltr'><strong>Flamma-</strong></span> 
     </span>
     <span class='ocr_line' id='line_1_50' title="bbox 549 4130 1617 4195; baseline 0.007 -20"><span class='ocrx_word' id='word_1_275' title='bbox 549 4140 661 4177; x_wconf 85' lang='lat' dir='ltr'><strong>rum</strong></span> <span class='ocrx_word' id='word_1_276' title='bbox 687 4130 862 4193; x_wconf 79' lang='lat' dir='ltr'><strong>longos</strong></span> <span class='ocrx_word' id='word_1_277' title='bbox 878 4145 909 4180; x_wconf 94' lang='lat' dir='ltr'><strong>a</strong></span> <span class='ocrx_word' id='word_1_278' title='bbox 923 4137 1072 4195; x_wconf 85' lang='lat' dir='ltr'><strong>tergo</strong></span> <span class='ocrx_word' id='word_1_279' title='bbox 1095 4131 1361 4181; x_wconf 81' lang='lat' dir='ltr'><strong>albescere</strong></span> <span class='ocrx_word' id='word_1_280' title='bbox 1381 4133 1617 4183; x_wconf 64' lang='lat' dir='ltr'><strong>tractus!</strong></span> 
     </span>
     <span class='ocr_line' id='line_1_51' title="bbox 548 4202 1616 4269; baseline 0.004 -17"><span class='ocrx_word' id='word_1_281' title='bbox 548 4202 846 4269; x_wconf 87' lang='lat' dir='ltr'><strong>Propterea</strong></span> <span class='ocrx_word' id='word_1_282' title='bbox 887 4206 1179 4255; x_wconf 87' lang='lat' dir='ltr'><strong>nominatur</strong></span> <span class='ocrx_word' id='word_1_283' title='bbox 1221 4206 1305 4255; x_wconf 86' lang='lat' dir='ltr'><strong>bic</strong></span> <span class='ocrx_word' id='word_1_284' title='bbox 1344 4207 1359 4235; x_wconf 79' lang='lat'>⁸</span> <span class='ocrx_word' id='word_1_285' title='bbox 1397 4206 1481 4256; x_wconf 86' lang='lat' dir='ltr'><strong>via</strong></span> <span class='ocrx_word' id='word_1_286' title='bbox 1515 4205 1616 4256; x_wconf 83' lang='lat' dir='ltr'><strong>ful·</strong></span> 
     </span>
     <span class='ocr_line' id='line_1_52' title="bbox 549 4272 1613 4347; baseline 0.006 -19"><span class='ocrx_word' id='word_1_287' title='bbox 549 4279 700 4331; x_wconf 83' lang='lat' dir='ltr'><strong>minis</strong></span> <span class='ocrx_word' id='word_1_288' title='bbox 752 4280 1024 4344; x_wconf 69' lang='lat' dir='ltr'><strong>ardentiS,’</strong></span> <span class='ocrx_word' id='word_1_289' title='bbox 1080 4280 1368 4347; x_wconf 86' lang='lat' dir='ltr'><strong>diciturque</strong></span> <span class='ocrx_word' id='word_1_290' title='bbox 1416 4272 1613 4334; x_wconf 77' lang='lat' dir='ltr'><strong>fulmen</strong></span> 
     </span>
    </p>
   </div>
   <div class='ocr_carea' id='block_1_15' title="bbox 1685 1823 2767 4272">
    <p class='ocr_par' dir='ltr' id='par_1_15' title="bbox 1685 1823 2765 3274">
     <span class='ocr_line' id='line_1_53' title="bbox 1687 1823 2758 1892; baseline -0.002 -18"><span class='ocrx_word' id='word_1_291' title='bbox 1687 1826 1770 1875; x_wconf 81' lang='lat' dir='ltr'><strong>vin</strong></span> <span class='ocrx_word' id='word_1_292' title='bbox 1790 1826 1867 1876; x_wconf 86' lang='lat' dir='ltr'><strong>sic</strong></span> <span class='ocrx_word' id='word_1_293' title='bbox 1901 1825 2114 1892; x_wconf 90' lang='lat' dir='ltr'><strong>obliqua</strong></span> <span class='ocrx_word' id='word_1_294' title='bbox 2145 1833 2245 1889; x_wconf 79' lang='lat' dir='ltr'><strong>est,</strong></span> <span class='ocrx_word' id='word_1_295' title='bbox 2274 1824 2404 1876; x_wconf 89' lang='lat' dir='ltr'><strong>illud</strong></span> <span class='ocrx_word' id='word_1_296' title='bbox 2437 1830 2495 1873; x_wconf 94' lang='lat' dir='ltr'><strong>ut</strong></span> <span class='ocrx_word' id='word_1_297' title='bbox 2517 1823 2758 1873; x_wconf 78' lang='lat' dir='ltr'><strong>sublimia</strong></span> 
     </span>
     <span class='ocr_line' id='line_1_54' title="bbox 1688 1900 2755 1967; baseline -0.002 -17"><span class='ocrx_word' id='word_1_298' title='bbox 1688 1902 1864 1967; x_wconf 88' lang='lat' dir='ltr'><strong>potius</strong></span> <span class='ocrx_word' id='word_1_299' title='bbox 1891 1917 2043 1967; x_wconf 86' lang='lat' dir='ltr'><strong>quam</strong></span> <span class='ocrx_word' id='word_1_300' title='bbox 2071 1901 2286 1951; x_wconf 84' lang='lat' dir='ltr'><strong>humilia</strong></span> <span class='ocrx_word' id='word_1_301' title='bbox 2309 1900 2409 1952; x_wconf 87' lang='lat' dir='ltr'><strong>sibi</strong></span> <span class='ocrx_word' id='word_1_302' title='bbox 2432 1900 2755 1951; x_wconf 65' lang='lat' dir='ltr'><strong>obviam‘ba-</strong></span> 
     </span>
     <span class='ocr_line' id='line_1_55' title="bbox 1686 1975 2756 2040; baseline -0.004 -11"><span class='ocrx_word' id='word_1_303' title='bbox 1686 1978 1828 2030; x_wconf 85' lang='lat' dir='ltr'><strong>beat.</strong></span> <span class='ocrx_word' id='word_1_304' title='bbox 1896 1979 1950 2028; x_wconf 91' lang='lat' dir='ltr'><strong>Si</strong></span> <span class='ocrx_word' id='word_1_305' title='bbox 1975 1993 2096 2028; x_wconf 83' lang='lat' dir='ltr'><strong>vero</strong></span> <span class='ocrx_word' id='word_1_306' title='bbox 2131 1979 2385 2027; x_wconf 73' lang='lat' dir='ltr'><strong>alternmz</strong></span> <span class='ocrx_word' id='word_1_307' title='bbox 2422 1975 2756 2040; x_wconf 83' lang='lat' dir='ltr'><strong>quemadmo-</strong></span> 
     </span>
     <span class='ocr_line' id='line_1_56' title="bbox 1685 2052 2754 2120; baseline -0.005 -13"><span class='ocrx_word' id='word_1_308' title='bbox 1685 2056 1808 2107; x_wconf 86' lang='lat' dir='ltr'><strong>dum</strong></span> <span class='ocrx_word' id='word_1_309' title='bbox 1842 2069 2040 2120; x_wconf 86' lang='lat' dir='ltr'><strong>mensa,</strong></span> <span class='ocrx_word' id='word_1_310' title='bbox 2055 2055 2199 2105; x_wconf 89' lang='lat' dir='ltr'><strong>corio</strong></span> <span class='ocrx_word' id='word_1_311' title='bbox 2234 2054 2522 2119; x_wconf 82' lang='lat' dir='ltr'><strong>supposita,</strong></span> <span class='ocrx_word' id='word_1_312' title='bbox 2554 2052 2754 2103; x_wconf 85' lang='lat' dir='ltr'><strong>corium</strong></span> 
     </span>
     <span class='ocr_line' id='line_1_57' title="bbox 1687 2131 2761 2198; baseline -0.006 -14"><span class='ocrx_word' id='word_1_313' title='bbox 1687 2133 1861 2184; x_wconf 88' lang='lat' dir='ltr'><strong>reddit</strong></span> <span class='ocrx_word' id='word_1_314' title='bbox 1887 2131 2159 2198; x_wconf 69' lang='lat' dir='ltr'><strong>pel-foratu</strong></span> <span class='ocrx_word' id='word_1_315' title='bbox 2180 2131 2418 2193; x_wconf 78' lang='lat' dir='ltr'><strong>faciliu83</strong></span> <span class='ocrx_word' id='word_1_316' title='bbox 2450 2131 2528 2180; x_wconf 82' lang='lat' dir='ltr'><strong>sic</strong></span> <span class='ocrx_word' id='word_1_317' title='bbox 2548 2143 2761 2192; x_wconf 81' lang='lat' dir='ltr'><strong>corpus,</strong></span> 
     </span>
     <span class='ocr_line' id='line_1_58' title="bbox 1688 2206 2758 2273; baseline -0.007 -12"><span class='ocrx_word' id='word_1_318' title='bbox 1688 2212 1905 2261; x_wconf 72' lang='lat' dir='ltr'><strong>sublime</strong></span> <span class='ocrx_word' id='word_1_319' title='bbox 1926 2208 2053 2259; x_wconf 88' lang='lat' dir='ltr'><strong>nubi</strong></span> <span class='ocrx_word' id='word_1_320' title='bbox 2073 2209 2390 2273; x_wconf 80' lang='lat' dir='ltr'><strong>subjectum,</strong></span> <span class='ocrx_word' id='word_1_321' title='bbox 2420 2206 2631 2267; x_wconf 83' lang='lat' dir='ltr'><strong>nubem,</strong></span> <span class='ocrx_word' id='word_1_322' title='bbox 2655 2221 2758 2270; x_wconf 89' lang='lat' dir='ltr'><strong>qua</strong></span> 
     </span>
     <span class='ocr_line' id='line_1_59' title="bbox 1688 2281 2759 2350; baseline -0.007 -13"><span class='ocrx_word' id='word_1_323' title='bbox 1688 2288 1816 2338; x_wconf 84' lang='lat' dir='ltr'><strong>mud</strong></span> <span class='ocrx_word' id='word_1_324' title='bbox 1859 2287 1978 2337; x_wconf 84' lang='lat' dir='ltr'><strong>huic</strong></span> <span class='ocrx_word' id='word_1_325' title='bbox 2017 2284 2322 2350; x_wconf 77' lang='lat' dir='ltr'><strong>respondet,</strong></span> <span class='ocrx_word' id='word_1_326' title='bbox 2373 2283 2552 2334; x_wconf 85' lang='lat' dir='ltr'><strong>reddit</strong></span> <span class='ocrx_word' id='word_1_327' title='bbox 2597 2281 2759 2347; x_wconf 83' lang='lat' dir='ltr'><strong>fragi-</strong></span> 
     </span>
     <span class='ocr_line' id='line_1_60' title="bbox 1688 2359 2758 2427; baseline -0.006 -14"><span class='ocrx_word' id='word_1_328' title='bbox 1688 2365 1893 2426; x_wconf 86' lang='lat' dir='ltr'><strong>liorem,</strong></span> <span class='ocrx_word' id='word_1_329' title='bbox 1914 2363 2148 2427; x_wconf 85' lang='lat' dir='ltr'><strong>adeoque</strong></span> <span class='ocrx_word' id='word_1_330' title='bbox 2172 2361 2307 2411; x_wconf 84' lang='lat' dir='ltr'><strong>viam</strong></span> <span class='ocrx_word' id='word_1_331' title='bbox 2330 2359 2430 2410; x_wconf 84' lang='lat' dir='ltr'><strong>sibi</strong></span> <span class='ocrx_word' id='word_1_332' title='bbox 2453 2365 2625 2424; x_wconf 89' lang='lat' dir='ltr'><strong>parat,</strong></span> <span class='ocrx_word' id='word_1_333' title='bbox 2652 2374 2758 2423; x_wconf 84' lang='lat' dir='ltr'><strong>qua</strong></span> 
     </span>
     <span class='ocr_line' id='line_1_61' title="bbox 1689 2436 2756 2504; baseline -0.006 -12"><span class='ocrx_word' id='word_1_334' title='bbox 1689 2439 1908 2492; x_wconf 88' lang='lat' dir='ltr'><strong>fulmine</strong></span> <span class='ocrx_word' id='word_1_335' title='bbox 1929 2446 2115 2490; x_wconf 88' lang='lat' dir='ltr'><strong>ruente</strong></span> <span class='ocrx_word' id='word_1_336' title='bbox 2149 2437 2494 2504; x_wconf 84' lang='lat' dir='ltr'><strong>percutiatur.</strong></span> <span class='ocrx_word' id='word_1_337' title='bbox 2561 2436 2756 2486; x_wconf 83' lang='lat' dir='ltr'><strong>Verum</strong></span> 
     </span>
     <span class='ocr_line' id='line_1_62' title="bbox 1689 2513 2757 2580; baseline -0.006 -13"><span class='ocrx_word' id='word_1_338' title='bbox 1689 2532 1787 2567; x_wconf 88' lang='lat' dir='ltr'><strong>nec</strong></span> <span class='ocrx_word' id='word_1_339' title='bbox 1838 2516 2034 2567; x_wconf 84' lang='lat' dir='ltr'><strong>fulmen</strong></span> <span class='ocrx_word' id='word_1_340' title='bbox 2072 2515 2203 2566; x_wconf 88' lang='lat' dir='ltr'><strong>illud</strong></span> <span class='ocrx_word' id='word_1_341' title='bbox 2247 2523 2426 2580; x_wconf 85' lang='lat' dir='ltr'><strong>potest</strong></span> <span class='ocrx_word' id='word_1_342' title='bbox 2457 2514 2647 2563; x_wconf 86' lang='lat' dir='ltr'><strong>malum</strong></span> <span class='ocrx_word' id='word_1_343' title='bbox 2681 2513 2757 2561; x_wconf 85' lang='lat' dir='ltr'><strong>in-</strong></span> 
     </span>
     <span class='ocr_line' id='line_1_63' title="bbox 1690 2593 2758 2659; baseline -0.005 -16"><span class='ocrx_word' id='word_1_344' title='bbox 1690 2593 1833 2644; x_wconf 88' lang='lat' dir='ltr'><strong>ferre</strong></span> <span class='ocrx_word' id='word_1_345' title='bbox 1857 2593 2065 2659; x_wconf 83' lang='lat' dir='ltr'><strong>gravius</strong></span> <span class='ocrx_word' id='word_1_346' title='bbox 2095 2600 2284 2656; x_wconf 87' lang='lat' dir='ltr'><strong>morte,</strong></span> <span class='ocrx_word' id='word_1_347' title='bbox 2318 2607 2479 2656; x_wconf 83' lang='lat' dir='ltr'><strong>quam</strong></span> <span class='ocrx_word' id='word_1_348' title='bbox 2505 2605 2624 2641; x_wconf 84' lang='lat' dir='ltr'><strong>eum</strong></span> <span class='ocrx_word' id='word_1_349' title='bbox 2657 2603 2758 2639; x_wconf 89' lang='lat' dir='ltr'><strong>nou</strong></span> 
     </span>
     <span class='ocr_line' id='line_1_64' title="bbox 1692 2665 2762 2736; baseline -0.006 -15"><span class='ocrx_word' id='word_1_350' title='bbox 1692 2678 1897 2721; x_wconf 88' lang='lat' dir='ltr'><strong>metuat</strong></span> <span class='ocrx_word' id='word_1_351' title='bbox 1919 2671 2030 2732; x_wconf 90' lang='lat' dir='ltr'><strong>ille,</strong></span> <span class='ocrx_word' id='word_1_352' title='bbox 2049 2669 2117 2720; x_wconf 92' lang='lat' dir='ltr'><strong>de</strong></span> <span class='ocrx_word' id='word_1_353' title='bbox 2149 2684 2253 2736; x_wconf 88' lang='lat' dir='ltr'><strong>quo</strong></span> <span class='ocrx_word' id='word_1_354' title='bbox 2286 2683 2422 2718; x_wconf 84' lang='lat' dir='ltr'><strong>nune</strong></span> <span class='ocrx_word' id='word_1_355' title='bbox 2459 2667 2653 2732; x_wconf 82' lang='lat' dir='ltr'><strong>agitur,</strong></span> <span class='ocrx_word' id='word_1_356' title='bbox 2683 2665 2762 2735; x_wconf 82' lang='lat' dir='ltr'><strong>id·</strong></span> 
     </span>
     <span class='ocr_line' id='line_1_65' title="bbox 1693 2743 2760 2799; baseline -0.007 0"><span class='ocrx_word' id='word_1_357' title='bbox 1693 2749 1836 2799; x_wconf 83' lang='lat' dir='ltr'><strong>circo</strong></span> <span class='ocrx_word' id='word_1_358' title='bbox 1859 2763 1959 2798; x_wconf 88' lang='lat' dir='ltr'><strong>nec</strong></span> <span class='ocrx_word' id='word_1_359' title='bbox 1990 2745 2210 2798; x_wconf 83' lang='lat' dir='ltr'><strong>fulmine</strong></span> <span class='ocrx_word' id='word_1_360' title='bbox 2241 2753 2503 2796; x_wconf 87' lang='lat' dir='ltr'><strong>movetur.</strong></span> <span class='ocrx_word' id='word_1_361' title='bbox 2571 2743 2760 2794; x_wconf 88' lang='lat' dir='ltr'><strong>Senee.</strong></span> 
     </span>
     <span class='ocr_line' id='line_1_66' title="bbox 1692 2817 2763 2889; baseline -0.007 -16"><span class='ocrx_word' id='word_1_362' title='bbox 1692 2824 1748 2874; x_wconf 88' lang='lat' dir='ltr'><strong>in</strong></span> <span class='ocrx_word' id='word_1_363' title='bbox 1785 2825 1999 2889; x_wconf 80' lang='lat' dir='ltr'><strong>Thyest.</strong></span> <span class='ocrx_word' id='word_1_364' title='bbox 2040 2837 2117 2873; x_wconf 82' lang='lat' dir='ltr'><strong>vs.</strong></span> <span class='ocrx_word' id='word_1_365' title='bbox 2158 2825 2275 2872; x_wconf 71' lang='grc'><strong>347.</strong></span> <span class='ocrx_word' id='word_1_366' title='bbox 2340 2821 2358 2849; x_wconf 88' lang='lat'>‘</span> <span class='ocrx_word' id='word_1_367' title='bbox 2395 2821 2508 2870; x_wconf 83' lang='lat' dir='ltr'><strong>Rex</strong></span> <span class='ocrx_word' id='word_1_368' title='bbox 2550 2824 2631 2869; x_wconf 82' lang='lat' dir='ltr'><strong>est</strong></span> <span class='ocrx_word' id='word_1_369' title='bbox 2673 2817 2763 2882; x_wconf 85' lang='lat' dir='ltr'><strong>qui</strong></span> 
     </span>
     <span class='ocr_line' id='line_1_67' title="bbox 1696 2901 2762 2969; baseline -0.006 -16"><span class='ocrx_word' id='word_1_370' title='bbox 1696 2904 1873 2969; x_wconf 85' lang='lat' dir='ltr'><strong>posuit</strong></span> <span class='ocrx_word' id='word_1_371' title='bbox 1908 2908 2080 2955; x_wconf 88' lang='lat' dir='ltr'><strong>metus</strong></span> <span class='ocrx_word' id='word_1_372' title='bbox 2106 2935 2123 2950; x_wconf 90' lang='lat'><strong>.</strong></span> <span class='ocrx_word' id='word_1_373' title='bbox 2141 2935 2156 2950; x_wconf 89' lang='lat'><strong>.</strong></span> <span class='ocrx_word' id='word_1_374' title='bbox 2180 2932 2194 2949; x_wconf 89' lang='grc'><strong>.</strong></span> <span class='ocrx_word' id='word_1_375' title='bbox 2218 2901 2386 2953; x_wconf 83' lang='lat' dir='ltr'><strong>Quem</strong></span> <span class='ocrx_word' id='word_1_376' title='bbox 2430 2912 2533 2949; x_wconf 87' lang='lat' dir='ltr'><strong>non</strong></span> <span class='ocrx_word' id='word_1_377' title='bbox 2570 2912 2762 2948; x_wconf 81' lang='lat' dir='ltr'><strong>eoncu-</strong></span> 
     </span>
     <span class='ocr_line' id='line_1_68' title="bbox 1695 2974 2765 3045; baseline -0.007 -14"><span class='ocrx_word' id='word_1_378' title='bbox 1695 2981 1794 3031; x_wconf 89' lang='lat' dir='ltr'><strong>tiet</strong></span> <span class='ocrx_word' id='word_1_379' title='bbox 1827 2981 2020 3030; x_wconf 81' lang='lat' dir='ltr'><strong>cadens</strong></span> <span class='ocrx_word' id='word_1_380' title='bbox 2044 2977 2264 3045; x_wconf 87' lang='lat' dir='ltr'><strong>Obliqui</strong></span> <span class='ocrx_word' id='word_1_381' title='bbox 2297 2976 2384 3026; x_wconf 82' lang='lat' dir='ltr'><strong>via</strong></span> <span class='ocrx_word' id='word_1_382' title='bbox 2414 2974 2645 3026; x_wconf 73' lang='lat' dir='ltr'><strong>fulminis</strong></span> <span class='ocrx_word' id='word_1_383' title='bbox 2673 3011 2686 3026; x_wconf 92' lang='lat'><em>.</em></span> <span class='ocrx_word' id='word_1_384' title='bbox 2712 3011 2726 3026; x_wconf 87' lang='lat'><strong>.</strong></span> <span class='ocrx_word' id='word_1_385' title='bbox 2751 3008 2765 3023; x_wconf 90' lang='lat'><strong>.</strong></span> 
     </span>
     <span class='ocr_line' id='line_1_69' title="bbox 1696 3051 2764 3122; baseline -0.008 -12"><span class='ocrx_word' id='word_1_386' title='bbox 1696 3057 1819 3121; x_wconf 84' lang='lat' dir='ltr'><strong>Qui,</strong></span> <span class='ocrx_word' id='word_1_387' title='bbox 1842 3063 1956 3108; x_wconf 88' lang='lat' dir='ltr'><strong>tuto</strong></span> <span class='ocrx_word' id='word_1_388' title='bbox 1981 3056 2178 3122; x_wconf 85' lang='lat' dir='ltr'><strong>positus</strong></span> <span class='ocrx_word' id='word_1_389' title='bbox 2211 3056 2348 3118; x_wconf 88' lang='lat' dir='ltr'><strong>loco,</strong></span> <span class='ocrx_word' id='word_1_390' title='bbox 2365 3051 2516 3103; x_wconf 87' lang='lat' dir='ltr'><strong>Infra</strong></span> <span class='ocrx_word' id='word_1_391' title='bbox 2538 3067 2597 3103; x_wconf 87' lang='lat' dir='ltr'><strong>se</strong></span> <span class='ocrx_word' id='word_1_392' title='bbox 2617 3052 2764 3102; x_wconf 86' lang='lat' dir='ltr'><strong>videt</strong></span> 
     </span>
     <span class='ocr_line' id='line_1_70' title="bbox 1695 3129 2763 3197; baseline -0.006 -13"><span class='ocrx_word' id='word_1_393' title='bbox 1695 3134 1888 3197; x_wconf 88' lang='lat' dir='ltr'><strong>omnia,</strong></span> <span class='ocrx_word' id='word_1_394' title='bbox 1916 3133 2266 3197; x_wconf 81' lang='lat' dir='ltr'><strong>occurritque</strong></span> <span class='ocrx_word' id='word_1_395' title='bbox 2301 3146 2394 3181; x_wconf 83' lang='lat' dir='ltr'><strong>suo</strong></span> <span class='ocrx_word' id='word_1_396' title='bbox 2417 3130 2584 3180; x_wconf 86' lang='lat' dir='ltr'><strong>libens</strong></span> <span class='ocrx_word' id='word_1_397' title='bbox 2606 3129 2763 3193; x_wconf 77' lang='lat' dir='ltr'><strong>Fato,</strong></span> 
     </span>
     <span class='ocr_line' id='line_1_71' title="bbox 1696 3208 2239 3274; baseline 0.002 -15"><span class='ocrx_word' id='word_1_398' title='bbox 1696 3223 1793 3259; x_wconf 89' lang='lat' dir='ltr'><strong>nec</strong></span> <span class='ocrx_word' id='word_1_399' title='bbox 1816 3210 2050 3274; x_wconf 89' lang='lat' dir='ltr'><strong>queritur</strong></span> <span class='ocrx_word' id='word_1_400' title='bbox 2072 3208 2239 3261; x_wconf 86' lang='lat' dir='ltr'><strong>mori.&#39;</strong></span> 
     </span>
    </p>

    <p class='ocr_par' dir='ltr' id='par_1_16' title="bbox 1693 3284 2767 4272">
     <span class='ocr_line' id='line_1_72' title="bbox 1759 3284 2765 3353; baseline -0.006 -15"><span class='ocrx_word' id='word_1_401' title='bbox 1759 3293 1783 3322; x_wconf 79' lang='lat'><strong>¹¹</strong></span> <span class='ocrx_word' id='word_1_402' title='bbox 1809 3287 2087 3348; x_wconf 77' lang='lat' dir='ltr'><strong>Quidseros</strong></span> <span class='ocrx_word' id='word_1_403' title='bbox 2119 3285 2368 3353; x_wconf 77' lang='lat' dir='ltr'><strong>tyrannos]</strong></span> <span class='ocrx_word' id='word_1_404' title='bbox 2405 3284 2651 3350; x_wconf 89' lang='lat' dir='ltr'><strong>Denique</strong></span> <span class='ocrx_word' id='word_1_405' title='bbox 2675 3284 2765 3351; x_wconf 88' lang='lat' dir='ltr'><strong>qui</strong></span> 
     </span>
     <span class='ocr_line' id='line_1_73' title="bbox 1694 3360 2767 3427; baseline -0.001 -16"><span class='ocrx_word' id='word_1_406' title='bbox 1694 3376 1864 3427; x_wconf 88' lang='lat' dir='ltr'><strong>neque</strong></span> <span class='ocrx_word' id='word_1_407' title='bbox 1879 3361 2132 3413; x_wconf 84' lang='lat' dir='ltr'><strong>fluctuum</strong></span> <span class='ocrx_word' id='word_1_408' title='bbox 2149 3362 2465 3413; x_wconf 88' lang='lat' dir='ltr'><strong>marinorum</strong></span> <span class='ocrx_word' id='word_1_409' title='bbox 2481 3360 2767 3419; x_wconf 72' lang='lat' dir='ltr'><strong>furoribu8‚</strong></span> 
     </span>
     <span class='ocr_line' id='line_1_74' title="bbox 1693 3437 2765 3504; baseline -0.002 -16"><span class='ocrx_word' id='word_1_410' title='bbox 1693 3452 1863 3504; x_wconf 89' lang='lat' dir='ltr'><strong>neque</strong></span> <span class='ocrx_word' id='word_1_411' title='bbox 1885 3438 2080 3503; x_wconf 78' lang='lat' dir='ltr'><strong>ignium</strong></span> <span class='ocrx_word' id='word_1_412' title='bbox 2105 3438 2559 3489; x_wconf 81' lang='lat' dir='ltr'><strong>subterraneorum</strong></span> <span class='ocrx_word' id='word_1_413' title='bbox 2585 3437 2765 3487; x_wconf 87' lang='lat' dir='ltr'><strong>incen-</strong></span> 
     </span>
     <span class='ocr_line' id='line_1_75' title="bbox 1696 3514 2763 3581; baseline -0.002 -16"><span class='ocrx_word' id='word_1_414' title='bbox 1696 3516 1814 3579; x_wconf 85' lang='lat' dir='ltr'><strong>diis,</strong></span> <span class='ocrx_word' id='word_1_415' title='bbox 1837 3531 2007 3581; x_wconf 88' lang='lat' dir='ltr'><strong>neque</strong></span> <span class='ocrx_word' id='word_1_416' title='bbox 2039 3517 2190 3569; x_wconf 80' lang='lat' dir='ltr'><strong>Jovis</strong></span> <span class='ocrx_word' id='word_1_417' title='bbox 2218 3515 2541 3565; x_wconf 87' lang='lat' dir='ltr'><strong>fulminantis</strong></span> <span class='ocrx_word' id='word_1_418' title='bbox 2573 3514 2763 3564; x_wconf 87' lang='lat' dir='ltr'><strong>ictibus</strong></span> 
     </span>
     <span class='ocr_line' id='line_1_76' title="bbox 1697 3591 2765 3657; baseline -0.002 -16"><span class='ocrx_word' id='word_1_419' title='bbox 1697 3598 1945 3657; x_wconf 82' lang='lat' dir='ltr'><strong>terretur,</strong></span> <span class='ocrx_word' id='word_1_420' title='bbox 1962 3592 2046 3642; x_wconf 89' lang='lat' dir='ltr'><strong>hic</strong></span> <span class='ocrx_word' id='word_1_421' title='bbox 2082 3593 2243 3642; x_wconf 91' lang='lat' dir='ltr'><strong>multo</strong></span> <span class='ocrx_word' id='word_1_422' title='bbox 2274 3592 2443 3642; x_wconf 87' lang='lat' dir='ltr'><strong>minus</strong></span> <span class='ocrx_word' id='word_1_423' title='bbox 2474 3591 2662 3641; x_wconf 88' lang='lat' dir='ltr'><strong>metuit</strong></span> <span class='ocrx_word' id='word_1_424' title='bbox 2684 3598 2765 3654; x_wconf 50' lang='lat' dir='ltr'><strong>ty*-</strong></span> 
     </span>
     <span class='ocr_line' id='line_1_77' title="bbox 1696 3667 2767 3734; baseline -0.002 -16"><span class='ocrx_word' id='word_1_425' title='bbox 1696 3683 1907 3732; x_wconf 85' lang='lat' dir='ltr'><strong>rannos,</strong></span> <span class='ocrx_word' id='word_1_426' title='bbox 1940 3683 2157 3734; x_wconf 87' lang='lat' dir='ltr'><strong>quorum</strong></span> <span class='ocrx_word' id='word_1_427' title='bbox 2192 3670 2361 3719; x_wconf 84' lang='lat' dir='ltr'><strong>minor</strong></span> <span class='ocrx_word' id='word_1_428' title='bbox 2396 3684 2512 3719; x_wconf 85' lang='lat' dir='ltr'><strong>esse</strong></span> <span class='ocrx_word' id='word_1_429' title='bbox 2558 3667 2767 3717; x_wconf 85' lang='lat' dir='ltr'><strong>videtur</strong></span> 
     </span>
     <span class='ocr_line' id='line_1_78' title="bbox 1695 3744 2763 3811; baseline -0.002 -16"><span class='ocrx_word' id='word_1_430' title='bbox 1695 3746 1916 3795; x_wconf 86' lang='lat' dir='ltr'><strong>nocendi</strong></span> <span class='ocrx_word' id='word_1_431' title='bbox 1940 3752 2191 3810; x_wconf 72' lang='lat' dir='ltr'><strong>potestaS.</strong></span> <span class='ocrx_word' id='word_1_432' title='bbox 2253 3746 2270 3775; x_wconf 88' lang='lat'>‘</span> <span class='ocrx_word' id='word_1_433' title='bbox 2294 3744 2595 3811; x_wconf 82' lang='lat' dir='ltr'><strong>Tyrannus’</strong></span> <span class='ocrx_word' id='word_1_434' title='bbox 2621 3744 2763 3809; x_wconf 82' lang='lat' dir='ltr'><strong>apud</strong></span> 
     </span>
     <span class='ocr_line' id='line_1_79' title="bbox 1694 3821 2764 3887; baseline -0.003 -14"><span class='ocrx_word' id='word_1_435' title='bbox 1694 3824 1922 3874; x_wconf 75' lang='lat' dir='ltr'><strong>Veteres</strong></span> <span class='ocrx_word' id='word_1_436' title='bbox 1955 3822 2094 3872; x_wconf 89' lang='lat' dir='ltr'><strong>idem</strong></span> <span class='ocrx_word' id='word_1_437' title='bbox 2128 3827 2245 3873; x_wconf 86' lang='lat' dir='ltr'><strong>erat</strong></span> <span class='ocrx_word' id='word_1_438' title='bbox 2278 3822 2452 3887; x_wconf 86' lang='lat' dir='ltr'><strong>quod‘</strong></span> <span class='ocrx_word' id='word_1_439' title='bbox 2482 3821 2622 3872; x_wconf 80' lang='lat' dir='ltr'><strong>Rex&#39;</strong></span> <span class='ocrx_word' id='word_1_440' title='bbox 2654 3822 2764 3870; x_wconf 76' lang='lat' dir='ltr'><strong>sive</strong></span> 
     </span>
     <span class='ocr_line' id='line_1_80' title="bbox 1695 3899 2762 3967; baseline -0.005 -16"><span class='ocrx_word' id='word_1_441' title='bbox 1695 3902 1713 3930; x_wconf 75' lang='lat'><strong><em>⁶</em></strong></span> <span class='ocrx_word' id='word_1_442' title='bbox 1733 3901 1991 3966; x_wconf 81' lang='lat' dir='ltr'><strong>Princeps</strong></span> <span class='ocrx_word' id='word_1_443' title='bbox 2009 3901 2042 3952; x_wconf 68' lang='grc' dir='ltr'><strong>τ’</strong></span> <span class='ocrx_word' id='word_1_444' title='bbox 2074 3907 2230 3967; x_wconf 89' lang='lat' dir='ltr'><strong>atque</strong></span> <span class='ocrx_word' id='word_1_445' title='bbox 2266 3900 2341 3952; x_wconf 89' lang='lat' dir='ltr'><strong>ita</strong></span> <span class='ocrx_word' id='word_1_446' title='bbox 2374 3899 2514 3950; x_wconf 86' lang='lat' dir='ltr'><strong>forte</strong></span> <span class='ocrx_word' id='word_1_447' title='bbox 2547 3905 2762 3950; x_wconf 83' lang='lat' dir='ltr'><strong>vocatus</strong></span> 
     </span>
     <span class='ocr_line' id='line_1_81' title="bbox 1696 3973 2767 4036; baseline -0.006 -8"><span class='ocrx_word' id='word_1_448' title='bbox 1696 3992 1729 4028; x_wconf 87' lang='lat' dir='ltr'><strong>a</strong></span> <span class='ocrx_word' id='word_1_449' title='bbox 1763 3978 1991 4028; x_wconf 88' lang='lat' dir='ltr'><strong>turribus</strong></span> <span class='ocrx_word' id='word_1_450' title='bbox 2026 3978 2134 4027; x_wconf 86' lang='lat' dir='ltr'><strong>sive</strong></span> <span class='ocrx_word' id='word_1_451' title='bbox 2170 3976 2475 4026; x_wconf 76' lang='lat' dir='ltr'><strong>sublimibus</strong></span> <span class='ocrx_word' id='word_1_452' title='bbox 2510 3973 2767 4036; x_wconf 69' lang='lat' dir='ltr'><strong>aedificiis,</strong></span> 
     </span>
     <span class='ocr_line' id='line_1_82' title="bbox 1696 4052 2764 4119; baseline -0.005 -16"><span class='ocrx_word' id='word_1_453' title='bbox 1696 4055 1751 4103; x_wconf 90' lang='lat' dir='ltr'><strong>in</strong></span> <span class='ocrx_word' id='word_1_454' title='bbox 1767 4052 1953 4119; x_wconf 83' lang='lat' dir='ltr'><strong>quibus</strong></span> <span class='ocrx_word' id='word_1_455' title='bbox 1970 4068 2181 4104; x_wconf 88' lang='lat' dir='ltr'><strong>manere</strong></span> <span class='ocrx_word' id='word_1_456' title='bbox 2199 4055 2367 4104; x_wconf 89' lang='lat' dir='ltr'><strong>solent</strong></span> <span class='ocrx_word' id='word_1_457' title='bbox 2383 4054 2586 4116; x_wconf 84' lang='lat' dir='ltr'><strong>Reges:</strong></span> <span class='ocrx_word' id='word_1_458' title='bbox 2624 4052 2764 4101; x_wconf 90' lang='lat' dir='ltr'><strong>unde</strong></span> 
     </span>
     <span class='ocr_line' id='line_1_83' title="bbox 1696 4129 2766 4196; baseline -0.005 -16"><span class='ocrx_word' id='word_1_459' title='bbox 1696 4130 1949 4181; x_wconf 85' lang='lat' dir='ltr'><strong>Horatius</strong></span> <span class='ocrx_word' id='word_1_460' title='bbox 1973 4145 2259 4196; x_wconf 87' lang='lat' dir='ltr'><strong>pauperum</strong></span> <span class='ocrx_word' id='word_1_461' title='bbox 2276 4130 2521 4180; x_wconf 84' lang='lat' dir='ltr'><strong>tabernas</strong></span> <span class='ocrx_word' id='word_1_462' title='bbox 2540 4129 2766 4190; x_wconf 77' lang='lat' dir='ltr'><strong>Regum·</strong></span> 
     </span>
     <span class='ocr_line' id='line_1_84' title="bbox 1694 4203 2761 4272; baseline -0.003 -15"><span class='ocrx_word' id='word_1_463' title='bbox 1694 4222 1794 4272; x_wconf 87' lang='lat' dir='ltr'><strong>que</strong></span> <span class='ocrx_word' id='word_1_464' title='bbox 1818 4214 1986 4258; x_wconf 87' lang='lat' dir='ltr'><strong>turres</strong></span> <span class='ocrx_word' id='word_1_465' title='bbox 2017 4208 2237 4271; x_wconf 89' lang='lat' dir='ltr'><strong>opponit</strong></span> <span class='ocrx_word' id='word_1_466' title='bbox 2259 4207 2294 4258; x_wconf 90' lang='lat' dir='ltr'><strong>l.</strong></span> <span class='ocrx_word' id='word_1_467' title='bbox 2317 4220 2358 4256; x_wconf 89' lang='lat'><strong>1.</strong></span> <span class='ocrx_word' id='word_1_468' title='bbox 2384 4208 2558 4257; x_wconf 87' lang='lat' dir='ltr'><strong>Carm.</strong></span> <span class='ocrx_word' id='word_1_469' title='bbox 2582 4203 2692 4254; x_wconf 87' lang='lat' dir='ltr'><strong>Od.</strong></span> <span class='ocrx_word' id='word_1_470' title='bbox 2711 4207 2761 4254; x_wconf 84' lang='grc'><strong>4.</strong></span> 
     </span>
    </p>
   </div>
   <div class='ocr_carea' id='block_1_16' title="bbox 1692 4281 2757 4349">
    <p class='ocr_par' dir='ltr' id='par_1_17' title="bbox 1692 4281 2757 4349">
     <span class='ocr_line' id='line_1_85' title="bbox 1692 4281 2757 4349; baseline -0.004 -15"><span class='ocrx_word' id='word_1_471' title='bbox 1692 4286 1709 4312; x_wconf 90' lang='lat'>‘</span> <span class='ocrx_word' id='word_1_472' title='bbox 1730 4285 1935 4335; x_wconf 86' lang='lat' dir='ltr'><strong>Pallida</strong></span> <span class='ocrx_word' id='word_1_473' title='bbox 1953 4298 2088 4334; x_wconf 84' lang='lat' dir='ltr'><strong>mors</strong></span> <span class='ocrx_word' id='word_1_474' title='bbox 2113 4281 2263 4349; x_wconf 83' lang='lat' dir='ltr'><strong>aequo</strong></span> <span class='ocrx_word' id='word_1_475' title='bbox 2286 4281 2459 4348; x_wconf 88' lang='lat' dir='ltr'><strong>pulsat</strong></span> <span class='ocrx_word' id='word_1_476' title='bbox 2477 4281 2612 4345; x_wconf 83' lang='lat' dir='ltr'><strong>pede</strong></span> <span class='ocrx_word' id='word_1_477' title='bbox 2635 4294 2757 4345; x_wconf 77' lang='lat' dir='ltr'><strong>pau-</strong></span> 
     </span>
    </p>
   </div>
  </div>
 </body>
</html>
