3049 4928
978 380 1506 430 PfflhosopfflAE
1557 380 1706 429 mn.
1755 380 1864 431 ιιι.
2380 369 2510 437 247

335 533 449 605 est,
492 531 559 593 et
602 526 927 593 senatorii
957 544 1201 593 census
1228 525 1455 609 gravis
1483 525 1798 592 sarcina.⁶
1885 525 1960 592 Si
1988 525 2141 609 quis
2171 528 2512 611 qnondam

327 630 553 712 populi
594 637 904 696 curasset
934 640 1309 707 annonam,⁶
1329 627 1355 668 δ
1396 647 1675 713 magnus
1703 630 2102 695 habebatur.
2192 629 2394 695 Nunc
2423 650 2508 696 ea

322 729 716 812 praefectura
744 732 910 817 quid
939 731 1320 816 abjectius?
1412 731 1507 798 Ut
1535 734 1716 798 enim
1744 734 1954 818 paulo
1995 740 2153 800 ante
2185 733 2511 811 diximuS‚

325 833 496 914 qnod
528 833 698 899 nihil
745 835 950 900 babet
992 835 1251 918 proprii
1281 835 1572 913 decoris,
1625 836 1948 920 opinione
1974 836 2302 903 utentium
2330 855 2511 900 nunc

325 936 739 1019 splendorem
785 937 1055 1022 accipit,
1100 957 1276 1003 nunc
1319 939 1590 1003 amittit.
1679 939 1754 1004 Si
1776 941 1973 1022 igitur
1987 939 2385 1006 reverendos
2414 937 2514 1003 fa-

325 1056 467 1101 cere
495 1047 829 1124 nequeunt
859 1040 1238 1122 dignitateS‚
1297 1041 1357 1106 si
1406 1041 1585 1106 ultro
1611 1043 2066 1127 improborum
2108 1042 2516 1124 contagione

327 1140 741 1220 sordescunt,
794 1142 855 1207 si
884 1144 1254 1208 mutatione
1287 1150 1669 1226 temporum
1702 1143 2047 1229 splendere
2077 1146 2407 1224 desinunt,
2454 1145 2516 1210 si

325 1244 613 1324 gentium
643 1245 1089 1312 aestimatione
1115 1246 1478 1324 vilescunt,
1522 1246 1687 1330 quid
1740 1255 1848 1311 est
1892 1247 2073 1332 quod
2101 1249 2169 1312 in
2199 1269 2276 1313 se
2308 1267 2517 1333 expe-

322 1344 533 1410 tendae
562 1345 1082 1430 pulchritudinis
1106 1346 1385 1427 habeat,
1407 1346 1652 1413 nedum
1678 1349 1835 1414 aliis
1865 1352 2231 1435 praestent?

324 1525 348 1561 ⁶
378 1530 522 1586 Onus.
654 1537 679 1565 Β
711 1531 978 1594 Proefectuae
996 1547 1207 1584 annm.

1312 1662 1530 1714 NOTAE

375 1752 709 1821 ‘Proesecturu
716 1759 981 1824 [prema]
992 1775 1167 1824 magna
1178 1760 1289 1810 olim
1301 1776 1382 1825 po·

322 1836 621 1899 testasmunc
633 1832 774 1887 inane
790 1837 981 1901 nomen]
998 1839 1263 1888 Praetores
1284 1837 1385 1887 Ro·

325 1914 471 1976 mani,
489 1918 547 1963 nt
568 1914 767 1965 docent
785 1915 1107 1979 Jnrisperitl‚
1124 1914 1189 1964 ab
1213 1914 1383 1979 initio,

317 1986 433 2051 jure
444 1992 781 2054 magistratus
792 1992 967 2042 edicta
982 1997 1182 2042 tantum
1198 2001 1386 2055 propo·

327 2065 530 2131 nebant,
557 2066 631 2116 de
657 2069 844 2133 quibus
868 2068 1040 2132 rebus,
1059 2075 1115 2119 et
1129 2068 1387 2134 quomodo

320 2140 404 2205 jus
440 2142 634 2193 dicturi
668 2149 871 2195 essent:
911 2150 1387 2211 progressuautem

327 2222 592 2284 temporie,
616 2233 718 2271 non
742 2222 1010 2273 obnitente
1045 2223 1254 2288 populo,
1286 2224 1388 2274 hoc

328 2294 472 2345 simul
491 2305 831 2362 usurparunt,
867 2305 925 2349 nt
955 2299 1207 2350 edicendo
1231 2300 1388 2351 etium

320 2370 405 2434 jus
443 2375 852 2424 constituerent:
903 2373 997 2425 sed
1033 2375 1243 2425 tandem
1284 2378 1389 2425 suis

325 2450 576 2505 sumtibus
602 2450 877 2501 Circenses
911 2457 968 2501 et
992 2451 1238 2503 Scenicos
1262 2451 1389 2504 dun-

330 2526 643 2576 taxatludos
659 2528 1003 2579 exhibebant:
1039 2529 1179 2579 unde
1203 2531 1392 2580 ‘inane

330 2615 511 2652 nomen
557 2609 618 2652 et
655 2605 828 2667 gravis
862 2605 1089 2655 sarcina’
1123 2612 1246 2656 tnnc
1278 2612 1394 2656 erat

329 2678 413 2728 illa
431 2680 691 2730 Praetoris
709 2680 948 2744 dignitas.
1010 2682 1260 2732 Similiter

391 2756 414 2792 ὓ
433 2757 491 2808 st
511 2758 623 2822 quis
644 2760 873 2821 quondum
887 2760 1049 2824 populi
1070 2764 1279 2810 curasset
1306 2776 1391 2810 aa·

330 2848 514 2901 mam,
554 2836 666 2901 asa]
698 2836 992 2887 Praefectus
1027 2852 1243 2887 annonae
1280 2843 1392 2888 tan·

334 2918 413 2963 tus
429 2914 556 2965 olim
581 2918 698 2964 erat
717 2915 853 2980 apud
890 2916 1169 2981 Romanos,
1194 2922 1253 2966 ut
1287 2916 1392 2966 Au·

1463 1766 1643 1826 gustus
1667 1762 1779 1826 ipse
1807 1767 2082 1826 acceptam
2103 1772 2134 1811 a
2154 1760 2350 1824 populo
2373 1771 2526 1810 anno·

1464 1852 1548 1888 nae
1570 1838 1957 1904 praefecturam,
1978 1836 2148 1903 quoad
2175 1836 2324 1899 vixit,
2348 1841 2526 1885 tenne-

1464 1916 1553 1980 rit,
1576 1922 1667 1966 aut
1683 1921 1827 1966 certe
1851 1916 2006 1979 paulo
2029 1920 2149 1964 ante
2168 1919 2388 1963 mortem
2410 1914 2526 1963 sub·

1465 1992 1696 2041 stituerit
1722 1992 1823 2041 sibi
1846 1992 1907 2042 C.
1928 1990 2249 2052 Tutrianum‚
2282 1989 2371 2052 qui
2394 1990 2533 2038 inter

1466 2071 1660 2134 primos
1680 2070 1734 2119 in
1756 2069 1915 2119 verba
1936 2067 2131 2117 Tiberii
2147 2065 2364 2131 juravit,
2382 2064 2533 2128 quasi

1465 2146 1604 2197 inter
1660 2148 1956 2213 praecipuos
2012 2145 2380 2209 Magistratusz
2437 2143 2533 2192 sed

1466 2224 1673 2276 Boethii
1704 2223 2024 2289 temporibus
2057 2220 2350 2273 Praefectus
2373 2231 2532 2270 anno-

1468 2317 1551 2354 nae
1574 2305 1767 2355 nnllam
1789 2305 1886 2354 nisi
1909 2305 1963 2353 in
1982 2304 2202 2368 pistores
2217 2303 2362 2352 urbis
2375 2316 2533 2367 nego-

1467 2381 1781 2446 tiatoresque
1801 2380 1995 2430 suarios
2013 2392 2282 2429 censuram
2299 2384 2355 2428 et
2372 2379 2530 2454 ειιιίιιι-ι

1469 2458 1825 2510 adversionem
1870 2458 2127 2508 habebat:
2173 2462 2233 2507 ut
2274 2456 2534 2524 colligitur

1470 2550 1539 2585 ex
1570 2534 1791 2585 formula
1822 2535 1975 2598 hujus
2010 2532 2344 2597 proefeeturae
2380 2548 2533 2598 quam

1471 2610 1637 2660 refert
1651 2609 1988 2659 Cassiodorus
2007 2609 2044 2658 l.
2062 2622 2140 2658 vr.
2163 2610 2364 2659 variar.
2382 2608 2533 2661 form.

1475 2691 1558 2736 18.
1622 2685 1893 2734 Falluntnr
1929 2696 2053 2747 ergo
2089 2700 2183 2733 sua
2219 2685 2538 2735 assumtione

1471 2760 1560 2827 qui
1584 2774 1836 2810 summum
1857 2762 2047 2810 bonum
2065 2764 2249 2823 putant
2266 2761 2460 2810 versari
2481 2761 2535 2810 in

1473 2837 1814 2902 dignitatibus
1838 2837 1947 2886 sive
1967 2835 2374 2900 magistratibus.

1136 3388 1567 3457 METRUM
1611 3386 1743 3458 IV.

599 3545 958 3627 Quamvis
989 3564 1064 3609 se
1092 3538 1301 3629 Tyrio
1334 3546 1665 3628 superbus
1696 3546 1919 3609 ostro⁰

681 3644 1037 3726 Comeret‚‘¹
1079 3655 1149 3713 et
1176 3647 1394 3712 niveis
1422 3647 1706 3731 lapilliS,

398 3817 611 3868 Etiamsi
639 3796 764 3869 Nero
784 3826 834 3865 κ
864 3815 1143 3878 odoraret,
1174 3812 1381 3875 insignis
1412 3826 1631 3876 purpura
1670 3811 1839 3876 'lyr-ia,
1854 3809 2149 3874 geu-mimo
2167 3810 2401 3875 candidis,
2418 3811 2545 3861 iden

1232 3944 1235 3945 ⁷
1336 3940 1551 3996 NOTAE

404 4051 428 4077 θ
452 4045 598 4109 Tyrio
632 4041 854 4108 werhen
887 4043 1038 4107 ostro]
1086 4044 1303 4093 ostrum
1342 4042 1406 4092 ab
1488 4043 1688 4093 clusum
1709 4041 1860 4090 latet.
1914 4038 1988 4090 At
2008 4039 2144 4089 inter
2166 4038 2270 4088 ista
2283 4037 2551 4101 conchylia

345 4128 521 4170 ostreo
535 4121 744 4172 dicitur.
786 4120 1406 4182 Ostreumautem,Grae-
1488 4132 1650 4169 unum
1688 4125 1786 4180 est,
1825 4119 1993 4183 inquit
2029 4116 2250 4177 Plinius,
2293 4129 2359 4164 ex
2402 4116 2548 4175 cnjus

347 4196 425 4251 cis
443 4195 655 4261 ὄστρεον,
676 4197 963 4261 generatim
984 4195 1111 4247 illud
1129 4209 1279 4247 omne
1301 4196 1407 4245 ani-

349 4276 494 4327 muli·
518 4289 682 4341 genus
705 4274 983 4339 significat,
1003 4273 1144 4339 quod
1164 4278 1302 4325 teet·
1333 4273 1408 4324 iu-

1490 4197 1691 4247 concba
1721 4195 1887 4247 incisa
1927 4194 2184 4257 colligitur
2222 4204 2411 4240 succus
2447 4191 2547 4239 tin-

1488 4273 1675 4338 cendi:
1729 4270 1956 4325 vestibu-
2000 4268 2293 4334 expetitnu
2344 4272 2400 4316 et
2451 4268 2551 4318 hoc
