3049 4928
569 412 874 461 Boss'rffll
930 412 1024 462 DE
1072 409 1307 462 CONSO
1320 410 1379 457 1..

1430 405 1876 458 ramosum.
1924 410 2066 458 ma.
2112 410 2186 458 ν.
2343 395 2475 461 549

275 556 502 610 divertio
540 556 665 615 iter,
704 555 844 621 quod
871 569 1101 619 coepere,
1123 566 1335 618 perour-
1401 552 1745 617 jungeretur:
1779 552 1920 618 quod
1953 552 2164 617 quidem
2197 566 2326 602 casu
2358 566 2477 603 eve-

276 643 436 684 runt:
472 632 576 683 duo
598 631 759 683 millia
781 640 836 682 et
860 632 1144 696 quingenta
1166 629 1336 684 stadia
1409 628 1568 692 niret,
1602 634 1742 679 esset
1783 635 1957 680 tamen
1992 635 2135 679 certa
2167 643 2328 680 causa
2353 644 2478 680 vec-

276 709 473 760 emeusi
495 715 632 771 sunt,
655 708 743 772 qui
771 707 1139 771 amplissimum
1173 705 1336 754 inter-

275 786 470 836 vallum
501 784 644 835 circa
677 783 938 834 Armeniae
973 789 1172 832 montes
1194 787 1339 832 nota·

274 867 485 918 verunt.
549 861 718 912 Iidem
757 875 875 910 cum
907 859 1100 909 Mediae
1124 865 1180 908 et
1202 858 1337 909 Gor·

275 940 547 989 dianetum
598 944 765 986 terras
818 951 998 986 secare
1050 941 1342 999 caeperuut,

276 1015 550 1080 paullatim
586 1014 639 1062 in
674 1013 869 1062 arctius
911 1012 1132 1065 coeunt:
1158 1018 1213 1061 et
1238 1026 1340 1076 quo

274 1092 483 1156 longius
519 1095 751 1152 manant,
780 1090 876 1140 hoc
900 1089 1167 1153 angustius
1206 1089 1342 1137 inter

277 1183 339 1218 se
359 1166 584 1231 spatium
609 1173 766 1217 terrae
792 1165 1106 1230 relinquunt.
1175 1164 1344 1214 Vicini

275 1245 506 1298 maxime
538 1251 658 1294 suut
687 1243 769 1293 his
793 1243 1009 1307 campis,
1038 1257 1167 1309 quos
1199 1243 1342 1294 inco-

274 1323 346 1373 }oe
370 1321 813 1385 Mesopotamiam
840 1326 1045 1370 vocant.
1110 1319 1343 1370 Mediam

276 1412 505 1464 namque
560 1397 626 1448 ab
671 1405 888 1461 utroque
926 1398 1093 1447 latere
1133 1397 1347 1447 conclu·

278 1476 435 1526 dunt.
469 1474 668 1526 Eadem
686 1488 779 1537 per
796 1473 1198 1536 Babyloniorum
1217 1472 1346 1523 fines

281 1552 587 1602 inRubrum
608 1551 759 1601 Mare
783 1549 1161 1614 prorumpunt!
1196 1551 1347 1601 Idem·

357 1626 557 1691 Tygris]
590 1626 658 1678 Q.
684 1626 833 1675 Curt.
855 1625 947 1675 lib.
964 1640 1042 1675 ιν.
1060 1625 1076 1654 ‘
1094 1626 1212 1676 Nec
1227 1638 1351 1675 sane

282 1706 417 1755 alius
443 1704 510 1754 ad
529 1703 764 1753 Orientis
786 1702 990 1766 plagam
1014 1709 1120 1753 tam
1153 1702 1352 1753 violeu-

285 1791 377 1833 tus
418 1781 693 1838 invehitur,
735 1780 1012 1829 multorum
1045 1779 1351 1829 torrentium

287 1874 393 1910 non
417 1873 575 1923 aquas
608 1858 776 1906 solum
813 1856 905 1905 sed
936 1857 1094 1905 etiam
1118 1870 1246 1906 saxa
1274 1870 1352 1905 se-

290 1950 407 1986 cum
429 1936 658 1986 trahens.
693 1932 881 1996 Itaque
905 1945 936 1981 a
958 1932 1228 1981 celeritate
1251 1945 1355 1997 qua

292 2010 496 2074 defluit,
533 2009 675 2073 Tigri
733 2022 919 2058 nomen
970 2015 1055 2058 est
1097 2008 1374 2070 inditum3,

293 2091 384 2155 qui
419 2089 637 2138 Persica
681 2086 855 2149 lingua
887 2084 1081 2149 Tigrim
1113 2085 1355 2149 sagittam

294 2162 598 2231 appellant!
623 2164 775 2214 Iden.

360 2241 611 2304 Eufrates]
631 2239 814 2288 Vibius
834 2238 1135 2303 Sequester,
1151 2237 1216 2287 de
1233 2238 1356 2287 Flu·

293 2317 556 2368 minibus:
590 2313 863 2366 ‘Eufrates
885 2316 1281 2379 Mesopotamiae
1303 2316 1357 2365 in

297 2394 554 2462 Paradiso
603 2393 795 2443 oriens.
858 2392 1026 2443 Porro
1081 2391 1358 2440 Sallustius

297 2481 481 2529 auctor
500 2471 820 2523 certissimus
844 2469 1028 2519 asserit
1051 2475 1158 2519 tam
1181 2468 1359 2532 Tigris

296 2564 453 2615 quam
502 2546 737 2598 Eufratis
786 2547 842 2595 in
896 2546 1143 2595 Armenia
1184 2544 1360 2595 fontes

296 2624 612 2676 monstrari.'
667 2623 908 2674 Incertus
928 2620 1097 2671 Poeta
1118 2621 1184 2670 de
1208 2622 1364 2672 Clau·

300 2705 379 2757 dii
423 2704 731 2754 Britannica
782 2702 1038 2753 victoria:
1077 2703 1093 2730 ‘
1118 2702 1361 2753 Eufrates

299 2779 520 2845 prodest
538 2779 610 2828 nil
632 2778 727 2828 tibi
750 2777 949 2828 Parthe
968 2776 1167 2841 fugax.²
1210 2780 1363 2830 Idem.

376 2856 481 2906 Uno
498 2854 698 2916 “fonte
717 2853 976 2916 resolvunt]
1002 2854 1062 2902 Id
1077 2863 1181 2917 est,
1196 2854 1248 2903 in
1264 2856 1365 2904 eis-

300 2934 426 2985 dem
450 2932 709 2983 Armenia
732 2946 823 2980 seu
844 2932 1036 2980 montis
1058 2931 1211 2980 Tauri
1248 2946 1365 2994 par·

301 3010 462 3061 tibus.
503 3008 667 3057 .Nam
697 3007 933 3061 diversos
965 3006 1235 3071 utriusque
1256 3004 1368 3057 fou-

303 3094 393 3137 tes
447 3098 561 3135 esse
611 3082 871 3133 affirmant
913 3082 1136 3148 Plinius,
1188 3083 1370 3133 Ptole-

305 3177 493 3223 maeus‚
511 3161 721 3220 Strabo,
751 3160 819 3211 Q.
851 3159 1062 3209 Curtius
1085 3166 1142 3208 et
1163 3160 1250 3208 alii
1272 3175 1285 3208 ε
1309 3174 1372 3209 ac

304 3242 448 3291 inter
490 3246 739 3300 utrosque
790 3234 843 3283 hi
886 3234 1096 3299 quidem
1139 3236 1278 3286 mille
1315 3242 1374 3285 et

309 3316 630 3384 quingenta
673 3312 761 3363 alii
803 3326 932 3361 vero
975 3311 1081 3361 duo
1118 3311 1281 3361 millia
1316 3316 1376 3361 et

311 3392 600 3457 quingenta
621 3388 794 3439 stadia
811 3394 1028 3451 ponunt.
1068 3388 1244 3439 Vallia.

380 3467 651 3530 Simena]
705 3467 782 3515 Ut
818 3463 1021 3515 faciunt
1048 3467 1203 3528 paulo
1240 3463 1379 3515 infra

314 3546 643 3610 Babylonem
676 3543 772 3594 sub
801 3542 1025 3606 Apamia
1047 3541 1208 3591 urbe:
1254 3555 1376 3592 con-

308 3625 588 3690 junctique
629 3621 750 3671 inde
796 3621 849 3671 in
894 3621 1061 3671 sinum
1103 3619 1377 3670 Persicum

315 3700 680 3751 devolvuntur.
714 3698 866 3748 Idem.

379 3777 484 3841 Sic,
506 3792 611 3841 qua
630 3775 895 3840 permissis]
927 3775 1046 3826 Hoc
1062 3781 1164 3835 est,
1186 3776 1379 3828 Quem-

317 3854 595 3908 admodum
614 3854 782 3916 Tigris
803 3858 856 3901 et
880 3853 1190 3916 Euphrates,
1209 3851 1380 3916 quiex

316 3931 503 3983 eodem
522 3931 690 3980 Tauro
711 3928 973 3978 Armeniae
1003 3935 1181 3978 monte
1202 3929 1253 3977 in
1278 3935 1382 3977 ter·

320 4023 408 4058 ras
447 4007 683 4056 diversas
720 4005 932 4067 abeunt,
959 4004 1004 4053 si
1023 4005 1172 4068 aquis
1194 4001 1386 4053 conflu-

320 4084 532 4135 entibus
563 4083 941 4147 jungerentur3
983 4094 1140 4130 naves
1180 4093 1386 4144 quoque

323 4160 500 4213 trunci
522 4159 761 4209 arborum
795 4166 853 4207 et
884 4156 1133 4221 quaelibet
1156 4155 1258 4205 alia
1278 4168 1387 4205 ma-

324 4238 483 4289 teries
517 4243 701 4286 natans
733 4249 796 4284 ac
824 4232 1054 4294 fluitans,
1077 4239 1296 4297 utroque
1316 4232 1388 4282 al·

324 4330 427 4369 veo
458 4312 722 4375 devoluta,
751 4317 975 4376 utroque
1007 4310 1154 4359 alveo
1183 4308 1389 4373 juncta,

1413 706 1570 756 tionis
1623 720 1800 756 earum
1851 720 2040 770 rerum,
2092 720 2285 770 nempe
2335 706 2479 757 unda

1412 782 1681 848 utriusque
1704 782 1857 838 alvei.
1890 797 2008 847 quae
2044 783 2228 833 ordine
2253 782 2480 846 quodam

1414 874 1504 910 eas
1550 873 1633 910 res
1665 857 1915 910 deferret.
1983 860 2071 911 Ita
2104 873 2281 910 eorum
2320 874 2479 924 even-

1417 945 1581 999 tuum,
1614 936 1703 1001 qui
1739 936 1890 986 nobis
1913 937 2050 987 Casu
2076 935 2191 986 fieri
2217 935 2482 999 videntur,

1416 1018 1563 1061 certa
1596 1012 1926 1063 nihilominus
1963 1027 2118 1063 causa
2155 1019 2239 1062 est
2273 1019 2328 1063 et
2349 1013 2479 1063 ordo

1415 1089 1684 1140 naturalis.
1719 1090 1871 1139 Idem.

1482 1165 1625 1215 Πάν’
1648 1167 1816 1232 ἐφορᾷ]
1838 1168 2237 1220 Hernistichium
2263 1177 2346 1219 est
2370 1170 2481 1220 Ho-

1418 1246 1595 1296 merici
1617 1260 1799 1296 versus
1842 1246 1997 1298 Iliad.
2029 1253 2080 1297 Γ.
2123 1246 2306 1297 Ἠέλιος
2346 1248 2386 1298 ff
2426 1246 2484 1298 θ’

1417 1320 1556 1371 πάντ’
1575 1322 1746 1387 ἐφορᾷς
1766 1321 1846 1371 καὶ
1871 1322 2013 1371 'rann’
2054 1321 2323 1374 crunctis:
2360 1325 2376 1352 ‘
2394 1325 2485 1373 Sol

1420 1399 1576 1448 etiam
1599 1400 1688 1463 qui
1712 1403 1903 1448 cuncta
1920 1399 2290 1465 vides,quique
2311 1400 2484 1450 omnia

1420 1474 1660 1526 inaudis.’
1691 1476 2011 1538 Rectiusque
2047 1475 2100 1525 id
2136 1475 2330 1527 divinia
2362 1491 2486 1539 pro-

1421 1552 1670 1602 videntiae
1693 1552 1845 1601 oculo
1868 1551 2086 1601 Boe'tius
2103 1551 2308 1614 tribuit,
2326 1566 2486 1617 quam

1422 1627 1686 1677 Homerus
1717 1628 1846 1679 Soli.
1877 1643 2049 1693 quem,
2082 1628 2344 1678 videntem
2378 1643 2486 1678 om-

1424 1703 1513 1753 nia
1534 1709 1592 1753 et
1629 1704 1947 1764 audientem,
1978 1712 2037 1754 ut
2060 1718 2249 1754 numen
2274 1704 2487 1769 aliquod

1425 1780 1489 1830 iis
1509 1779 1684 1830 verbis
1704 1780 1954 1844 agnoscit.
1970 1787 2031 1833 ut
2045 1782 2242 1845 optime
2257 1781 2490 1831 animad-

1428 1856 1588 1905 vertit
1623 1857 1825 1907 Plinius
1866 1859 1956 1908 lib.
1989 1872 2053 1909 u.
2092 1873 2205 1921 cap.
2228 1863 2278 1909 6.
2322 1861 2339 1888 ⁴
2360 1859 2492 1908 Hic’

1426 1933 1515 2004 Sol
1570 1935 1587 1963 ‘
1614 1948 1760 1984 suum
1815 1935 1986 1984 lumen
2042 1936 2251 1985 eaeteris
2288 1950 2492 2001 quoque

1429 2008 1683 2059 sideribus
1713 2008 1955 2074 sterneret,
1977 2013 2283 2076 praeclarus,
2307 2013 2492 2063 eximi-

1430 2101 1523 2148 us3
1557 2087 1730 2138 omnia
1764 2087 1992 2146 intuens,
2028 2088 2199 2137 omnia
2218 2090 2378 2139 etiam
2402 2104 2492 2139 ex-

1430 2163 1664 2226 audiens,
1700 2169 1758 2214 ut
1803 2164 2031 2227 principi
2075 2164 2345 2214 literarum
2384 2165 2497 2215 Ho-

1429 2252 1576 2288 mero
1625 2239 1884 2302 placuisse
1927 2240 1982 2288 in
2027 2254 2131 2289 uno
2183 2254 2249 2288 eo
2304 2240 2502 2291 video.’

1438 2316 1620 2366 Vallia.

1498 2393 1643 2444 udin?
1667 2395 1814 2459 ἐφορᾷ
1830 2394 1909 2443 καὶ
1935 2392 2074 2444 πάντ’
2096 2392 2337 2457 ἐπακούει]
2360 2395 2496 2445 Vide

1433 2470 1595 2521 Hom.
1617 2470 1773 2521 Iliad.
1798 2477 1850 2521 Γ.
1871 2479 1928 2521 et
1951 2471 2145 2533 Odyss.
2168 2477 2235 2521 M.
2258 2471 2437 2522 Sitzm.

1499 2548 1692 2596 Mara.
1713 2551 1764 2596 2.
1799 2547 1935 2595 Puro
1968 2548 2148 2595 claram
2164 2546 2338 2595 lumine
2355 2547 2500 2596 Pao-

1435 2622 1568 2686 bum]
1589 2623 1852 2673 Homerus
1869 2623 2022 2672 Iliad.
2041 2630 2097 2673 B.
2131 2621 2350 2686 λαμπρὸν
2377 2622 2500 2686 φάος

1434 2699 1628 2760 ἠελίοιο.
1714 2700 1889 2749 Etiam
1935 2698 2325 2751 Anaximander
2364 2699 2504 2751 dixit

1439 2778 1614 2829 Solem
1662 2790 1780 2825 esse
1823 2774 2150 2839 κιθαρότατον
2192 2776 2301 2840 πῦρ.
2365 2775 2505 2829 Vide

1439 2854 1600 2916 Diog.
1625 2851 1798 2902 Laert.
1819 2852 1908 2902 lib.
1926 2857 1976 2902 2.
2009 2853 2163 2901 Idem.

1506 2927 1771 2991 Homerus]
1794 2927 1945 2977 Iliad.
1967 2934 2026 2978 A.
2049 2934 2105 2977 E.
2128 2934 2186 2978 θ.
2207 2929 2294 2978 ubi
2312 2929 2506 2993 passim

1444 3007 1741 3070 appellatur
1761 3004 1977 3068 λαμπρὸν
1995 3003 2115 3068 φάος
2133 3003 2328 3064 ἠελίοιο.
2361 3008 2377 3035 ‘
2399 3006 2507 3055 cla·

1444 3100 1558 3134 rum
1576 3084 1705 3133 Solis
1728 3081 1935 3132 lumen.'
1973 3083 2150 3132 Vallia.

1466 3192 1472 3197 -
1510 3160 1777 3210 Radiorum
1824 3160 1946 3224 lace]
1999 3158 2248 3208 Martiau.
2285 3156 2508 3217 Capella

1447 3235 1540 3285 lib.
1563 3249 1604 3285 ι.
1638 3235 1804 3285 ‘Solis
1837 3234 2110 3299 augustum
2150 3239 2309 3298 caput
2349 3231 2507 3281 radiis

1447 3310 1725 3377 perfusum,
1742 3311 2214 3375 circumactumque
2243 3308 2510 3359 flamman-

1449 3389 1592 3440 tibus
1630 3388 1772 3438 velut
1809 3394 2049 3447 auratam
2076 3387 2343 3436 caesariem
2368 3385 2513 3435 rutili

1448 3463 1660 3515 verticis
1698 3464 1950 3513 imitatur.
2018 3463 2159 3512 Hinc
2195 3474 2400 3528 quoque
2431 3476 2513 3512 sa·

1451 3540 1718 3604 gissarius,
1777 3540 1898 3589 hinc
1964 3553 2171 3604 quoque
2224 3538 2515 3600 vulnificus,

1449 3617 1592 3682 quod
1614 3617 1777 3682 possit
1799 3617 2060 3666 radiorum
2073 3617 2268 3680 jaculis
2288 3617 2393 3667 icta
2424 3630 2519 3681 pe·

1450 3693 1691 3745 netrare.'
1723 3694 1898 3745 Situm.

1519 3773 1642 3828 Qaoe
1684 3771 1784 3821 sint
1828 3785 1933 3834 quae
1973 3768 2166 3830 fuerint
2209 3765 2522 3830 veniuntque]

1454 3848 1671 3910 Optime
1710 3847 1912 3898 monuit
1949 3848 2115 3899 Janus
2160 3847 2309 3894 Dnsa
2361 3842 2521 3904 filius,

1453 3925 1591 3977 bunc
1612 3922 1860 3985 loquendi
1884 3923 2091 3972 modum
2117 3936 2149 3970 a
2179 3920 2385 3970 Graeeis
2404 3931 2521 3968 esse

1456 3999 1746 4058 inventum,
1788 4011 1940 4062 quem
1986 3997 2106 4046 vide
2149 3996 2204 4046 in
2258 3995 2411 4045 Notis
2454 3993 2523 4043 ad

1458 4075 1654 4128 Catulli
1674 4075 1846 4124 Carm.
1868 4078 1949 4125 21.
1980 4074 2133 4123 Idem.

1529 4154 1700 4210 Quem,
1726 4152 1841 4215 quin
1873 4150 2068 4214 respicit
2089 4150 2246 4199 omniu
2268 4151 2408 4211 soban,
2437 4149 2523 4198 Ve-

1460 4245 1569 4279 rum
1587 4228 1740 4293 pmii
1759 4226 1918 4279 dicere
1933 4226 2117 4289 Solem]
2152 4226 2325 4277 Julius
2343 4223 2528 4275 Firmi-

1461 4321 1556 4361 cus
1594 4306 1884 4368 Maternus,
1920 4304 1987 4355 de
2008 4305 2201 4355 Errore
2223 4303 2530 4368 Prophaua·
