3049 4928
540 383 669 451 304

1233 388 1540 445 BQETHu
1593 387 1713 443 DE„
1738 385 2081 436 CONSUL.’

1057 541 1416 622 Quondam
1445 536 1676 601 funera
1707 532 2006 619 conjugis
2700 523 2741 585 5

961 682 966 688 ι
1055 646 1272 712 Vates
1300 640 1707 708 Threiciusg
1754 655 2045 719 gemenS,

1060 749 1437 830 Postquam
1467 741 1799 806 flebilibus
1827 737 2048 802 modis

1059 852 1308 935 Sylvas
1341 863 1626 920 currere,
1657 841 1944 906 mobiles

1061 953 1318 1017 Amnes
1350 957 1530 1014 stare
1563 945 1911 1029 coegerat3

1062 1058 1108 1123 J
1114 1058 1440 1139 unxitque
1471 1050 1878 1135 intrepidum
1906 1048 2088 1113 latus

2668 1037 2747 1101 10

1063 1160 1285 1227 Saevis
1320 1177 1526 1223 cerva
1553 1155 1886 1231 leonibuS,

1067 1264 1219 1329 Nec
1250 1264 1469 1329 visum
1500 1260 1727 1326 timuit
1746 1268 1763 1296 ¹
1814 1259 2013 1340 lepus

1058 1368 1105 1433 J
1110 1389 1218 1432 am
1248 1372 1448 1432 cantu
1479 1363 1827 1450 placidum
1863 1374 2145 1437 canem3

1065 1469 1240 1535 Cum
1268 1467 1663 1552 flagrantior
1693 1465 1935 1529 intima

1071 1574 1327 1638 Fervor
1358 1571 1660 1657 pectoris
1687 1574 1926 1646 ureret,

2671 1553 2751 1617 15

1070 1678 1227 1743 Nec
1259 1677 1375 1762 qui
1404 1685 1653 1740 cuncta
1680 1676 2093 1755 subegerant,

1071 1781 1450 1846 Mulcerent
1475 1778 1820 1849 dominum
1844 1772 2028 1838 modi
2047 1792 2066 1853 ;
2083 1768 2110 1806 ¹¹

548 1983 770 2047 expedire
789 1997 818 2031 a
839 1978 1017 2043 laqueis
1037 1977 1245 2040 corporis
1262 1973 1529 2040 ponderosi.
1600 1972 1732 2022 Olim
1756 1970 1994 2034 Orpheus,
2011 1963 2152 2032 po'ffta
2180 1961 2424 2023 fimo-ius,
2445 1958 2622 2024 deflens
2642 1971 2756 2032 mor-

549 2054 645 2098 tem
662 2062 762 2097 suoe
792 2046 977 2106 uxoris,
1002 2047 1251 2106 postquam
1284 2043 1492 2092 carmine
1513 2037 1649 2089 tristi
1669 2037 1843 2098 coegit,
1879 2034 2069 2084 arbores
2089 2034 2240 2080 motas
2259 2041 2462 2084 currere,
2484 2030 2535 2074 et
2550 2024 2755 2088 flumana

548 2121 679 2164 stare
716 2113 945 2170 immota3
973 2114 1219 2172 postquam
1252 2109 1408 2157 eodem
1445 2105 1656 2155 carmine
1691 2117 1831 2152 cerva
1873 2100 2072 2150 sociavit
2106 2093 2312 2146 leonibus
2339 2090 2463 2141 diris
2482 2091 2609 2138 latas
2627 2102 2755 2136 saum

548 2177 856 2242 impavidum,
874 2189 1018 2238 aeque
1035 2175 1164 2236 lepus
1184 2172 1351 2221 metuit
1373 2185 1532 2220 canem
1550 2172 1804 2232 aspectum,
1831 2171 1942 2215 tunc
1959 2164 2198 2227 placatum
2219 2160 2376 2234 eodem
2396 2155 2606 2205 carmine
2624 2170 2641 2210 ,-
2658 2167 2759 2201 cum

532 2245 740 2308 flamma
773 2241 947 2289 amoris
967 2238 1212 2287 ardentior
1231 2241 1520 2286 consumeret
1541 2233 1769 2283 interiora
1789 2229 2055 2294 proecordia
2091 2226 2230 2287 hujus
2261 2229 2406 2283 vans,
2427 2235 2511 2269 nec
2530 2221 2758 2277 carmina,

548 2322 656 2375 qaoe
677 2308 891 2356 vicerant
910 2305 1084 2366 omnia,
1102 2307 1327 2367 pacarent
1343 2307 1582 2351 auctorem
1597 2312 1751 2360 suum,
1771 2296 1849 2345 hic
1869 2299 2058 2360 questus
2073 2292 2277 2356 Superos
2294 2289 2523 2352 crudeles,
2541 2289 2758 2349 penetra-

1475 2431 1532 2449 Ν
1537 2427 1680 2448 “““

619 2521 648 2568 1
684 2519 790 2578 Ms.
812 2517 1065 2570 Rittersh.
1088 2516 1302 2566 tremuit.

1686 2425 1832 2446 ‘Ne‘

1544 2653 1765 2711 NOTAE

555 2767 678 2813 ante
715 2759 862 2822 felix,
888 2773 1041 2823 quam
1077 2757 1189 2807 baec
1206 2756 1411 2807 vincula
1445 2757 1615 2806 solve-

554 2840 657 2888 rit:
694 2835 951 2901 siquidem
987 2834 1247 2899 praedicta
1278 2833 1386 2884 Dei
1420 2833 1619 2897 cogita-

552 2917 648 2977 tio,
673 2915 725 2964 in
750 2929 854 2979 qua
886 2911 1113 2962 felicitas
1135 2919 1390 2976 versatur,
1410 2912 1488 2961 his
1513 2911 1622 2960 vin-

557 2994 687 3043 culis
711 2992 873 3042 veluti
906 2990 1126 3040 totidem
1161 2990 1433 3039 contrariis
1461 2990 1624 3052 impe·

556 3069 713 3118 ditur.
793 3066 1073 3131 Sapientiae
1111 3070 1161 3115 9.
1197 3066 1212 3092 ‘
1236 3072 1446 3115 terrena
1478 3066 1619 3114 inha-

554 3147 744 3197 bitatio
778 3145 1028 3209 deprimit
1063 3159 1274 3193 sensum
1298 3144 1459 3193 multa
1481 3144 1620 3208 cogi-

557 3222 791 3274 tantem?
1053 3269 1055 3271 ,

621 3309 647 3344 3
686 3301 831 3351 Vates
857 3302 1119 3365 Threicias]
1153 3299 1396 3365 Orpheus
1429 3297 1621 3348 Thrax.

559 3376 666 3426 Hic
692 3378 943 3441 Apollinis
972 3385 1026 3427 et
1062 3378 1323 3442 Calliopes
1362 3374 1516 3436 filius,
1547 3376 1621 3438 ly-

558 3467 664 3501 ram
702 3469 731 3503 a
763 3460 915 3516 patre
949 3453 1213 3517 Apolline,
1235 3459 1328 3501 aut
1361 3467 1391 3499 a
1412 3451 1624 3500 Mercu·

556 3530 636 3579 rio
652 3535 919 3592 acceptam
941 3529 1016 3578 ita
1037 3528 1267 3577 suaviter
1299 3526 1624 3589 impellebat,

558 3604 695 3655 illius
719 3612 777 3655 ut
801 3611 988 3654 cantus
1022 3605 1195 3668 sylvas
1217 3610 1271 3653 et
1295 3619 1420 3652 saxa
1454 3618 1625 3652 move-

558 3697 636 3745 re,
683 3680 950 3730 fluminum
996 3694 1200 3729 cursum
1252 3680 1510 3741 inhibere,
1549 3678 1623 3727 fe-

557 3763 744 3823 rasque
765 3756 986 3806 reddere
1005 3756 1239 3805 mitiores
1256 3756 1426 3806 dictus
1446 3753 1623 3805 fuerit.

558 3834 858 3898 Eurydicen
888 3831 1072 3880 habuit
1105 3845 1338 3893 uxorem,
1359 3847 1471 3896 quae
1506 3846 1624 3881 cum

557 3912 842 3962 Aristaeum
882 3909 1016 3958 illius
1060 3923 1233 3958 amore
1275 3917 1486 3973 captu-m
1527 3924 1625 3972 per

560 3990 679 4037 avia
712 3987 942 4052 fugeret,
979 3986 1244 4051 serpentis
1282 4001 1454 4035 morsu
1498 3988 1627 4035 laesa

557 4064 760 4115 interiit
773 4081 791 4124 03
826 4062 964 4129 quod
1003 4064 1215 4113 maritus
1241 4064 1511 4125 aegerrime
1548 4061 1625 4111 fe·

559 4157 678 4192 rens
700 4139 906 4191 Inferos
922 4139 1071 4202 adiit,
1094 4138 1427 4202 infernosque
1451 4146 1625 4200 tyran-

558 4233 651 4269 nos
685 4234 776 4274 suo
812 4218 1041 4268 carnrine
1077 4217 1154 4265 ita
1180 4216 1444 4276 demulsit,
1466 4224 1523 4265 ut
1548 4215 1622 4263 illi

561 4312 771 4351 uxorem
810 4295 1160 4357 reddiderint,
1179 4307 1244 4343 ea
1280 4299 1452 4342 tamen
1488 4293 1625 4356 lege,

1699 2764 1760 2803 ut
1780 2750 2028 2816 Orpheus
2048 2762 2150 2798 non
2184 2747 2326 2812 prius
2352 2747 2649 2795 intueretur
2672 2756 2759 2791 ux-

1699 2845 1839 2879 orem
1880 2842 2031 2893 quam
2077 2826 2141 2875 ad
2187 2838 2400 2888 superos
2458 2821 2760 2871 rediissent:

1700 2920 1852 2970 quam
1873 2905 2040 2967 legem
2065 2917 2180 2952 cum
2203 2900 2442 2963 Orpheus
2455 2898 2614 2947 nimio
2631 2910 2766 2946 amo-

1703 2995 1760 3030 re
1782 2986 2055 3043 correptus
2083 2992 2186 3027 non
2216 2974 2765 3035 observasset,·Eury-

1703 3057 1822 3106 dice
1867 3058 2055 3106 iterum
2091 3060 2292 3104 mortua
2337 3052 2401 3102 ad
2444 3050 2651 3100 Inferos
2690 3063 2766 3098 re-

1705 3134 1818 3185 diit.
1885 3136 2017 3184 Haec
2042 3131 2219 3181 fabula
2236 3145 2374 3179 niune
2392 3130 2661 3193 eleganter
2684 3125 2768 3175 de·

1705 3212 1981 3262 scribitur:
2017 3210 2110 3259 sed
2153 3222 2184 3256 a
2224 3206 2444 3269 Virgilio
2492 3204 2634 3267 prius
2684 3203 2768 3251 de-

1704 3289 1903 3352 scripta
1934 3286 2104 3336 fuerat
2142 3298 2222 3334 ιν.
2243 3283 2441 3347 Georg.
2466 3295 2543 3330 νε.
2579 3284 2697 3329 464.
2719 3284 2768 3327 et

1706 3383 1853 3432 seqq.
1921 3367 2025 3415 Hic
2051 3364 2293 3428 Orpheus
2316 3362 2511 3411 dicitur
2532 3361 2639 3409 suis
2659 3370 2768 3406 car·

1702 3444 1923 3494 minibus
1948 3442 2137 3492 vicisse
2170 3442 2392 3505 primurn
2423 3452 2661 3500 corpora,
2687 3436 2769 3484 ‹le-

1703 3522 1824 3571 inde
1867 3526 2098 3570 mentes:
2154 3531 2377 3581 corpora
2411 3514 2620 3579 quidem
2671 3520 2780 3559 lamv

1704 3599 2004 3655 inanimata,
2059 3611 2277 3661 quorum
2325 3594 2557 3658 quietem
2611 3596 2769 3645 motu,

1707 3682 1763 3726 et
1787 3683 1982 3724 motum
2007 3675 2186 3738 quiete
2212 3670 2453 3732 mutavit,
2472 3683 2628 3733 quam
2666 3665 2767 3714 ani-

1707 3757 1863 3812 mata,
1885 3750 2123 3798 nimirum
2149 3749 2356 3808 bestias,
2377 3746 2564 3810 quibus
2584 3751 2642 3792 ut
2657 3757 2766 3792 cru-

1706 3828 1909 3877 delibus
1954 3823 2418 3884 mansuetudin'em,
2456 3822 2534 3870 sic
2578 3819 2766 3869 timidis

1705 3904 1977 3968 inspiravit
1999 3902 2434 3966 generositatem;
2460 3904 2664 3947 mentes
2689 3909 2766 3942 ve-

1706 3995 1780 4038 ro,
1805 3980 2052 4030 infernas.

1770 4055 1793 4089 ¹¹
1829 4058 1932 4106 Nec
1951 4056 2033 4119 qui
2064 4061 2231 4104 cuncta
2265 4053 2570 4115 subegerant,
2591 4052 2765 4100 Malce-

1704 4140 1809 4184 rent
1831 4134 2071 4183 dominum
2106 4132 2253 4195 modi]
2284 4129 2406 4181 Hoc
2441 4138 2556 4180 est:
2593 4129 2766 4179 carmi-

1706 4227 1771 4260 na
1810 4225 1925 4275 quae
1969 4212 2140 4260 omnia
2173 4211 2428 4270 vicerant,
2465 4222 2571 4256 non
2606 4207 2769 4255 viuce-

1710 4289 1834 4339 bant
1868 4288 2036 4353 ipsum
2072 4288 2338 4351 Orpheum
2373 4286 2556 4334 horum
2592 4273 2768 4333 carmi-
