3049 4928
543 401 675 469 550

543 573 656 611 rum
675 559 931 625 Religion.
962 559 978 588 ‘
997 561 1195 609 Lumen
1217 559 1333 621 hoc,
1352 559 1489 623 quod
1513 559 1606 609 ho·

542 640 768 689 minibus
800 638 952 702 jussu
994 638 1100 688 Dei
1141 637 1337 701 fugatis
1374 637 1604 687 tenebris

543 715 685 765 diem
722 715 915 772 reddit,
939 715 1076 781 quod
1103 729 1196 779 per
1219 715 1490 765 duodecim
1514 716 1605 764 ho-

546 805 718 841 rarum
753 793 922 855 spatia
953 806 1136 841 cursus
1164 793 1243 841 sui
1268 793 1500 842 ordinem
1526 792 1604 841 di-

539 868 680 931 rigit,
703 869 873 918 Solem
898 869 1003 918 dici
1029 870 1317 927 voluerunt,
1351 883 1455 919 non
1484 871 1605 934 quia

541 944 680 993 solus
718 949 820 1006 e'st,
851 951 908 993 ut
933 945 1139 1010 quidam
1164 945 1364 1008 volunt,
1384 946 1506 1010 quia
1532 945 1604 994 ibi

540 1027 597 1069 et
619 1020 819 1070 Coelum
842 1027 946 1082 est,
968 1028 1022 1070 et
1047 1023 1207 1078 Luna,
1230 1028 1283 1071 et
1309 1023 1412 1070 alia
1445 1023 1605 1085 pluri-

539 1111 622 1145 ma
645 1096 835 1159 sideru,
869 1112 986 1161 quae
1021 1097 1279 1159 videmus,
1311 1111 1375 1146 ex
1417 1098 1604 1162 quibus

541 1173 779 1237 quaedam
825 1188 927 1222 una
969 1173 1123 1237 serie,
1180 1181 1235 1224 et
1290 1175 1605 1225 cohaerentia

538 1255 799 1311 perpetua
831 1250 1082 1314 simulque
1123 1251 1369 1314 copulata
1408 1251 1603 1309 lucent,

540 1324 644 1373 alia
689 1331 802 1374 toto
845 1339 1023 1388 sparsa
1058 1326 1187 1375 caelo
1226 1341 1383 1390 vagos
1424 1340 1603 1376 cursus

536 1400 642 1449 suis
675 1402 960 1451 metiuntur
993 1402 1273 1452 erroribus.
1339 1403 1440 1451 Sed
1483 1403 1603 1452 ideo

537 1477 629 1527 Sol
649 1479 967 1542 appellatur,
988 1479 1110 1544 quia
1127 1494 1241 1528 cum
1259 1481 1403 1530 ortus'
1421 1480 1599 1542 fuerit,

536 1553 832 1605 obscuratis
888 1556 1077 1605 ceteris
1122 1556 1379 1607 sideribus
1425 1557 1601 1606 luceat

536 1630 714 1679 solus.'
778 1632 1026 1681 Martian.
1049 1632 1265 1696 Capella
1301 1632 1393 1681 lib.
1419 1646 1483 1681 ιι.
1515 1634 1599 1682 De

464 1765 468 1772 .
537 1705 588 1755 N
596 1712 709 1770 upt.
733 1706 869 1757 Pbil.
898 1708 973 1757 De
995 1709 1115 1757 Sole
1138 1723 1153 1757 t
1190 1708 1397 1757 ‘Solem
1423 1716 1477 1758 te
1501 1710 1599 1758 La-

536 1782 663 1831 tium
700 1782 1071 1848 vocitat,quod
1096 1784 1234 1833 solus
1251 1784 1443 1834 bonore
1466 1785 1598 1835 Post

535 1857 751 1908 Patrem
775 1859 846 1908 sis
868 1860 1001 1909 lucis
1021 1860 1193 1924 apex-⁹
1227 1862 1378 1911 Idem.

601 1934 817 1997 Respicit
869 1936 1027 1984 omniu
1077 1935 1225 1998 solus]
1296 1936 1597 1986 Macrobius

535 2009 742 2059 Saturn.
788 2009 878 2060 lib.
910 2023 948 2061 1.
1005 2017 1020 2039 ‘
1055 2012 1193 2062 Nam
1239 2019 1295 2061 et
1340 2013 1596 2062 Latinitas

533 2099 674 2147 eum,
719 2086 839 2151 quia
876 2093 1079 2136 tantam
1121 2088 1416 2138 claritatem
1457 2091 1597 2139 solus

534 2160 758 2222 obtinet,
778 2161 937 2210 solem
955 2162 1202 2212 vocavit!
1244 2164 1421 2213 Vallia.

606 2238 774 2287 Verum
783 2240 938 2302 possis
954 2240 1110 2289 dicere
1130 2240 1309 2305 Solem]
1327 2243 1595 2306 Frequens

532 2314 817 2365 Veteribus
854 2314 958 2367 fuit
993 2318 1129 2367 Solis
1164 2334 1279 2368 cum
1316 2322 1435 2370 Deo
1458 2336 1596 2370 com·

532 2393 767 2457 paratio:
815 2393 906 2443 sed
946 2394 1211 2458 praecipue
1255 2395 1318 2445 ad
1361 2396 1594 2445 immobi-

530 2471 632 2520 lem
656 2471 769 2535 ejus
794 2470 1173 2535 providentiam
1187 2473 1597 2537 exprimendam,

531 2547 690 2611 quod,
717 2554 775 2597 ut
802 2548 877 2598 ait
914 2548 1178 2598 Maximus
1206 2549 1329 2611 Tyr.
1372 2563 1529 2601 serm.
1554 2565 1596 2600 1.

529 2625 590 2675 Ὅ
610 2627 731 2675 θεῖος
769 2626 875 2675 νοῦς
913 2625 1035 2675 κατὰ
1067 2624 1157 2685 τὴν
1189 2626 1468 2690 παραβολὴν
1507 2628 1596 2676 τοῦ

528 2702 666 2763 ἡλίου
684 2701 843 2752 πάντα
871 2704 1016 2768 ἐφορᾷ
1047 2702 1132 2751 τὸν
1168 2704 1221 2752 ἐν
1251 2705 1314 2768 τῇ
1345 2707 1412 2768 ’γῇ
1446 2702 1595 2752 τόπον

532 2780 722 2844 ἀθρόως,
766 2780 989 2829 ‘Divina
1032 2794 1196 2840 mens,
1239 2780 1404 2830 instar
1443 2782 1596 2844 Solis,

531 2871 633 2905 uuo
652 2856 801 2905 simul
826 2856 1014 2906 iutuitu
1032 2856 1375 2920 quodcunque
1399 2857 1593 2921 ubique

527 2939 615 2982 est
651 2933 700 2981 iu
743 2940 882 2982 terra
916 2932 1020 2981 loci
1063 2933 1356 2996 prospicit!
1421 2933 1594 2983 Instar

523 3006 680 3066 Solis,
717 3010 853 3073 quia,
878 3016 937 3059 ut
959 3014 1043 3058 est
1061 3008 1200 3072 apud
1224 3009 1605 3072 Claudianum,

524 3084 791 3134 ‘Medium
830 3099 931 3134 non
971 3084 1166 3134 deserit
1203 3099 1426 3149 unquam
1459 3086 1593 3134 Coeli

526 3160 759 3210 Phoebus
781 3160 899 3224 iter,
923 3161 1078 3209 radiis
1103 3168 1277 3210 tamen
1296 3162 1466 3210 omnia
1487 3162 1591 3210 lus-

524 3239 667 3289 trat!
734 3239 839 3289 Sed
870 3240 1033 3289 multo
1058 3255 1209 3304 quam
1230 3241 1317 3289 Sol
1341 3248 1591 3304 praestan-

525 3314 666 3363 tius:
703 3313 840 3363 unde
873 3315 1147 3375 Epictetus
1187 3315 1414 3377 Arriani,
1449 3314 1593 3377 φωτί.

527 3388 630 3452 ζειν
669 3387 764 3439 οἷός
798 3407 855 3439 τε
891 3390 1036 3439 Δἐστὶν
1078 3392 1105 3439 ὁ
1149 3391 1283 3450 ἥλιος
1314 3394 1595 3451 τηλικοῦτον

525 3463 662 3530 μέρος
682 3462 770 3515 τοῦ
791 3467 984 3530 παντὸς,
1005 3466 1173 3529 ὀλίγον
1183 3467 1234 3516 δὲ
1253 3469 1313 3517 τὸ
1330 3469 1596 3531 ἀφώτιστον

526 3544 793 3603 ἀπολιπεῖν,
838 3543 951 3592 ὅσον
989 3541 1087 3593 auu
1127 3545 1173 3592 τ’
1216 3543 1469 3607 ἐπέχεινθαι
1505 3547 1594 3611 πρὸ

525 3623 680 3683 σκιᾶς,
710 3619 770 3679 ἣν
783 3620 814 3679 ἥ
835 3623 902 3682 γῆ
930 3622 1070 3682 ποιεῖ,
1103 3621 1134 3680 ἥ
1160 3620 1212 3670 δὲ
1246 3621 1326 3670 καὶ
1353 3622 1441 3672 τὸν
1459 3624 1596 3683 ἥλιον

524 3697 668 3747 αὐτὸν
685 3698 946 3756 πεποιηκὼς
972 3697 1051 3747 καὶ
1068 3696 1313 3762 περιάγων,
1334 3698 1472 3764 μέρος
1499 3690 1594 3751 ὅντ’

525 3773 672 3827 αὐτοῦ
706 3777 870 3842 μικρὸν
899 3778 962 3827 ὡς
993 3776 1106 3841 πρὸς
1142 3777 1201 3825 τὸ
1238 3776 1370 3842 ὅλον,
1397 3777 1533 3831 οὗτος
1553 3781 1595 3829 δ’

523 3855 579 3903 οὒ
590 3853 780 3905 δύναται
793 3853 986 3903 πάντων
996 3851 1305 3904 αὶσθάνεσθαι.
1338 3856 1354 3884 ‘
1377 3857 1466 3904 Sol
1486 3865 1597 3905 tan-

530 3939 638 3981 tam
657 3931 880 3980 universi
904 3937 1103 3994 partem
1121 3931 1382 3981 illustrare
1403 3939 1597 3997 potest,

525 4008 763 4070 exiguam
788 4006 927 4056 illam
952 4007 1249 4072 relinquens
1274 4008 1477 4057 luminis
1507 4024 1598 4058 ex-

525 4090 745 4147 pertem,
780 4098 931 4147 quam
967 4083 1149 4133 umbra
1173 4089 1330 4132 terrae
1353 4091 1596 4147 occupat.

527 4161 631 4214 Qui
670 4166 842 4210 autem
880 4160 1048 4223 ipsum
1073 4167 1129 4210 et
1153 4160 1278 4209 fecit
1295 4167 1349 4209 et
1374 4160 1594 4210 circum-

524 4239 693 4302 ducit,
725 4252 934 4302 parvam
975 4253 1182 4288 suorum
1224 4252 1440 4299 operum
1476 4253 1595 4302 par-

524 4321 647 4380 tem,
678 4315 722 4366 si
755 4331 872 4367 cum
902 4317 1141 4366 universo
1178 4313 1514 4375 conferatur;
1550 4315 1593 4365 is

1245 415 1461 468 No‘TAE
1509 413 1914 468 vammum
1963 417 2046 468 IN
2096 417 2101 426 '

1680 573 1806 610 vero
1841 574 1940 609 non
1982 565 2161 624 potest
2193 559 2609 611 animadvertere
2644 557 2747 613 om'a

1680 637 1805 688 nia?
1891 640 2178 705 Utriusque
2233 641 2387 698 Solis,
2463 656 2593 690 vero
2654 656 2743 690 seu

1681 713 2007 778 ὑπερονρανίου
2035 716 2051 743 ‘
2067 717 2455 780 supercoelestis
2476 714 2514 777 3’
2536 717 2747 780 ejusque

1678 790 1937 854 imaginis,
1969 793 2217 854 caelestis,
2251 789 2611 841 differentiam
2634 791 2752 840 vide

1681 866 1816 929 apud
1834 868 1900 917 D.
1926 868 2229 931 Dionysium
2270 868 2335 917 de
2373 868 2482 916 div·
2521 881 2666 917 nom.
2706 883 2752 918 c.

1677 947 1725 994 4.
1775 945 1949 993 Deum
1983 946 2197 1010 qnippe,
2231 945 2367 1008 apud
2418 944 2756 1007 Platonicos,

1679 1021 2001 1084 participant
2044 1022 2166 1071 κατὰ
2215 1020 2416 1070 δυνατὸν
2451 1035 2537 1070 res
2577 1035 2759 1070 omnes

1679 1109 1768 1144 seu
1794 1097 1936 1146 entia
1958 1100 2148 1158 omnia,
2165 1098 2229 1147 τὰ
2245 1097 2391 1156 νοητὰ
2411 1097 2493 1146 καὶ
2514 1096 2758 1158 θειότατα,

1677 1170 1894 1232 epium:
1954 1175 2373 1224 ‘intellectualia
2415 1181 2472 1223 et
2526 1176 2756 1223 maxime

1677 1249 1870 1309 divina,
1907 1249 2241 1300 immediate!
2276 1249 2338 1299 τὰ
2361 1247 2570 1308 αἰσθητὰ
2590 1248 2660 1309 δὲ,
2680 1249 2757 1299 διὰ

1674 1328 1764 1385 τῆς
1785 1326 1961 1375 ἑαυτῶν
1980 1326 2199 1391 μονάδος,
2220 1328 2236 1355 ‘
2251 1328 2460 1377 sensilia
2484 1341 2636 1389 vero,
2661 1341 2756 1390 per

1676 1417 1789 1452 eam
1810 1418 1963 1468 quam
1987 1404 2181 1453 babent
2200 1402 2214 1427 '
2246 1418 2361 1453 cum
2385 1404 2509 1452 Deo
2529 1403 2751 1452 actionis

1675 1485 1690 1507 ‘
1715 1479 2005 1529 unitatem!
2071 1480 2128 1529 Si
2159 1479 2282 1543 quid
2306 1480 2470 1543 igitur
2503 1480 2601 1530 Sol
2640 1480 2752 1542 pul·

1674 1555 2000 1616 chritudinis,
2057 1563 2146 1604 aut
2192 1555 2426 1616 virtutis,
2480 1564 2577 1604 eut
2621 1555 2757 1604 lucis

1674 1631 1829 1679 rebus
1874 1630 2206 1682 inferioribus
2243 1630 2482 1693 largitur,
2523 1630 2594 1679 ab
2636 1631 2751 1693 ipso

1672 1707 1925 1767 Pulchro,
1970 1707 2034 1756 ab
2080 1708 2195 1770 ipsa
2238 1707 2469 1763 Virtute,
2525 1706 2596 1756 ab
2639 1706 2750 1770 ipss

1675 1787 1832 1847 Luce,
1846 1786 1943 1835 hoc
1962 1793 2062 1849 est,
2083 1801 2115 1834 a
2140 1787 2275 1847 Deo,
2297 1790 2603 1833 mutuatur:
2633 1785 2750 1833 binc

1670 1862 1880 1911 Platoni
1915 1861 2049 1910 libro
2072 1876 2147 1912 vi.
2171 1862 2237 1911 de
2263 1862 2397 1924 Rep.
2433 1859 2632 1922 ἔκγονος
2666 1856 2754 1909 τοῦ

1669 1935 1864 2000 ἀγαθοῦ,
1887 1944 1901 1965 ⁴
1921 1935 2226 2001 progenies'
2252 1951 2342 1985 seu
2366 1941 2381 1965 ⁸
2402 1936 2569 2000 ipsius
2584 1935 2751 1985 Boni’

1670 2012 1804 2062 filius
1827 2013 2140 2076 appellatur.
2197 2013 2333 2062 Haec
2373 2013 2591 2077 quidem
2626 2027 2753 2063 vere

1672 2096 1820 2138 vetus
1872 2090 2129 2152 sapientia
2169 2090 2388 2151 protulit
2412 2105 2428 2137 t
2467 2096 2524 2138 at
2564 2090 2755 2139 eadem

1670 2165 1918 2228 paulatim
1958 2171 2036 2213 tot
2076 2164 2209 2213 Solis
2249 2164 2513 2227 laudibus,
2560 2174 2643 2216 tot
2662 2181 2753 2216 en·

1668 2241 1851 2291 conniis
1866 2242 1942 2291 sic
1962 2242 2123 2291 abusa
2140 2248 2238 2305 est,
2254 2250 2311 2291 ut
2332 2242 2547 2292 tandem
2563 2244 2749 2294 Genti-

1668 2321 1764 2371 bus
1784 2321 2005 2384 coeperit
2021 2334 2134 2369 esse
2155 2321 2312 2382 Deus,
2329 2320 2415 2385 qui
2439 2320 2668 2370 famulus
2691 2329 2747 2371 et

1669 2397 1907 2446 minister
1928 2403 2076 2446 erat:
2112 2403 2268 2461 atque
2289 2397 2441 2458 adeo,
2467 2398 2508 2446 si
2538 2398 2746 2447 Macro-

1669 2475 1756 2525 bio
1777 2476 1991 2540 aliisque
2017 2474 2192 2523 multis
2213 2472 2343 2523 fides
2377 2474 2627 2524 habenda
2652 2484 2751 2536 est,

1670 2565 1802 2599 tinus
1827 2558 1939 2599 toto
1963 2550 2085 2599 orbe
2108 2550 2219 2611 Sol,
2251 2550 2378 2599 licet
2402 2551 2502 2599 sub
2528 2551 2750 2600 diversis

1665 2628 1835 2690 Jovis,
1875 2627 2085 2683 Martie,
2120 2625 2394 2687 Mercurii,
2430 2624 2596 2691 atque
2625 2627 2747 2676 alio-

1672 2719 1782 2753 rum
1822 2709 2049 2759 omnium
2088 2703 2399 2767 nominibus,
2430 2704 2604 2753 cultus
2626 2703 2746 2754 fuit.

1670 2780 1963 2845 Multisque
1991 2779 2195 2829 saeculis
2226 2792 2404 2827 omnes
2443 2794 2601 2843 poene
2618 2794 2750 2830 mor-

1669 2858 1799 2906 tales
1818 2858 1901 2906 bic
1919 2871 2066 2905 error
2089 2855 2334 2905 obtinuit.
2404 2855 2522 2905 Imo
2545 2863 2603 2904 et
2627 2863 2746 2919 post

1669 2936 2051 2985 reconciliatam
2093 2948 2216 2983 vero
2259 2934 2380 2982 Deo
2425 2942 2746 2990 creaturam,

1667 3012 2043 3076 Euangeiiique
2079 3011 2274 3072 lumen,
2293 3011 2493 3072 reperti
2518 3011 2745 3073 philoso-

1668 3090 1754 3152 pbi
1774 3089 2015 3140 Julianus
2052 3084 2345 3149 ἀποστάτης,
2391 3088 2615 3136 Procius
2652 3090 2747 3151 Ly·

1665 3167 1794 3228 cius,
1811 3174 1967 3230 atque
1988 3165 2093 3227 alii,
2107 3163 2273 3227 jurati
2292 3163 2630 3225 Christianus,
2649 3165 2747 3213 hoc

1667 3251 1771 3304 est,
1821 3242 2054 3292 coelestis
2106 3241 2342 3289 veritatis
2396 3240 2602 3302 hostes,
2660 3242 2747 3305 qui

1667 3318 1836 3384 Μίθρᾳ,
1873 3319 2015 3367 ‘Soli
2034 3317 2048 3340 ⁹
2079 3324 2204 3367 vota
2238 3331 2523 3381 precesque
2547 3331 2748 3368 nuncu·

1669 3406 1882 3460 parunt,
1927 3408 2148 3459 eumque
2194 3394 2293 3443 sibi
2335 3393 2640 3444 viventibus
2685 3401 2741 3444 et

1668 3472 1887 3521 mortuis
1931 3469 2052 3520 Θεδν
2092 3470 2279 3532 εὐμενῆ,
2317 3470 2742 3534 ‘Deumpropi-

1669 3548 2155 3612 tium’deprecati
2195 3553 2349 3597 sunt:
2401 3547 2595 3612 cuique
2637 3547 2743 3610 ille,

1671 3627 1714 3676 si
1750 3626 1903 3675 modo
1939 3640 1970 3674 e
2004 3625 2144 3675 bello
2167 3623 2386 3673 Persico
2409 3623 2583 3673 victor
2606 3624 2747 3674 redi-

1671 3704 1813 3765 isset,
1851 3708 1931 3750 tot
1968 3701 2207 3749 victimas
2231 3705 2286 3749 et
2307 3697 2568 3748 sacrificia
2593 3713 2744 3763 para·

1670 3780 1780 3843 bat,
1813 3785 1871 3828 ut
1895 3778 2166 3828 defuturos
2190 3777 2352 3826 boves
2372 3776 2641 3827 Romanus
2660 3792 2746 3828 or·

1671 3857 1752 3906 bis
1796 3854 2047 3914 timuerit,
2090 3851 2299 3916 quibus,
2335 3851 2485 3900 annis
2527 3852 2744 3916 aliquot,

1669 3933 1822 3982 tellus
1876 3929 2100 3993 alioquin
2155 3934 2431 3977 cessatura
2485 3935 2745 3979 araretur.

1670 4008 1760 4058 Sol
1793 4008 1954 4071 igitur
1988 4006 2221 4053 Deorum
2256 4003 2469 4052 ultimus
2513 4017 2635 4052 aras
2656 4004 2743 4052 ba-

1670 4085 1803 4146 buit,
1839 4082 2027 4146 quique
2051 4095 2167 4129 eum
2203 4077 2491 4128 formidant
2524 4083 2585 4127 et
2618 4078 2742 4128 ode·

1670 4166 1791 4211 runt
1828 4161 2129 4218 Daemones,
2161 4169 2260 4219 pro
2297 4154 2412 4203 Deo
2447 4153 2740 4203 bominibus

1659 4234 1991 4286 adorandum
2027 4238 2343 4297 postremum
2382 4230 2612 4280 omnium
2648 4230 2740 4279 ob·

1675 4317 1961 4365 truseruut.
2030 4309 2179 4359 -Haec
2236 4306 2403 4357 obiter
2452 4320 2737 4371 monemus,
