3049 4928
1002 384 1521 459 ramosornrffi
1579 388 1725 443 ms.
1769 387 1821 435 1.

312 535 473 620 ejus,
503 532 928 600 mortalium!
962 538 1179 597 rerum
1222 524 1398 596 nube
1448 531 1829 615 caligantia,
1879 536 2241 615 tergamus.

2426 373 2513 439 81

2296 580 2299 587 ‚
2328 534 2512 603 Haec

312 639 502 718 dixit,
529 640 905 723 oculosque
932 656 1119 703 meos
1137 635 1413 704 fletibus
1436 636 1792 734 undantes,
1822 643 2162 706 contracta
2180 640 2253 709 in
2273 660 2510 725 rugam

318 748 511 822 veste,
545 743 854 808 siccavit.

366 890 399 934 s
426 892 749 942 Caducarum.

1304 956 1515 1008 NOTA-3

310 1056 529 1108 caducas
591 1055 897 1109 afficeretur
940 1055 1177 1119 tristitia,
1224 1057 1370 1120 cujus

312 1134 452 1198 signa
487 1140 613 1183 sunt
648 1132 874 1187 ‘fletus-2
940 1134 1213 1183 Praeterea
1251 1130 1373 1181 Phi-

309 1210 536 1274 losophia
557 1210 575 1238 ‘
595 1210 774 1260 oculos
793 1209 809 1232 '
834 1208 1045 1259 Boethii
1065 1210 1081 1238 ‘
1101 1216 1374 1260 contracta

312 1288 358 1337 in
377 1302 557 1351 rugam
580 1295 732 1337 veste
752 1286 1002 1337 abstersit
1017 1285 1373 1353 siccavitque-3

309 1368 324 1394 ⁸
348 1364 635 1416 Abstersit’
657 1363 865 1428 quidem
885 1364 969 1413 et‘
981 1363 1235 1426 siccavit,'
1251 1363 1375 1427 quia

309 1447 531 1491 mentem
553 1439 704 1489 exuit
718 1496 723 1508 Ι
737 1437 1218 1503 perturbationibus
1241 1455 1373 1504 prae-

312 1517 487 1580 cipuis,
531 1516 676 1565 unde
721 1515 993 1580 praedictae
1044 1517 1273 1567 tenebrae
1317 1521 1374 1567 et

312 1594 562 1644 tristitiae:
595 1595 613 1621 ‘
639 1591 944 1643 contracta'
992 1605 1114 1642 vero
1159 1592 1245 1643 ‘in
1290 1607 1374 1643 ru-

313 1685 423 1733 gam
456 1667 642 1735 veste,’
680 1670 779 1720 hoc
812 1675 916 1733 est,
950 1667 1118 1721 verbis
1151 1670 1372 1737 philoso-

1455 1056 1620 1120 phicis
1643 1057 1878 1108 oratione
1896 1057 2217 1122 conjunctis:
2253 1068 2348 1108 usu
2368 1057 2515 1124 quip-

1457 1149 1524 1198 pe
1560 1137 1905 1202 cogitationes
1948 1153 2067 1188 cnm
2102 1137 2293 1200 verbis,
2330 1137 2515 1203 quibus

1455 1213 1732 1277 significari
1753 1217 1939 1275 solent,
1965 1217 2040 1266 ita
2059 1217 2355 1280 conjuncta·
2379 1223 2521 1279 sunt,

1453 1294 1516 1338 ut
1548 1291 1830 1354 saepissime
1863 1292 1957 1341 bas
1997 1291 2361 1355 cogitationes,
2394 1306 2518 1354 non,

1455 1365 1555 1414 nisi
1595 1368 1768 1418 verbis
1805 1368 1859 1417 in
1894 1368 2192 1419 memoriam
2237 1368 2519 1430 revocatis,

1452 1443 1788 1494 recordemur
1807 1461 1821 1495 ε
1856 1460 2015 1510 supra
2029 1451 2203 1499 autem
2217 1444 2415 1495 dictum
2438 1453 2519 1496 est

1453 1514 1629 1569 vestes
1653 1520 2002 1588 Philosophiae
2036 1537 2151 1573 esse
2175 1536 2327 1573 voces
2351 1522 2515 1587 philo-

1453 1595 1714 1660 sophicae.

1112 2051 1538 2120 METRUM
1585 2020 1726 2121 1⁸11.

391 2218 615 2284 TUNc
648 2216 796 2283 me¹¹
841 2218 1156 2286 discussa
1185 2222 1516 2306 liquerunt
1544 2227 1742 2288 nocte
1775 2226 2096 2304 tenebrae,

482 2322 1014 2406 Luminibusque
1044 2323 1227 2407 prior
1254 2325 1705 2408 rediit-vigor:

396 2425 494 2491 Ut
527 2422 719 2490 cumi
764 2424 1106 2509 praecipiti
1134 2427 1577 2514 glomerantur
1606 2430 1831 2496 sidera
1862 2429 2065 2512 Cere,

484 2529 977 2613 Nimbosisque
1005 2530 1210 2614 polus
1242 2532 1428 2597 stetit
1457 2533 1849 2615 imbribuS,¹¹¹

378 2678 526 2740 Tunc,
551 2678 708 2741 inquit
737 2677 984 2755 Boethius,
1013 2679 1216 2728 tenebra
1236 2680 1546 2731 discesserunt
1570 2697 1601 2731 a
1621 2698 1710 2745 me,
1730 2683 1937 2744 caligine
1958 2685 2211 2747 dissipata,
2227 2689 2273 2733 et
2297 2685 2384 2733 lux
2400 2683 2524 2747 pris-

317 2744 416 2794 tina
449 2744 656 2795 revertit
675 2744 822 2793 oculis
850 2744 997 2793 meis.-
1031 2746 1413 2807 quemadmodum
1444 2748 1627 2822 quando
1647 2750 1798 2797 stella·
1819 2748 2123 2799 involvuntur
2142 2765 2173 2797 a
2200 2751 2322 2797 Coro
2345 2749 2529 2811 rapido,

317 2815 445 2859 uento
462 2809 678 2871 occiduo,
701 2813 748 2859 et
769 2809 935 2859 coelum
957 2810 1141 2859 velatur
1178 2808 1379 2859 nubibus
1412 2809 1682 2874 pluviarum
1711 2812 1969 2876 foecundis,
2006 2814 2094 2863 Sol
2128 2814 2447 2875 absconditur,
2479 2818 2525 2860 et

1318 2924 1533 2976 NOTAE

377 3020 400 3054 '¹
440 3023 579 3073 'runc
600 3021 697 3086 me]
731 3021 886 3071 Meus
926 3020 1137 3072 Boethii
1178 3028 1383 3086 pertur-

320 3096 617 3149 bationibus
657 3089 931 3149 obscurata
962 3114 1107 3148 suum
1143 3098 1380 3163 prins'lu-

318 3193 427 3229 men
447 3179 728 3229 amiserat:
754 3185 857 3227 non
874 3194 1022 3228 secus
1039 3193 1100 3228 ac
1115 3178 1382 3227 oculi'cor-

320 3257 470 3321 poris,
483 3255 774 3307 accedente
787 3265 966 3319 nocte,
978 3257 1207 3308 tenebris
1223 3256 1384 3306 invol-

319 3339 527 3384 vuntur.
592 3333 698 3383 Sed
743 3334 832 3383 vix
883 3333 1243 3397 Philosophia,
1287 3348 1386 3384 ceu

318 3422 505 3460 novum
539 3410 706 3472 sidus,
734 3408 970 3472 emicuit,
1004 3425 1119 3460 cum
1155 3409 1387 3473 ejusdem

321 3486 525 3538 Boethii
551 3502 715 3549 mens,
729 3486 1212 3552 perturbationibus
1236 3488 1385 3537 seda·

321 3563 409 3627 tis,
430 3580 523 3614 sno
546 3566 708 3629 priori
729 3566 920 3615 lumine
944 3571 1185 3615 recreata
1206 3566 1388 3630 coepit,

322 3647 378 3690 ut
401 3649 522 3692 ante
545 3648 908 3704 consueverat,
932 3641 1127 3692 videre.

343 3715 351 3728 '
387 3716 408 3787 *ἡ
434 3717 501 3767 Ut
532 3717 662 3780 cum]
711 3718 919 3767 Eximia
956 3716 1242 3767 similitudo
1278 3717 1386 3765 sive

284 3795 289 3800 ’
323 3787 487 3848 oratio
512 3794 793 3844 traducens
829 3794 896 3843 ad
927 3802 1151 3844 mentem
1187 3808 1253 3841 ex
1275 3807 1387 3842 cor·

325 3881 444 3931 pore
468 3870 668 3933 dispari
691 3870 859 3920 simile
882 3885 905 3920 z·
931 3872 1016 3921 bic
1048 3876 1219 3920 antem
1247 3875 1391 3938 ter-ra

326 3944 489 3997 refert
529 3954 792 4008 mentem;
823 3947 936 4009 Sol,
971 3946 1388 4010 Philosophiam3

330 4021 505 4084 nubes,
552 4023 1010 4085 perturbationes;
1045 4023 1204 4087 venti,
1241 4023 1390 4085 spiri-

331 4097 408 4145 tus
426 4097 879 4161 perturbationum
901 4106 1145 4163 parentes
1163 4115 1179 4159 ς
1213 4113 1316 4148 nox
1337 4104 1392 4148 et

330 4171 433 4223 dies
456 4175 914 4239 alterna-alternas
939 4175 1312 4240 ignorationem
1337 4183 1393 4227 et

332 4246 727 4312 intelligentiam
754 4250 1012 4303 referunt.

462 4330 634 4395 Delph.
656 4337 703 4383 et
736 4331 852 4383 Ver.
877 4333 1010 4383 Clas.

1537 3026 1876 3077 Glomerantur
1896 3025 2080 3089 sidera]
2111 3026 2127 3053 ‘
2143 3024 2426 3088 Glomerof
2452 3023 2529 3072 di-

1464 3103 1604 3153 citnr
1621 3120 1653 3153 a
1667 3106 1883 3168 glomus,
1901 3118 1967 3153 un
1983 3104 2171 3167 pelotou
2186 3104 2245 3150 de
2248 3100 2317 3165 fil
2325 3115 2344 3158 ,⁸
2366 3115 2528 3166 quare

1467 3193 1585 3228 cum
1609 3180 1807 3244 glomus
1823 3194 1889 3228 ex
1912 3193 1975 3228 eo
1997 3177 2107 3241 fiat,
2121 3176 2259 3241 quod
2278 3174 2420 3225 filum
2442 3175 2531 3225 filo

1465 3253 1777 3304 circumacto
1801 3254 2112 3315 involvatur,
2132 3255 2147 3281 ⁸
2162 3252 2335 3302 sidera
2350 3250 2366 3274 ’
2391 3266 2529 3304 nunc

1467 3330 1713 3381 dicuntur
1747 3331 1764 3358 ‘
1784 3328 2093 3394 glomerari‚'
2120 3327 2255 3393 quod
2292 3327 2410 3395 haec
2437 3344 2531 3378 nu·

1465 3401 1618 3456 bibus
1674 3404 2208 3457 circumfundentibus
2265 3405 2533 3455 involvan-

1467 3488 1574 3532 tur.
1610 3483 1797 3547 Neque
1820 3483 1956 3532 enim
1977 3481 2261 3547 putandum
2276 3489 2375 3545 est,
2395 3480 2533 3531 Boe-

1468 3560 1632 3610 thium
1656 3560 1980 3616 existimasse
1995 3561 2171 3610 stellas
2188 3575 2342 3625 posse
2366 3553 2536 3609 ventis

1470 3635 1547 3685 ita
1575 3636 1788 3700 moveri,
1807 3642 1865 3686 ut
1902 3636 2083 3686 iisdem
2120 3636 2182 3686 ad
2216 3651 2274 3686 se
2311 3636 2535 3686 invicem

1468 3713 1837 3762 accedentibus
1861 3711 2117 3777 quoddam
2153 3711 2245 3764 fiat
2265 3712 2534 3761 stellarum

1467 3803 1669 3852 agmen.
1735 3789 1854 3839 Hoc
1897 3788 2012 3838 fere
2060 3789 2214 3839 modo
2259 3789 2448 3853 Virgil.
2495 3802 2536 3838 1.

1468 3864 1669 3930 Georg.
1701 3882 1780 3916 vs.
1815 3870 1932 3916 328.
1972 3867 2151 3916 canit:
2192 3867 2215 3895 ⁴
2240 3866 2313 3918 Et
2346 3865 2535 3914 tbedam

1472 3939 1766 4008 glomerant
1829 3949 2200 4009 tempestatem
2280 3943 2533 3993 imbribus

1471 4021 1600 4070 atris
1627 4022 1877 4072 Collectae
1899 4036 1964 4071 ex
1986 4021 2095 4071 alto
2120 4020 2320 4070 nubes.’

1540 4097 1686 4161 Coro]
1719 4098 1902 4161 Corus,
1944 4098 2053 4147 sive
2092 4093 2316 4159 Caurus,
2349 4089 2537 4145 ventus

1472 4181 1554 4223 est
1577 4173 1704 4223 flans
1728 4176 1794 4223 ab
1817 4174 2024 4225 Occasu
2049 4173 2231 4240 aestivo
2245 4188 2260 4244 ξ
2296 4171 2432 4220 unde
2453 4171 2537 4220 bic

1474 4241 1676 4301 ventus
1696 4251 1769 4301 nic
1796 4249 2088 4301 contrarius
2118 4256 2200 4298 est
2232 4248 2417 4308 motui,
2437 4262 2537 4313 quo

1351 4325 1527 4384 Boiith.
2369 4330 2410 4378 F
