3049 4928
458 342 556 412 36
1294 363 1600 415 son'rnu
1650 365 1847 414 viu.

467 509 852 575 restabant:
898 511 968 572 et
994 504 1141 592 jam
1169 510 1454 575 multum
1481 516 1924 594 processerat,
1964 509 2409 595 Augustinum
2462 532 2666 581 secu-1

467 615 599 689 tuS,
620 617 692 676 ut
721 612 869 693 ipse
902 609 985 674 de
1012 611 1340 678 Trinitate
1373 612 1460 678 ad
1490 612 1972 698 Symmachum
2003 617 2305 681 scribens
2338 616 2664 683 affirmat:

469 712 774 791 ‘Vobis,'
802 715 1055 797 inquit,
1109 715 1660 799 ‘inspiciendum
1690 723 1819 794 est,
1859 736 1946 781 an
1974 710 2070 782 ex⁴
2090 720 2275 784 beati
2301 718 2664 800 Augustini
2759 732 2766 739 ·

468 818 741 900 scriptis
773 816 1032 881 semina
1072 817 1402 882 rationum
1452 818 1519 881 in
1563 836 1690 882 nos
1734 818 2072 883 venientia
2114 819 2365 901 fructus
2395 821 2663 915 aliquos

464 917 846 985 intulerint!
917 920 1028 983 Ex
1057 920 1305 1004 quibus
1335 918 1505 984 illud
1539 920 1748 983 etiam
1769 920 2106 1005 conjicere
2134 941 2515 1005 possumuS,
2546 942 2667 988 cur

465 1041 647 1087 nono
679 1021 947 1087 demum
978 1041 1150 1087 anno
1175 1021 1645 1086 Theodoricus
1676 1021 2069 1087 Severinum
2097 1030 2164 1087 et
2192 1024 2666 1108 Symmachum

462 1124 758 1190 necarit.
806 1143 890 1189 an
919 1125 1083 1208 quia
1111 1143 1319 1189 senex
1346 1125 1415 1187 in
1445 1123 1834 1206 opinionem
1861 1123 2009 1188 Arii
2041 1123 2311 1204 defecit,
2348 1133 2416 1191 et
2444 1127 2665 1191 inimi-

465 1246 590 1291 cus
647 1227 819 1292 adeo
879 1225 1253 1292 Catholicis
1312 1227 1551 1305 evasit,
1592 1229 1665 1292 ut'
1711 1246 1947 1292 eorum
1990 1208 2240 1311 templa
2287 1229 2548 1294 diruere
2590 1231 2660 1294 in

467 1328 673 1394 Italia
700 1329 1010 1409 voluerit,
1042 1330 1104 1395 si
1133 1328 1180 1394 J
1183 1329 1446 1394 ustinus
1473 1327 1812 1394 Arianos
1793 1349 1860 1392 m
1886 1325 2061 1393 Asia
2089 1349 2226 1394 non
2254 1332 2659 1397 restitueret?

467 1424 1003 1515 Propugnatores
1028 1439 1254 1498 autem
1285 1432 1431 1497 sani
1460 1431 1798 1515 dogmatis
1826 1453 1981 1498 cum
2000 1434 2171 1497 alias
2203 1451 2496 1517 semper,
2515 1441 2661 1500 tum

464 1536 808 1619 praecipue
849 1555 934 1601 eo
966 1541 1298 1619 tempore,
1330 1534 1669 1600 Boethius
1697 1544 1767 1600 et
1792 1536 2235 1620 Symmachus
2269 1539 2659 1621 extiterunt.

466 1635 919 1716 Quamobrem
982 1644 1307 1722 tyrannus
1363 1638 1709 1723 conjectos
1762 1640 1829 1702 in
1891 1657 2220 1704 carcerem
2276 1641 2663 1707 obtruncari

455 1739 685 1822 jussit.
771 1739 995 1803 Ticini
1038 1739 1279 1805 incolae
1323 1758 1589 1823 semper
1619 1759 1662 1804 a
1704 1741 2074 1826 maj0ribus
2126 1737 2444 1807 traditum
2498 1762 2659 1808 con-

466 1846 729 1904 stanter
754 1847 1168 1919 asseverant,
1189 1841 1604 1920 Severinum,
1630 1861 1784 1907 cum
1808 1843 2023 1925 regius
2056 1842 2436 1925 spiculator
2462 1842 2664 1908 letale

462 1943 709 2007 'vulnus
731 1942 1092 2022 intulisset,
1115 1947 1400 2027 utraque
1428 1965 1632 2010 mauu
1654 1943 1986 2010 divulsum
2006 1949 2214 2028 caput
2231 1946 2659 2024 sustinuisse,

463 2045 1072 2129 interrogatumque
1102 2064 1145 2109 a
1176 2065 1465 2129 quonam
1511 2066 1585 2110 se
1632 2065 2036 2130 percussum
2078 2039 2515 2125 existimaret,
2547 2046 2661 2110 Ab

462 2147 717 2231 impiiS,
750 2148 1226 2231 respondisse;
1287 2154 1486 2231 atque
1542 2150 1640 2214 ita
1687 2169 1840 2213 cum
1883 2151 1952 2213 in
1996 2150 2292 2216 vicinum
2336 2149 2661 2233 templum

462 2251 784 2328 venisset,
834 2256 904 2313 et
935 2238 1146 2315 'flexis
1195 2243 1476 2333 genibus
1524 2256 1682 2316 ante
1734 2252 1942 2316 altare
1991 2272 2188 2317 sacra
2225 2253 2659 2336 percepisset,

462 2358 626 2436 post
685 2350 965 2435 paulum
1024 2353 1397 2436 expirasse.
1541 2352 1899 2420 Extinctus
1963 2353 2223 2419 divinos
2279 2355 2560 2420 honores
2605 2373 2663 2418 ‘a

462 2455 707 2520 'nostris
757 2460 1171 2520 consecutus
1227 2461 1354 2535 est,
1394 2455 1581 2541 quod
1630 2476 1755 2541 pro
1789 2455 2162 2524 Catholicis
2194 2464 2435 2524 contra
2464 2456 2661 2542 perfi-
2767 2496 2771 2502 -

469 2557 652 2622 diam
694 2557 846 2621 Arii
890 2562 1165 2623 mortem
1199 2558 1616 2635 sustinuerit.
1696 2559 1874 2623 Sunt
1917 2560 2036 2643 qui
2079 2561 2398 2641 scribant,
2433 2561 2659 2644 ipsum

465 2667 664 2725 antea
692 2659 1096 2725 Ravennam
1126 2661 1552 2740 accersitum,
1572 2660 2041 2745 Praetorioque
2072 2662 2286 2745 Regis
2331 2664 2659 2748 praeposi-

462 2770 632 2842 tum,
656 2782 819 2828 mox
844 2779 1009 2827 cum·
1030 2763 1290 2848 aliquot
1313 2764 1746 2830 senatoribus
1766 2764 2066 2829 occisum
2092 2785 2109 2830 ε
2140 2764 2321 2849 quod
2351 2763 2658 2849 Symma-

462 2866 590 2931 cho
624 2866 853 2949 potius
886 2868 1249 2931 ‘convenire
1278 2867 1562 2933 videtur.
1651 2868 1880 2933 Turris
1910 2870 2087 2933 enim
2107 2867 2397 2932 lateritio
2419 2866 2656 2951 &lapide

457 2965 826 3033 fabrefacta
879 2968 1245 3032 etiamnum
1296 2968 1521 3033 Ticini
1572 2961 2008 3051 monstratur,
2064 2968 2334 3034 Boethii
2388 2988 2656 3051 carcer;

460 3068 982 3153 sepulcrumque
1030 3072 1178 3156 ejus
1233 3070 1306 3133 in
1358 3068 1503 3133 aede
1551 3069 1731 3134 beati
1778 3068 2176 3151 Augustini„
2205 3070 2470 3151 visitur,
2517 3090 2659 3154 qua

459 3165 655 3255 parte
701 3171 770 3237 in
829 3171 1099 3258 adytum
1160 3170 1395 3253 templi
1451 3188 1771 3237 ascensus
1818 3170 2079 3257 incipit,
2111 3171 2253 3237 -hoc
2284 3171 2653 3259 Epitaphio

358 3265 365 3272 ’
456 3275 784 3343 incisum:

631 3478 936 3546 Moeonia
963 3487 1034 3545 et
1058 3479 1260 3546 Latia
1285 3481 1520 3565 lingua
1548 3481 1992 3560 clarissimus,
2023 3479 2234 3564 etqui

608 3643 613 3648 .
717 3580 975 3647 Consul
1005 3603 1210 3663 eram,
1230 3584 1337 3649 hic
1362 3586 1559 3669 perii,
1589 3586 1838 3651 missus
1864 3575 1937 3649 in
1966 3584 2267 3649 exilium.

631 3682 720 3750 Et
749 3684 912 3767 quia
938 3703 1124 3750 mors
1152 3686 1403 3770 rapuit,
1430 3687 1744 3771 probitas
1774 3705 1882 3751 me
1903 3687 2096 3752 vexit
2125 3686 2212 3751 ad
2240 3703 2461 3751 auras.

718 3786 824 3850 En
848 3805 1026 3853 nunc
1055 3788 1240 3854 fama
1269 3790 1451 3872 viget
1476 3791 1799 3870 maxima,
1819 3789 2002 3857 vivet
2022 3808 2210 3872 opus·

459 3902 649 3987 [Vid.
682 3903 956 3970 Praefat.
985 3906 1441 3991 Bertiifi‘supra
1469 3928 1537 3992 p.
1566 3906 1707 3987 22]

530 4051 1027 4165 ‘Circumfertur
1088 4107 1160 4165 et
1227 4100 1413 4166 aliud
1474 4099 1814 4183 Elogium,
1868 4118 2007 4184 quo
2067 4095 2445 4183 sepulcrum
2507 4093 2655 4179 ejus

459 4201 904 4268 exornabatur
953 4207 1300 4291 antequam
1337 4203 1479 4270 illic
1523 4221 1566 4270 a
1612 4201 2027 4289 Luitprando
2070 4196 2657 4285 Longobardorum
