3049 4928
508 404 599 471 60

1219 421 1305 469 EO
1316 415 1521 470 ss‘rmi
1573 421 1669 471 DE
1717 421 2025 473 ooNsot„

1499 580 1720 631 NOTAE

508 699 652 751 met!
720 697 839 749 Non
856 698 1114 763 omittam,
1136 702 1270 766 quod
1293 701 1566 753 Gramma·

510 776 601 827 tici
637 777 843 839 docent,
873 777 890 805 ‘
915 778 1129 827 saltem’
1164 785 1343 829 natum
1381 791 1495 830 esse
1538 796 1569 830 a

509 854 753 918 captivis,
784 853 873 920 qui
900 854 1026 904 nihil
1059 856 1197 906 alind
1229 865 1423 922 praeter
1446 858 1462 887 6
1488 873 1567 908 sa·

508 932 672 982 lntem
688 927 703 954 ⁹
725 946 756 980 a
778 931 981 981 victore
1003 938 1209 996 petunt.

573 1005 597 1038 f
616 1006 817 1071 Gloria]
882 1008 1080 1071 Honos,
1132 1009 1269 1059 bona
1319 1009 1475 1074 fama,
1514 1017 1574 1061 et

509 1085 673 1148 gloria
690 1084 765 1134 ita
787 1084 924 1134 inter
945 1099 1001 1134 se
1040 1084 1308 1150 differunt,
1327 1094 1387 1137 ut
1407 1089 1573 1138 honos

509 1163 767 1228 quoddam
804 1162 872 1211 sit
919 1177 1097 1227 genus,
1133 1164 1220 1214 cui
1270 1163 1575 1228 subjiciatur

509 1240 733 1304 primum
769 1238 977 1304 quidem
1008 1239 1140 1289 bona
1176 1239 1348 1301 fama3
1381 1238 1574 1289 deinde

511 1313 704 1378 gloria:
741 1329 896 1379 quare
931 1316 1066 1365 sicut
1097 1316 1277 1375 honos,
1300 1316 1375 1366 sic
1408 1315 1575 1379 gloria

506 1391 793 1455 generatim
827 1396 908 1441 est
943 1391 1082 1442 bona
1134 1393 1340 1442 virtutis
1391 1392 1575 1441 alienae

510 1469 844 1535 existimatio,
857 1470 1002 1534 signo
1019 1469 1188 1534 aliquo
1210 1468 1543 1520 manifestata
1563 1486 1575 1517 z

509 1543 603 1595 sed
641 1545 799 1595 bonos
829 1553 1005 1610 potest
1045 1561 1160 1596 esse
1201 1548 1380 1608 unius3
1437 1546 1577 1597 bona

509 1619 668 1685 fama,
684 1634 788 1670 non
809 1622 907 1672 nisi
922 1623 1296 1684 multitudinis;
1318 1630 1374 1672 et
1390 1623 1576 1687 gloria,

507 1699 668 1747 etiam
701 1696 1025 1762 optimatum
1064 1699 1193 1748 bene
1217 1700 1282 1748 de
1302 1706 1356 1748 te
1395 1698 1577 1747 existi·

508 1773 789 1824 mantium:
840 1775 980 1837 hinc,
1029 1780 1240 1823 auctore
1293 1774 1574 1837 scaligero,

509 1850 674 1914 gloria
692 1850 887 1900 dicitur
907 1852 1052 1916 quasi
1078 1851 1095 1879 6
1121 1848 1333 1914 glosia:’
1366 1863 1576 1913 quomo·

511 1926 579 1976 do
603 1941 709 1991 ara,
730 1928 886 1990 lares,
917 1941 1094 1988 arena,
1118 1926 1263 1991 quasi
1292 1929 1308 1954 ‘
1328 1925 1449 1988 asa,’
1465 1926 1482 1953 6
1501 1927 1575 1975 la-

512 2003 631 2068 ses,’
666 2005 683 2032 6
702 2018 861 2055 asena
880 2003 913 2052 :’
949 2005 965 2032 6
990 2001 1182 2067 glosia’
1208 2007 1381 2051 autem
1410 2002 1577 2051 oritur

511 2094 579 2129 ex
596 2081 824 2140 γλῶσσα,
846 2078 899 2127 id
924 2086 1019 2140 est,
1043 2078 1235 2140 lingua,
1259 2075 1396 2142 quod
1413 2077 1580 2140 gloria

508 2158 577 2206 sit
596 2155 735 2206 fama
753 2156 936 2220 ingens
959 2156 1024 2204 de
1059 2154 1277 2216 alicujus
1299 2154 1493 2206 virtute
1516 2168 1578 2204 ac

508 2234 727 2284 meritis.
793 2232 932 2282 Hinc
961 2232 1028 2280 de
1056 2245 1112 2280 se
1137 2231 1367 2281 Ennius:
1434 2232 1449 2260 ‘
1473 2232 1579 2281 Vo-

510 2309 604 2358 lito
631 2306 767 2356 vivu'
786 2320 880 2371 per
908 2321 995 2356 ora
1018 2305 1223 2356 virum!
1289 2306 1440 2359 Quod
1465 2306 1577 2355 imi·

510 2389 655 2434 tatur
692 2383 874 2446 virgil.
932 2382 1133 2432 AEneid.
1189 2396 1295 2431 xu-
1340 2396 1414 2431 vs.
1462 2386 1578 2433 236.

509 2461 525 2489 6
550 2457 812 2509 Succedet
831 2455 988 2520 fama,
1009 2457 1258 2523 vivusque
1281 2473 1375 2521 per
1393 2473 1483 2508 ora
1500 2456 1576 2507 fe-

511 2536 688 2586 retur.’
755 2535 915 2583 Fama
938 2541 1110 2583 autem
1126 2550 1227 2585 non
1250 2536 1351 2584 alia
1373 2534 1439 2584 de
1456 2550 1579 2585 cau-

511 2626 568 2660 sa
588 2610 814 2660 babetur
847 2610 1046 2675 ingens,
1068 2610 1165 2660 nisi
1189 2611 1325 2676 quod
1348 2612 1460 2662 baec
1482 2628 1581 2678 per

420 2726 425 2732 ,
510 2694 712 2737 mentes
732 2695 788 2737 et
804 2702 898 2751 per
914 2701 1005 2737 ora
1026 2701 1232 2752 quoque
1252 2687 1576 2751 Optimatum

511 2773 760 2828 vagatur:
805 2765 907 2813 huc
943 2764 1227 2828 respiciens
1258 2765 1457 2816 Tullius
1479 2780 1577 2829 pro

511 2841 651 2890 Mar.
698 2841 714 2870 6
734 2840 951 2903 Gloria,'
982 2840 1175 2905 inquit,
1212 2843 1229 2871 6
1254 2849 1337 2892 est
1358 2843 1577 2893 illustris

510 2923 567 2965 et
591 2923 874 2980 pervagata
897 2917 1171 2966 multorum
1195 2924 1251 2967 et
1273 2933 1577 2981 magnorum

507 2993 591 3042 vel
616 2993 667 3041 in
692 3008 810 3042 suos
834 2993 995 3055 cives,
1019 2995 1101 3044 vel
1138 2996 1190 3043 in
1222 2995 1461 3058 patriam,
1493 2995 1578 3045 vel

511 3069 566 3119 in
590 3084 743 3121 omne
779 3083 943 3134 genus
980 3069 1239 3120 bominum
1262 3069 1400 3121 fama
1423 3072 1576 3121 meri-

510 3146 719 3197 torum!
787 3144 865 3196 At
900 3147 1154 3212 quaeritur
1195 3148 1277 3199 bic
1317 3149 1577 3199 scientiae-

512 3239 598 3287 ne,
614 3237 678 3273 an
702 3222 910 3272 virtutis
932 3222 1092 3274 fuerit
1124 3223 1309 3289 ingens
1328 3225 1416 3275 illa
1439 3224 1576 3275 Boii·

511 3300 608 3351 thii
644 3298 817 3349 fama?
867 3300 971 3352 Qui
1014 3315 1108 3365 pro
1147 3302 1343 3352 virtute
1366 3300 1579 3350 Boethii

512 3376 764 3440 sentiunt,
784 3377 835 3426 hi
857 3378 1135 3440 legendum
1151 3385 1358 3444 putant,
1380 3379 1580 3442 solatur,

513 3453 651 3519 quod
691 3453 935 3518 Syntaxis
988 3455 1174 3519 alioqui
1229 3470 1328 3504 non
1371 3462 1538 3504 staret
1562 3470 1576 3505 ε

513 3530 659 3593 quasi
682 3529 927 3579 Boethius
944 3530 1185 3580 laudator
1202 3531 1450 3594 temporis
1469 3531 1578 3581 acti

514 3620 569 3656 se
595 3621 776 3671 puero,
802 3607 998 3657 dixerit
1031 3622 1086 3657 se
1109 3622 1282 3657 senem
1306 3622 1372 3657 ea
1397 3621 1577 3658 conso-

513 3684 709 3733 latione
746 3685 1050 3746 sustentari,
1080 3685 1217 3748 quod
1263 3698 1358 3748 per
1387 3686 1579 3748 juven-

516 3768 641 3824 tam,
661 3767 719 3810 et
740 3761 935 3811 virtute
956 3767 1013 3809 et
1034 3760 1198 3822 gloria
1220 3760 1425 3809 virtutis
1446 3776 1578 3825 prae-

512 3838 633 3902 mio,
664 3836 880 3887 affectus
904 3836 1085 3886 fuerit.
1153 3837 1203 3886 N
1208 3851 1263 3886 os
1285 3845 1459 3886 autem
1481 3852 1578 3902 pro

510 3914 731 3965 scientia
768 3919 1081 3977 pugnantes,
1115 3912 1445 3976 arbitramur,
1468 3915 1576 3977 glo-

512 3992 641 4040 riam
664 3990 795 4039 bane
817 3987 979 4038 fuisse
995 3988 1288 4052 Musarum,
1300 3988 1368 4038 de
1390 3990 1576 4053 quibus

510 4068 567 4117 in
590 4081 742 4117 versu
773 4066 954 4115 ultimo
988 4065 1189 4129 agitur:
1244 4067 1379 4116 unde
1402 4068 1576 4132 legen-

513 4144 636 4193 dum
655 4148 915 4207 putamus,
937 4140 1074 4191 sicut
1092 4142 1145 4191 in
1178 4143 1412 4193 omnibus
1444 4145 1578 4195 anti-

513 4221 628 4286 quis
650 4218 915 4268 codicibus
933 4219 1140 4284 legitur,
1155 4223 1398 4272 solantur.-
1435 4223 1581 4287 quasi

518 4295 587 4346 ab
629 4292 812 4344 eodem
847 4294 1073 4352 Boethio,
1105 4298 1342 4350 dicatur:
1392 4300 1582 4364 Musas,

1647 703 1712 754 ob
1724 718 1867 769 quas,
1880 702 2000 754 dum
2009 704 2215 768 juvenis
2229 700 2487 764 florerem,
2499 666 2714 765 glorlam

1648 785 1957 830 consecutus
1973 795 2103 843 snm,
2118 793 2257 830 nunc
2268 777 2513 830 afflictum
2535 790 2716 827 senem

1614 852 1620 858 ’
1648 869 1733 905 me
1754 857 2103 907 consolantur.
2155 857 2227 905 Et
2246 862 2413 918 certe,
2429 869 2545 905 cum
2569 867 2715 903 mens

1649 933 1873 981 bumana
1891 932 2125 996 pluribus
2141 932 2294 981 simul
2318 930 2716 995 cogitationibus

1654 1009 1987 1058 vehementer
2008 1006 2142 1059 affici
2177 1015 2420 1073 nequeat,
2437 1015 2720 1071 propterea

1653 1084 1776 1135 dum
1797 1085 1849 1133 in
1861 1084 2145 1149 jucundam
2168 1083 2537 1148 cogitationem
2565 1082 2717 1132 seda-

1653 1160 1704 1209 lo
1725 1159 1992 1221 incumbit,
2011 1161 2198 1225 saepius
2220 1160 2361 1210 tristi
2381 1159 2720 1224 cogitatione,

1654 1233 1816 1286 veluti
1858 1236 2008 1301 hujus
2050 1237 2334 1299 immemor,
2371 1249 2473 1284 non
2512 1234 2720 1283 videtur

1657 1311 1817 1363 affici:
1852 1315 1925 1364 sic
1960 1314 2048 1380 qui
2087 1312 2329 1379 perfecto
2363 1313 2561 1362 scelere
2598 1324 2721 1361 con·

1656 1390 1885 1440 scientiae
1916 1391 2138 1440 stimulis
2160 1396 2433 1452 vexantur,
2455 1389 2614 1439 iidem
2644 1390 2720 1438 lu-

1656 1465 1745 1528 do,
1768 1466 2054 1530 colloquiis,
2084 1474 2175 1516 aut
2196 1466 2430 1531 qualibet
2446 1465 2548 1515 alia
2569 1479 2719 1514 exer-

1657 1541 1928 1604 citatione,
1963 1548 2205 1606 tanquam
2228 1543 2578 1592 consolatione
2600 1540 2719 1590 tris·

1658 1624 1764 1666 tem
1803 1618 1935 1666 hanc
1956 1617 2324 1681 cogitationem
2350 1616 2680 1680 permulcent
2702 1632 2718 1667 z

1657 1696 1734 1746 sic
1770 1702 1924 1760 pater
1966 1697 2233 1762 inopinata
2266 1697 2359 1746 filii
2398 1695 2721 1746 dilectissimi

1655 1780 1828 1822 morte
1865 1770 2111 1837 afflictus,
2150 1773 2386 1838 diligenti
2435 1771 2721 1821 venationis

1655 1847 1831 1898 labore
1860 1855 2103 1914 tanquam
2141 1848 2491 1900 consolatione
2522 1848 2724 1897 luctum

1655 1922 1731 1972 ita
1767 1923 2037 1989 abstergit,
2072 1931 2132 1975 ut
2161 1923 2309 1990 hujus
2343 1925 2611 1973 immemor
2644 1923 2720 1973 vi·

1657 1998 1843 2049 deatur
1866 2017 1879 2047 z
1917 1994 2137 2050 Ovidius
2162 2014 2236 2052 iv.
2269 2001 2426 2051 Trist.
2447 2001 2529 2049 El.
2560 2005 2607 2048 1.
2631 2013 2721 2049 ca-

1659 2075 1765 2125 nit:
1834 2078 1850 2105 ‘
1871 2076 2007 2126 Exul
2029 2091 2192 2140 eram,
2236 2077 2541 2141 requiesque
2577 2074 2722 2134 mibi,

1658 2166 1762 2202 non
1797 2153 1937 2203 fama
1963 2153 2131 2219 petita
2164 2161 2278 2205 est:
2330 2154 2484 2203 Mens
2517 2155 2723 2204 intenta

1657 2230 1763 2279 suis
1804 2245 1870 2279 ne
1905 2230 2042 2280 foret
2068 2245 2226 2297 usque
2262 2230 2424 2281 malis.
2489 2230 2607 2279 Hoc
2637 2235 2725 2279 est

1656 2321 1749 2357 cur
1779 2314 1964 2357 cantet
2000 2307 2204 2358 vinctus
2231 2321 2436 2371 qnoque
2470 2305 2734 2370 compede-

1657 2380 1843 2443 fossor,
1887 2382 2113 2432 Indocili
2156 2397 2368 2432 numero
2405 2397 2522 2432 cum
2561 2395 2723 2445 grave

1658 2458 1820 2508 mollit
1856 2474 2002 2523 opus.
2069 2460 2262 2510 Cantat
2295 2466 2368 2523 et,
2403 2458 2629 2509 innitens
2661 2458 2724 2508 li·

1658 2550 1818 2585 mosae
1863 2549 2055 2599 pronus
2108 2550 2299 2598 arenae,
2339 2536 2576 2584 Adverso
2621 2542 2726 2585 tar-

1661 2613 1776 2661 dam
1800 2612 1890 2675 qui
1912 2610 2057 2662 vellit
2085 2626 2234 2661 amne
2268 2618 2449 2662 ratem.
2514 2613 2723 2676 Quique

1660 2687 1820 2737 refert
1859 2687 2058 2752 pariter
2093 2688 2260 2738 lentos
2293 2688 2359 2737 ad
2393 2694 2608 2753 pectora
2642 2703 2726 2739 re.

1659 2779 1789 2828 mos,
1820 2764 1883 2814 In
1907 2778 2175 2814 numerum
2197 2765 2347 2829 pulsa
2379 2765 2588 2815 brachia
2606 2781 2725 2816 ver-

1659 2848 1742 2891 sat
1763 2855 1914 2905 aqua.
1983 2841 2171 2890 Fessus
2185 2849 2243 2890 ut
2261 2841 2496 2892 incubuit
2517 2843 2725 2904 baculo,

1657 2932 1848 2969 saxove
1915 2918 2108 2967 resedit
2168 2918 2376 2981 Pastor,
2434 2918 2721 2969 arundineo

1657 2995 1891 3045 carmine
1919 2995 2116 3044 mulcet
2130 3008 2271 3045 oves.
2336 2995 2609 3044 Cantantis
2632 3009 2724 3059 pa-

1657 3073 1805 3128 riter,
1858 3071 2058 3136 pariter
2104 3070 2228 3122 data
2272 3085 2436 3134 pensa
2470 3072 2724 3122 trahentis

1658 3150 1876 3199 Fallitur
1915 3149 2115 3199 ancilla
2153 3149 2516 3212 decipiturque
2555 3148 2724 3198 labor.

1657 3227 1847 3276 Fertur
1882 3232 1939 3275 et
1976 3227 2204 3278 abducta
2239 3225 2524 3291 Lyrneside
2559 3224 2727 3275 tristis

1658 3300 1890 3352 Achilles
1904 3302 2140 3353 AEmonia
2156 3316 2303 3353 curas
2327 3308 2629 3351 attenuasse
2650 3301 2727 3365 ly-

1658 3393 1733 3427 ra.
1800 3380 1929 3428 Cum
1956 3380 2186 3429 traheret
2208 3379 2380 3442 sylvas
2402 3377 2643 3441 Orpbeus
2666 3385 2736 3427 et-

1658 3455 1789 3505 dura
1810 3455 2040 3505 canendo
2073 3455 2230 3516 Saxa,
2270 3454 2347 3504 bis
2379 3453 2566 3502 amissa
2600 3467 2740 3503 con·.

1650 3533 1779 3597 juge
1820 3538 2033 3582 moestus
2070 3531 2221 3582 erat!
2283 3531 2369 3580 Sic
2406 3545 2530 3595 ergo
2568 3530 2725 3580 Musa

1662 3609 1806 3659 levat
1842 3608 2152 3659 Boethium:
2190 3622 2367 3658 verum
2399 3608 2500 3657 tria
2534 3607 2615 3657 bic
2638 3622 2725 3657 su-

1657 3691 1874 3750 persunt
1917 3685 2256 3735 observanda.
2334 3684 2569 3734 Primum
2609 3684 2726 3748 qni·

1659 3761 1776 3811 dem
1813 3761 2138 3812 observanda
2175 3760 2252 3811 vis
2298 3775 2514 3813 caesurae
2552 3761 2608 3810 in
2646 3759 2727 3809 his

1661 3838 1850 3900 verbis,
1884 3840 1900 3867 6
1925 3836 2090 3887 felicis
2123 3838 2244 3888 olim
2263 3836 2296 3887 ε’
2331 3850 2532 3887 caesura
2562 3834 2729 3900 enim,

1662 3929 1777 3978 quae
1812 3915 1937 3964 nibil
1972 3913 2110 3964 aliud
2149 3921 2231 3964 est
2263 3914 2318 3963 in
2355 3927 2527 3971 versu,
2565 3924 2726 3976 qnam

1660 3988 1869 4039 residua
1881 3989 2067 4054 prioris
2085 3987 2372 4038 scansionis
2387 3987 2604 4051 syllaba,
2618 4000 2727 4050 qua

1660 4066 1920 4129 posterior
1938 4066 2137 4115 scansio
2167 4065 2435 4128 incipitur,
2467 4062 2725 4129 syllabam

1660 4142 1785 4191 alias
1808 4141 2016 4192 brevem
2042 4141 2328 4205 producere
2344 4147 2546 4205 potest;
2583 4138 2724 4204 qnod

1659 4218 1919 4282 nimirum,
1943 4217 2319 4268 velutiinitium
2344 4216 2609 4282 sequentis
2632 4230 2722 4265 vo·

1660 4295 1851 4360 cabuli,
1886 4295 1961 4345 ita
1981 4294 2174 4346 elevari
2200 4294 2364 4348 debet,
2380 4292 2742 4358 pronuntian-.
