3049 4928
2362 383 2500 457 225

322 547 544 632 flagito.
625 546 801 612 Tum
831 546 1003 628 ina,-
1045 547 1271 629 Sensi,
1301 548 1542 635 inquit,
1583 566 1733 614 cum
1761 549 1976 634 verba
2003 553 2229 616 nostra
2256 539 2499 618 tacitus

316 658 718 736 attentusque
749 651 1092 735 rapiebas,
1124 673 1414 738 eumque
1443 659 1580 719 tuae
1601 652 1847 720 mentis
1871 651 2225 722 habitum⁶
2252 655 2361 720 vel
2378 675 2500 719 ex-

313 755 587 836 pectavi,
642 755 777 834 vel,
835 755 1016 839 quod
1073 763 1180 821 est
1227 758 1477 836 verius,
1526 757 1684 841 ipsa
1738 756 2007 841 perfeci.
2059 781 2066 802 -·
2092 757 2291 824 Talia
2346 765 2505 824 sunt

319 857 551 942 quippe
579 877 733 942 quae
762 864 1035 937 restant,
1079 865 1157 925 ut
1207 859 1567 944 degustata
1596 859 1862 943 quidem
1909 861 2284 938 mordeant,
2331 859 2503 926 inte-

317 958 440 1023 rius
467 968 681 1025 autem
713 968 985 1045 recepta
1014 961 1432 1028 dulcescant.
1519 962 1659 1028 Sed
1691 962 1874 1047 quod
1922 971 1999 1028 tu
2047 970 2116 1028 te
2178 963 2504 1029 audiendi

318 1063 609 1148 cupidum
637 1063 834 1154 dieis,
865 1069 1117 1148 quanto
1150 1065 1383 1130 ardore
1434 1064 1779 1148 flagrareS,
1827 1066 1909 1144 si,
1956 1073 2247 1151 quonam
2277 1072 2347 1130 te
2377 1066 2501 1131 du-

317 1184 449 1229 cere
477 1166 982 1249 aggrediamur,⁵
1028 1170 1471 1252 agnosceres?
1563 1167 1903 1249 Quonam,
1933 1171 2209 1255 inquam
2230 1169 2303 1233 'tf
2384 1168 2499 1238 Ad

317 1286 538 1347 veram,
595 1271 862 1353 inquit}
919 1270 1358 1348 felicitatem,⁰
1422 1290 1629 1355 quam
1676 1275 1836 1336 tuus
1886 1291 2153 1355 quoque
2206 1274 2504 1338 somniat

318 1371 592 1439 animus:
612 1374 639 1412 ‘¹
685 1373 802 1438 sed
832 1380 1173 1459 occupato
1203 1361 1297 1439 ad
1320 1374 1649 1456 imagines
1679 1372 1856 1451 visu,
1901 1373 2120 1457 ipsam
2148 1372 2333 1438 illam
2361 1395 2494 1440 non

317 1474 540 1559 potes⁶
581 1477 848 1543 intueri.
894 1478 1068 1543 Tum
1098 1498 1226 1561 ego
1247 1499 1266 1545 ι
1285 1478 1312 1516 ⁴
1357 1478 1527 1557 Fac,
1556 1478 1864 1556 obsecre,
1893 1483 1981 1555 et,
2011 1497 2163 1561 quae
2191 1476 2322 1542 illa·
2343 1498 2503 1544 vera
2570 1481 2574 1485 ’

949 397 1471 454 PmLosol’fflAE
1520 402 1666 454 Lm.
1715 399 1827 453 nt.

373 1703 393 1728 ο
419 1695 738 1765 Philosophia,
879 1698 914 1744 t
941 1702 1048 1765 Ego
1069 1684 1315 1752 Βοειιιειω.
1458 1701 1852 1766 εΡιιειωομιιεω

1248 1830 1579 1852 ‘enecone‘

2001 1698 2029 1733 ¹⁸
2061 1698 2296 1751 Boethius
2315 1714 2506 1763 repono.

317 1906 548 1959 etiam-5
570 1911 997 1975 aggredimur-,4
1014 1916 1283 1978 potem—⁷
1314 1918 1672 1980 perspectus-8
1708 1914 1941 1979 specimen
1959 1913 2286 1978 beatitudinis,
2308 1915 2507 1978 legunt.

1297 2029 1512 2081 NOTAE

315 2116 510 2185 aliisque
529 2121 732 2186 bestiis,
753 2138 966 2189 quarum
998 2139 1150 2176 aures
1172 2131 1362 2191 sponte
1442 2127 1512 2177 do
1540 2127 1821 2192 judicium,
1854 2126 1947 2179 sed
1991 2126 2149 2177 etiam
2189 2125 2506 2177 desiderium

315 2203 591 2259 moventur,
604 2200 888 2249 translatus
902 2206 987 2250 est
1000 2201 1068 2251 ad
1088 2201 1362 2266 hominem,
1442 2205 1733 2270 legitimum
1752 2206 1944 2256 oritur:
1971 2203 1987 2232 ‘
1999 2218 2227 2268 eumque
2244 2208 2349 2252 tuae
2366 2217 2509 2252 men-

314 2270 446 2334 cuijus
467 2288 613 2324 aures
645 2289 751 2324 non
780 2276 853 2326 ita
885 2276 1192 2328 moventur}
1224 2293 1358 2342 prae-
1441 2282 1507 2332 tis
1539 2282 1773 2332 habitum
1792 2282 1876 2331 vel
1898 2279 2196 2344 expectavi,
2228 2279 2330 2341 vel,
2365 2278 2507 2343 quod

316 2344 455 2397 dieta
485 2351 618 2401 enim
643 2352 826 2404 bestiae
859 2354 926 2403 ad
958 2369 1139 2405 sonum
1170 2356 1357 2405 melius
1439 2365 1527 2407 est
1550 2358 1740 2421 verius,
1762 2357 1880 2423 ipsa
1918 2353 2159 2421 perfeci,’
2190 2352 2360 2420 inquit
2382 2355 2507 2404 Phi-

314 2425 661 2492 exeipiendum
695 2437 752 2482 et
779 2432 970 2484 sistere
1003 2440 1057 2484 et
1086 2448 1237 2485 aures
1259 2433 1358 2484 erl·
1440 2434 1692 2500 losophia.

314 2513 428 2563 gere
467 2514 883 2561 consueverunt..
942 2509 1129 2560 Mente
1171 2511 1362 2573 etiam3

315 2579 438 2641 quod
454 2580 564 2633 haec
584 2579 607 2611 ‘
617 2584 702 2633 vel
725 2585 1098 2636 sententiarum
1131 2586 1363 2650 pondere

315 2655 390 2704 vel
427 2660 641 2712 canendi
687 2661 844 2711 etiam
875 2662 1242 2727 jucunditate’
1288 2663 1366 2713 ita

316 2741 534 2785 recreata
556 2738 646 2801 sit,
667 2737 686 2766 ‘
706 2744 766 2788 nt
780 2738 892 2803 jam
928 2755 983 2789 se
1016 2739 1231 2804 posthac
1265 2739 1359 2788 im-

315 2821 478 2885 parem
506 2811 730 2865 fortunat
766 2816 956 2866 ictibus
998 2831 1101 2867 non
1141 2817 1358 2867 arbitre-

316 2889 393 2935 tur
405 2887 436 2938 :'
456 2905 558 2955 qno
578 2891 643 2942 fit
662 2891 680 2919 ‘
699 2897 758 2942 nt
778 2894 1007 2944 remedia
1031 2909 1149 2960 quae
1186 2894 1364 2944 Philo-

314 2956 482 3028 sophia
518 2981 677 3033 supra
709 2968 843 3018 dixit
875 2983 988 3019 esse
1018 2969 1237 3031 acriora,
1258 2983 1363 3018 non

314 3040 455 3091 modo
475 3057 576 3094 non
599 3045 985 3108 perhorrescat,
1004 3045 1095 3095 sed
1118 3044 1363 3096 audiendi

313 3117 454 3170 avida
470 3122 720 3172 vehemen
727 3126 811 3172 ter
824 3121 1117 3187 efflagitet.'

368 3191 393 3227 ¹³
412 3197 624 3262 Eumque
659 3203 757 3248 tua·
789 3199 962 3249 mentis
993 3199 1222 3262 habitum,
1254 3198 1363 3263 Esca]

315 3282 373 3322 u.
402 3272 546 3326 Idem
580 3273 836 3326 Boethius
862 3274 1127 3339 praedictis
1147 3277 1364 3326 rationi·

314 3344 400 3397 bns
420 3358 634 3415 paratus
657 3351 853 3403 dicitur
874 3352 941 3403 ab
980 3352 1094 3417 ipsa
1131 3352 1365 3402 Philoso-

314 3423 440 3485 phia.
501 3428 727 3479 Paratus
750 3428 958 3494 quidem
982 3435 1068 3479 est
1097 3427 1364 3494 praedictis

316 3501 611 3571 rationibus,
653 3504 839 3571 quibus
878 3505 1071 3556 sensim
1110 3506 1365 3567 tollantur

313 3580 622 3645 pmjudicia,
651 3589 872 3647 propter
894 3596 1032 3647 quae,
1049 3581 1273 3633 dicenda
1293 3582 1368 3649 in-

309 3665 455 3720 grata
474 3660 835 3726 displicerent,
869 3675 972 3710 non
1011 3675 1159 3711 secus
1190 3676 1253 3712 ac
1275 3677 1367 3726 pa·

315 3732 414 3784 lato
437 3738 572 3788 male
595 3736 787 3789 affecto
809 3737 957 3793 cibus
980 3738 1138 3791 etiam
1172 3740 1366 3789 suavis·

315 3808 459 3865 timus
480 3814 760 3881 displicet:
794 3815 953 3865 ‘talia
991 3820 1116 3864 sunt
1152 3815 1366 3880 qnippe,

316 3898 423 3950 qnae
463 3898 685 3954 restant,
735 3897 796 3941 nt
840 3891 1116 3956 degustata
1157 3891 1364 3957 quidem

314 3963 595 4032 mordeant,
647 3969 866 4020 interius
920 3974 1094 4027 autern
1149 3974 1367 4031 recepta

313 4036 643 4097 dulcescant!
703 4044 779 4095 At
800 4046 866 4095 ab
897 4045 1014 4109 ipsa
1033 4044 1367 4109 Philosophia

316 4125 519 4178 paratus
555 4127 669 4172 est:
700 4121 931 4185 cognitio
971 4121 1107 4191 enim
1141 4121 1365 4185 philoso-

316 4190 482 4257 phica,
513 4203 697 4261 utpote
717 4212 834 4262 quae
858 4192 997 4247 clara
1019 4204 1077 4248 et
1099 4196 1368 4259 distincta,

315 4268 614 4336 principium
637 4282 739 4335 est,
777 4288 808 4323 a
833 4288 939 4340 ,quo
961 4287 1113 4326 omne
1134 4287 1237 4324 non
1259 4287 1364 4324 mo·

434 4351 679 4420 >namet
695 4356 815 4408 ναν.
837 4355 967 4406 Clau.

1505 2519 1529 2546 ⁰
1561 2510 1645 2561 Aa
1676 2525 1838 2562 veram
1858 2510 2175 2575 felicitatem]
2211 2525 2299 2562 ιιι.
2333 2511 2508 2562 Philo·

1443 2586 1626 2650 sophia
1664 2586 1945 2651 promittit,
1978 2585 2093 2637 fore
2129 2593 2193 2638 ut
2228 2585 2508 2637 Boethium

1446 2663 1605 2713 ducat
1629 2662 1695 2712 ad
1714 2661 2058 2725 felicitatem3
2091 2678 2211 2713 cum
2240 2664 2380 2713 enim
2417 2664 2503 2714 hic

1446 2745 1636 2802 agatur
1650 2738 1717 2788 de
1733 2738 1961 2788 moribus
1985 2738 2337 2802 instituendis,
2370 2753 2510 2788 cum-

1441 2830 1545 2881 que
1578 2815 1781 2879 optima
1818 2826 2018 2864 morum
2051 2814 2313 2863 institutio
2343 2829 2375 2863 a
2401 2813 2507 2864 fine

1443 2893 1732 2956 praesertim
1755 2890 2001 2956 pendeat,
2034 2896 2315 2955 propterea
2332 2890 2508 2940 Philo-

1443 2969 1628 3034 sophia
1661 2968 2023 3020 tractationem
2061 2966 2281 3032 suscipit
2308 2967 2375 3016 de
2396 2966 2510 3016 feli-

1444 3045 1631 3108 citate,
1664 3059 1779 3110 quae
1802 3057 1999 3093 morum
2032 3048 2179 3094 recte
2212 3041 2508 3092 formando-

1443 3136 1556 3172 rum
1577 3120 1695 3172 finis
1718 3127 1833 3171 est:
1855 3120 2021 3184 ¹hujus
2045 3127 2218 3170 antem
2241 3118 2512 3170 felicitatis

1444 3199 1593 3248 notio
1614 3198 1797 3248 animis
1818 3197 2079 3247 hominnm
2100 3197 2260 3247 insita
2279 3203 2396 3247 est:
2433 3195 2509 3246 id·

1445 3275 1591 3326 circo
1614 3275 1797 3325 eadem
1820 3273 2157 3339 Philosophia
2177 3273 2343 3324 addit.

1507 3349 1532 3384 ὅ
1571 3351 1728 3407 Quam
1753 3355 1864 3401 tuus
1882 3365 2059 3415 quoque
2076 3350 2279 3401 somniat
2299 3349 2510 3414 aruimus]

1444 3428 1601 3480 Mens
1643 3426 1781 3477 enim
1824 3434 1932 3477 tum
1987 3426 2190 3478 dicitur
2235 3427 2511 3491 somniare,

1445 3519 1588 3567 eum,
1598 3502 1785 3567 sopitis
1801 3501 2147 3553 exterioribus
2161 3501 2370 3567 ‘organis
2394 3516 2511 3552 sen·

1445 3594 1612 3642 suum,
1625 3578 1890 3643 spiritibus
1901 3579 2155 3644 impressa
2163 3577 2383 3628 cerebro
2395 3591 2511 3628 ves-⁴

1446 3658 1577 3722 tigia
1587 3658 2344 3722 relegentibus,eommovetur‚
2352 3655 2512 3719 Juxta

1444 3734 1573 3784 illud
1601 3734 1873 3785 Claudian-
1906 3732 2080 3783 Carm.
2115 3745 2307 3781 xxvn.
2342 3724 2419 3782 vs.
2458 3734 2510 3790 l.

1446 3813 1464 3840 ‘
1489 3811 1680 3862 Omnia
1723 3827 1840 3877 quae
1881 3824 2035 3862 sensu
2072 3810 2349 3860 volvuntur
2385 3815 2513 3858 vota

1445 3887 1651 3951 diurno,
1681 3888 1910 3941 Pectore
1943 3886 2115 3952 sopito
2139 3885 2313 3945 reddit
2347 3885 2513 3934 amica

1448 3965 1614 4031 quies.
1700 3965 1937 4016 Venator
1978 3961 2183 4012 defessa
2229 3968 2341 4010 toro
2385 3976 2510 4010 cum

1447 4040 1675 4091 membra
1694 4039 1921 4103 reponit,
1941 4039 2096 4088 Meus
2119 4044 2293 4088 tamen
2319 4036 2385 4087 ad
2408 4036 2510 4100 syl-

1446 4132 1538 4177 vas
1570 4124 1626 4167 et
1662 4130 1756 4167 sua
1784 4108 1947 4166 lustra
1972 4115 2268 4173 reditssdae.
2334 4114 2510 4165 Quare

1444 4195 1499 4245 in
1522 4195 1733 4245 somniis
1757 4193 2037 4256 hominum,
2068 4197 2128 4241 ut
2149 4204 2290 4254 saepe
2313 4197 2396 4239 est
2419 4189 2512 4238 ali·

1445 4271 1572 4336 quid
1591 4268 1737 4333 falsi,
1749 4269 1824 4319 ita
1841 4282 2049 4333 semper
2065 4275 2143 4319 est
2165 4266 2357 4341 aliquid
2383 4266 2509 4316 veri.

1310 4352 1484 4405 Rom.
2330 4348 2378 4397 Ρ
