3049 4928
1011 431 1331 481 PHILOSO
1345 434 1537 482 [¹141AE
1591 438 1739 485 LIB.
1787 439 1835 485 1.

2398 434 2526 499 117

266 569 270 575 ’
322 572 601 639 criminis
632 576 1019 660 suspicione
1052 578 1436 649 defendunt.
1484 583 1621 648 Sed
1655 606 1696 649 o
1727 587 1952 653 nefas!
1985 588 2088 655 illi
2122 611 2272 658 vero
2302 595 2386 659 de
2413 604 2482 662 te
2502 611 2527 636 ³

289 709 292 712 ·
319 676 477 740 tanti
506 677 806 745 criminis
835 681 1038 748 fidem
1072 686 1417 778 capiunt,'
1462 687 1660 773 atquc
1711 691 1835 756 boc
1864 693 2019 775 ipso
2051 695 2284 761 affines
2312 698 2523 766 fuisse

316 779 604 846 videmur
634 783 1055 864 malefici0,¹4
1098 788 1281 871 quod
1318 792 1451 855 tuis
1502 794 1739 858 imbuti
1787 794 2213 880 discipliniS,¹
2257 803 2390 866 tuis
2418 804 2521 870 in-

316 881 519 949 stituti
547 887 848 953 moribus
878 899 1195 959 sumus,¹5
1283 894 1395 959 Ita
1434 917 1568 961 non
1612 905 1716 963 est
1746 901 1914 965 satis
1945 901 2110 967 nihil
2162 904 2319 969 mihi
2362 927 2520 989 pro—

312 983 515 1052 fuisse
545 994 733 1055 tuam
760 998 1223 1075 reverentiam,
1241 998 1370 1063 nisi
1397 1000 1573 1065 ultro
1602 1008 1674 1067 tu
1703 1024 1855 1069 mea
1882 1007 2114 1090 potius
2146 1008 2513 1078 offensione

364 1182 389 1205 ⁸
418 1177 507 1241 Tu,
526 1192 553 1226 ο
577 1178 908 1248 Philosophia,
953 1190 1128 1236 nostra
1161 1203 1211 1237 es
1243 1189 1592 1240 criminationis
1631 1195 1822 1244 occasio.

1228 1319 1587 1340 Oeeeeee‘eoee

303 1391 610 1468 reverendus(
677 1371 989 1448 δίψη-14·
1022 1399 1153 1450 Mss.
1195 1417 1324 1467 quos
1361 1412 1644 1469 sequuntur
1666 1405 1786 1455 edd.
1823 1407 2018 1471 Delpb.
2062 1415 2117 1458 et
2163 1409 2333 1460 Hack.
2368 1415 2507 1474 atquo

302 1450 379 1499 hoc
415 1468 514 1518 tpso
556 1458 828 1510 videbimur
868 1464 1029 1527 affines
1050 1464 1207 1524 fuisse
1252 1470 1632 1534 maleficia—15
1672 1472 1893 1535 ‘Vetus‚
1938 1488 2090 1538 quem
2137 1489 2356 1539 sequor:
2409 1476 2508 1525 tuis

1293 1616 1342 1665 N
1354 1615 1512 1667 01·AE

298 1719 651 1784 portunitate,'
700 1724 774 1774 ita
824 1730 887 1774 ut
938 1727 952 1752 ‘
992 1727 1119 1777 duos
1163 1729 1358 1793 pariter
1442 1747 1594 1796 quam
1652 1734 1900 1801 virtutum
1964 1738 2230 1798 exemplar
2286 1741 2503 1800 proponi

298 1792 532 1847 Consules
567 1799 771 1851 liberos
809 1817 928 1851 suos
960 1802 1113 1855 domo
1139 1808 1354 1869 provehi
1438 1811 1626 1874 posse!
1690 1812 1984 1876 Propterea
2006 1813 2342 1877 Philosophia
2367 1815 2504 1866 infra

296 1870 379 1919 sub
420 1871 721 1955 frequentia
768 1886 993 1945 patrum,
1046 1883 1140 1933 sub
1187 1885 1353 1947 plebis
1437 1887 1472 1936 1.
1499 1902 1563 1938 11.
1629 1889 1753 1939 Pro.
1787 1894 1836 1940 4.
1884 1891 1900 1918 ‘
1941 1890 2140 1955 Viget,’
2188 1892 2377 1956 inquit,
2425 1894 2500 1943 in-

292 1946 545 2001 alacritate
571 1954 812 2004 videritz'
844 1956 964 2007 hinc
996 1973 1133 2009 nunc
1158 1961 1353 2013 dicitur
1436 1964 1652 2013 columis
1695 1966 2121 2029 pretiosissimum
2163 1968 2379 2031 generis.
2407 1970 2497 2019 hu-

295 2022 308 2049 ‘
333 2030 562 2085 penetral
606 2030 864 2083 innocens
911 2033 1141 2085 domus:’
1192 2052 1349 2102 pene·

295 2100 383 2148 tral
412 2104 606 2169 quippe
630 2114 715 2156 est
740 2109 884 2159 locus
909 2111 1143 2177 interior,
1176 2115 1347 2167 dictus

293 2190 318 2224 a
340 2190 496 2240 penu:
533 2184 550 2208 ⁶
577 2183 774 2246 penus'
808 2192 1004 2249 autem,
1031 2189 1199 2256 inquit
1221 2193 1344 2243 Fes-

290 2261 384 2319 tus,
413 2257 429 2285 ⁴
452 2269 673 2313 vocatur
706 2264 850 2315 locus
888 2266 1098 2320 intimus
1135 2270 1189 2320 in
1230 2271 1344 2322 aede

288 2331 472 2398 Vestae‚
494 2339 765 2403 tegetibus
794 2350 978 2406 septus
996 2344 1032 2393 :’
1064 2346 1200 2395 unde
1223 2349 1341 2397 Vir-

288 2408 366 2470 gil.
402 2426 440 2461 1.
477 2413 681 2480 Georg.
729 2432 803 2470 vs.
841 2424 955 2470 379.
994 2421 1011 2449 ‘
1052 2422 1249 2487 Saepius
1285 2434 1341 2476 et

285 2488 425 2536 tectis
461 2494 829 2554 penetralibus
864 2498 1056 2549 extulit
1093 2514 1191 2550 ova
1231 2501 1339 2552 An·

282 2573 470 2626 gustum
493 2568 721 2622 formica
748 2580 924 2634 terens
950 2577 1088 2627 iter!
1138 2583 1188 2629 2.
1219 2595 1336 2631 cum

282 2642 441 2702 probis
488 2647 709 2698 amicis:
758 2649 908 2702 affuit
952 2655 1088 2703 enim
1131 2671 1339 2721 semper

278 2716 345 2766 illi
371 2723 385 2749 ‘
414 2722 899 2778 honestissimorum
936 2740 1103 2782 coetus
1148 2736 1335 2785 amico-

278 2797 414 2846 rum.’
454 2804 503 2850 3.
541 2816 668 2852 cum
710 2805 886 2869 probis
908 2805 1179 2860 affinibus:
1215 2826 1333 2861 nam

280 2885 415 2923 socer
446 2878 568 2943 ejus
602 2885 618 2907 ‘
648 2881 985 2946 Symmachus
1022 2893 1250 2950 sanctus,
1277 2895 1333 2938 et

280 2962 411 3015 aeque
454 2971 515 3005 ac
565 2956 679 3020 ipsa
713 2959 1051 3024 Philosophia
1089 2977 1330 3014 reveren-

277 3023 362 3075 dus
378 3026 515 3081 fuit!
589 3033 829 3084 Quantus
859 3043 1036 3088 autem
1061 3038 1221 3090 fuerit
1240 3042 1330 3091 ille

275 3115 410 3154 socer
440 3108 788 3173 Symmachus
818 3114 991 3178 colligi
1015 3122 1194 3180 potest
1209 3126 1328 3186 ‘tum

277 3192 333 3227 ex
355 3183 686 3249 Cassiodora,
709 3188 796 3253 qui
819 3190 893 3241 ait
915 3192 1042 3242 Var.
1065 3194 1101 3243 l.
1124 3209 1201 3246 ιν.
1227 3197 1325 3260 Ep.

275 3258 316 3304 6.
362 3259 742 3314 Theodericum
768 3267 965 3331 Regem
988 3269 1052 3319 ad
1075 3270 1243 3334 ipsum
1266 3281 1325 3324 ut

277 3333 423 3387 virum
448 3341 729 3402 patricium
755 3344 1047 3410 scripsisse,
1079 3349 1095 3375 ‘
1118 3353 1320 3412 petenti

273 3421 362 3459 non
382 3417 704 3468 concedatur
725 3420 937 3472 licentia
956 3426 1235 3477 recedendi
1257 3429 1323 3479 de

272 3488 418 3553 nrbe,’
450 3502 506 3544 et
534 3495 635 3558 Ep,
657 3501 739 3547 22.
764 3499 987 3549 eundem
1013 3503 1210 3567 Regem
1236 3521 1321 3556 vo-

271 3561 413 3616 luisse
437 3578 497 3620 ut
535 3571 674 3621 idem
697 3574 1034 3638 Symmachus
1056 3580 1172 3630 cum
1195 3599 1318 3647 qua-

271 3645 377 3691 tuor
398 3647 513 3697 aliis
534 3648 872 3702 Senatoribus
896 3654 963 3703 de
996 3671 1154 3707 cansa
1186 3674 1317 3722 prae·

270 3715 511 3774 dictorum
534 3727 715 3778 Basilii
738 3735 793 3779 et
827 3732 1142 3785 Praetextati
1176 3737 1318 3800 judi·

269 3795 390 3847 cium
414 3798 616 3866 ferret3
650 3812 707 3855 et
731 3807 832 3871 Ep.
862 3813 945 3859 61.
970 3812 1194 3863 eundem
1218 3815 1315 3863 Re-

269 3883 374 3932 gem
414 3877 720 3944 Symmacho
766 3883 954 3934 iterum
999 3887 1314 3940 scribentem

270 3945 447 4003 dixisse
477 3957 496 3985 ³
517 3956 882 4020 Symmachum
914 3962 1128 4013 Romam
1160 3965 1313 4017 deco-

268 4037 393 4078 rasse
435 4031 675 4083 domuum
722 4037 1099 4098 pulchritudine
1117 4040 1151 4101 ;’
1203 4048 1313 4092 tum

267 4102 410 4153 etiam
432 4123 495 4156 cx
518 4109 790 4161 Prisciauo
826 4113 1134 4164 Caesariensi
1174 4118 1208 4166 Ι.
1245 4118 1312 4168 de

264 4176 579 4236 Ponderibus
600 4197 655 4239 et
673 4189 953 4253 Men-suris,
978 4200 1031 4241 et
1055 4194 1311 4259 Ennodio,

241 4259 436 4331 *quibus
458 4263 650 4315 dicitur
671 4266 762 4316 ille
785 4268 799 4294 ‘
817 4268 1150 4331 Symmachus
1173 4273 1310 4320 omni

267 4336 458 4392 virtutis
478 4344 596 4394 luce
616 4341 841 4407 fulgere,
877 4351 932 4395 et
970 4346 1161 4395 ceteris
1198 4357 1310 4397 tan-

1432 2041 1574 2089 mani
1599 2041 1782 2105 decuS‚
1817 2044 2152 2108 Symmachus
2177 2044 2364 2094 socer!

1493 2124 1526 2149 ¹¹
1549 2119 1628 2168 De
1650 2125 1697 2168 te
1719 2121 1846 2169 tanti
1866 2120 2083 2170 criminis
2097 2122 2251 2187 fidem
2273 2122 2491 2187 capiunt]

1428 2193 1493 2244 Id
1530 2202 1631 2259 est,
1681 2205 1900 2261 propter
1945 2204 2023 2261 te,
2069 2213 2101 2246 o
2144 2198 2498 2264 Philosophia,

1428 2277 1630 2321 tantum
1661 2273 1787 2322 innd
1824 2274 2017 2323 crimen
2042 2273 2108 2323 de
2133 2289 2218 2324 me
2240 2275 2492 2325 credunt:
2574 2275 2581 2280 “

1424 2347 1497 2397 sic
1539 2349 1676 2397 enim
1717 2350 1951 2398 Seneca:
1991 2352 2004 2377 ‘
2029 2349 2225 2412 majora
2261 2356 2494 2400 monstra

1426 2425 1561 2475 veris
1584 2427 1667 2475 vix
1691 2426 1904 2490 capiunt
1920 2424 2076 2476 fidem
2095 2425 2128 2476 :'
2148 2427 2224 2477 sic
2245 2427 2358 2491 ipse
2377 2427 2422 2475 V
2430 2426 2493 2476 ir-

1423 2502 1514 2564 gil.
1561 2502 1678 2552 AEn.
1720 2518 1772 2552 v.
1813 2519 1891 2553 vs.
1923 2509 2040 2555 604.
2082 2503 2097 2531 ‘
2131 2505 2231 2555 Hic
2268 2505 2488 2568 primum

1420 2580 1655 2629 Fortuna
1692 2579 1848 2629 fidem
1872 2587 2070 2630 mutata
2093 2581 2336 2632 novavit.'

1482 2663 1508 2688 ¹
1536 2657 1676 2712 Quod
1697 2657 1795 2706 tuis
1815 2658 1987 2706 imbuti
2003 2658 2287 2721 disciplinis]
2304 2659 2490 2708 Solent

1417 2733 1654 2783 nimirum
1701 2734 1758 2794 ii,
1803 2735 1891 2798 qui
1935 2741 2026 2783 aut
2072 2733 2487 2796 praecipitatione

1416 2818 1508 2859 aut
1532 2810 1841 2874 praejudicio
1862 2809 2128 2872 judicant,
2154 2809 2482 2859 temerarium

1416 2887 1483 2936 de
1522 2887 1584 2934 iis
1644 2902 1760 2952 quae
1808 2886 1909 2949 ipsi
1953 2886 2196 2948 ignorant
2245 2883 2521 2948 proferre'

1405 2963 1699 3026 judicium:
1751 2961 2181 3028 quemadmodum
2222 2961 2276 3011 S.
2317 2961 2481 3012 Judas

1414 3041 1465 3090 iu
1511 3057 1606 3092 sua
1649 3042 1817 3104 Epist.
1855 3039 1934 3090 his
1976 3041 2237 3103 expressit
2276 3039 2478 3089 verbis:

1412 3120 1428 3146 ‘
1446 3132 1785 3184 quaecumque
1804 3120 2061 3183 ignorant,
2078 3115 2478 3179 blasphemant)

1410 3196 1499 3246 Sic
1527 3196 1707 3259 ignara
1729 3195 2003 3260 plebecula
2033 3193 2269 3244 insolitos
2306 3201 2476 3244 motus

1407 3289 1603 3335 eorum,
1622 3290 1747 3338 quos
1770 3283 1859 3322 aut
1882 3271 2164 3322 Sortiarios
2187 3282 2278 3321 aut
2299 3273 2476 3335 lycan-

1408 3353 1620 3414 thropos
1653 3346 1833 3411 secat,
1866 3349 1952 3414 qui
1975 3348 2162 3412 saepius
2184 3349 2475 3413 perturbati

1404 3428 1614 3477 cerebri
1640 3436 1729 3477 ant
1753 3429 1893 3478 laesae
1924 3427 2302 3490 imaginationis
2338 3434 2474 3488 sunt,

1404 3508 1552 3556 malis
1597 3506 1784 3556 Geniis
1828 3503 1991 3555 refert
2034 3514 2298 3568 acceptos.
2381 3505 2470 3561 Sic

1403 3585 1639 3633 nonnulli
1682 3584 2048 3633 existimarunt
2098 3589 2264 3632 artem
2311 3581 2468 3631 confi-

1402 3659 1576 3708 ciendi
1602 3661 1713 3708 auri
1737 3674 1769 3707 a
1792 3659 2133 3708 Daemonibns
2157 3672 2289 3717 esse,
2314 3665 2373 3706 ut
2395 3658 2468 3716 ait

1399 3736 1585 3785 Delrio
1613 3736 1846 3800 Disquis.
1872 3737 2015 3798 Mag.
2039 3735 2075 3782 l.
2098 3748 2135 3783 1.
2201 3735 2286 3783 Sic
2310 3735 2468 3785 Gale-

1399 3827 1495 3861 nus
1534 3827 1595 3863 11.
1631 3813 1698 3862 de
1738 3810 1864 3863 Diff.
1901 3811 2030 3861 Feb.
2067 3825 2115 3860 c.
2142 3814 2218 3862 17.
2251 3819 2307 3860 et
2347 3827 2463 3876 cap.

1402 3893 1479 3938 10.
1502 3889 1570 3939 de
1592 3890 1772 3952 Simpl.
1794 3888 1939 3939 Med.
1962 3890 2082 3938 Fac.
2101 3889 2166 3937 de
2182 3890 2463 3952 semetipso

1397 3965 1602 4015 locutus
1646 3965 1720 4014 ait
1778 3980 1833 4014 se
1894 3971 2124 4028 propter*
2152 3965 2461 4027 singularem

1396 4056 1541 4090 suam
1563 4042 1906 4091 eruditionem
1948 4041 2172 4105 positum
2212 4039 2370 4089 fuisse
2408 4043 2460 4089 in

1394 4133 1610 4168 numero
1648 4133 1843 4179 eornm,
1879 4119 1965 4183 qui
1992 4119 2240 4167 malorum
2266 4118 2459 4166 Genio-

1396 4210 1503 4244 rum
1530 4195 1729 4245 artibus
1755 4194 1919 4258 adjuti
1943 4195 2148 4243 morbos
2172 4194 2456 4256 depellant.

1392 4273 1479 4322 Sic
1524 4285 1653 4336 ergo
1695 4272 1967 4334 Boethius,
2006 4271 2112 4334 qui,
2137 4275 2195 4317 ut
2230 4267 2456 4330 loquitur

1390 4351 1748 4401 Theudoricus
1773 4351 1885 4401 Rex
1922 4348 2060 4411 apud
2098 4344 2455 4401 cassiodorum
