<?xml version="1.0" encoding="UTF-8"?>
<!DOCTYPE html PUBLIC "-//W3C//DTD XHTML 1.0 Transitional//EN"
    "http://www.w3.org/TR/xhtml1/DTD/xhtml1-transitional.dtd">
<html xmlns="http://www.w3.org/1999/xhtml" xml:lang="en" lang="en">
 <head>
  <title>
</title>
<meta http-equiv="Content-Type" content="text/html;charset=utf-8" />
  <meta name='ocr-system' content='tesseract 3.04.00' />
  <meta name='ocr-capabilities' content='ocr_page ocr_carea ocr_par ocr_line ocrx_word'/>
</head>
<body>
  <div class='ocr_page' id='page_1' title='image "./deconsolationep00boetgoog_0331.png"; bbox 0 0 3049 4928; ppageno 0'>
   <div class='ocr_carea' id='block_1_1' title="bbox 2365 387 2494 454">
    <p class='ocr_par' dir='ltr' id='par_1_1' title="bbox 2365 387 2494 454">
     <span class='ocr_line' id='line_1_1' title="bbox 2365 387 2494 454; baseline 0 -1"><span class='ocrx_word' id='word_1_1' title='bbox 2365 387 2494 454; x_wconf 76' lang='lat'><strong>821</strong></span> 
     </span>
    </p>
   </div>
   <div class='ocr_carea' id='block_1_2' title="bbox 304 539 2579 2278">
    <p class='ocr_par' dir='ltr' id='par_1_2' title="bbox 304 539 2579 2278">
     <span class='ocr_line' id='line_1_2' title="bbox 323 539 2497 631; baseline -0.002 -16"><span class='ocrx_word' id='word_1_2' title='bbox 323 566 456 615; x_wconf 83' lang='lat' dir='ltr'><strong>sese</strong></span> <span class='ocrx_word' id='word_1_3' title='bbox 484 558 587 613; x_wconf 81' lang='lat' dir='ltr'><strong>r‘es</strong></span> <span class='ocrx_word' id='word_1_4' title='bbox 616 546 836 611; x_wconf 87' lang='lat' dir='ltr'><strong>habet.</strong></span> <span class='ocrx_word' id='word_1_5' title='bbox 927 547 1108 612; x_wconf 88' lang='lat' dir='ltr'><strong>Nam</strong></span> <span class='ocrx_word' id='word_1_6' title='bbox 1152 548 1266 631; x_wconf 88' lang='lat' dir='ltr'><strong>qui</strong></span> <span class='ocrx_word' id='word_1_7' title='bbox 1293 539 1454 613; x_wconf 82' lang='lat' dir='ltr'><strong>mali</strong></span> <span class='ocrx_word' id='word_1_8' title='bbox 1499 553 1682 624; x_wconf 87' lang='lat' dir='ltr'><strong>sunt,</strong></span> <span class='ocrx_word' id='word_1_9' title='bbox 1745 563 1863 610; x_wconf 89' lang='lat' dir='ltr'><strong>eos</strong></span> <span class='ocrx_word' id='word_1_10' title='bbox 1911 544 2122 610; x_wconf 86' lang='lat' dir='ltr'><strong>malos</strong></span> <span class='ocrx_word' id='word_1_11' title='bbox 2168 564 2316 611; x_wconf 88' lang='lat' dir='ltr'><strong>esse</strong></span> <span class='ocrx_word' id='word_1_12' title='bbox 2366 565 2497 612; x_wconf 87' lang='lat' dir='ltr'><strong>nou</strong></span> 
     </span>
     <span class='ocr_line' id='line_1_3' title="bbox 319 649 2494 734; baseline -0 -19"><span class='ocrx_word' id='word_1_13' title='bbox 319 651 554 716; x_wconf 84' lang='lat' dir='ltr'><strong>abnuo:</strong></span> <span class='ocrx_word' id='word_1_14' title='bbox 625 651 744 716; x_wconf 89' lang='lat' dir='ltr'><strong>sed</strong></span> <span class='ocrx_word' id='word_1_15' title='bbox 796 649 1067 719; x_wconf 84' lang='lat' dir='ltr'><strong>eosdem</strong></span> <span class='ocrx_word' id='word_1_16' title='bbox 1124 671 1277 715; x_wconf 90' lang='lat' dir='ltr'><strong>esse</strong></span> <span class='ocrx_word' id='word_1_17' title='bbox 1345 671 1514 734; x_wconf 89' lang='lat' dir='ltr'><strong>pure</strong></span> <span class='ocrx_word' id='word_1_18' title='bbox 1570 655 1770 733; x_wconf 91' lang='lat' dir='ltr'><strong>atque</strong></span> <span class='ocrx_word' id='word_1_19' title='bbox 1821 649 2232 733; x_wconf 86' lang='lat' dir='ltr'><strong>simpliciter,</strong></span> <span class='ocrx_word' id='word_1_20' title='bbox 2301 669 2494 733; x_wconf 86' lang='lat' dir='ltr'><strong>nego.</strong></span> 
     </span>
     <span class='ocr_line' id='line_1_4' title="bbox 321 750 2498 834; baseline 0 -18"><span class='ocrx_word' id='word_1_21' title='bbox 321 751 485 817; x_wconf 86' lang='lat' dir='ltr'><strong>Nam</strong></span> <span class='ocrx_word' id='word_1_22' title='bbox 529 755 628 817; x_wconf 88' lang='lat' dir='ltr'><strong>uti</strong></span> <span class='ocrx_word' id='word_1_23' title='bbox 678 753 961 819; x_wconf 87' lang='lat' dir='ltr'><strong>cadaver</strong></span> <span class='ocrx_word' id='word_1_24' title='bbox 1013 754 1346 818; x_wconf 89' lang='lat' dir='ltr'><strong>hominem</strong></span> <span class='ocrx_word' id='word_1_25' title='bbox 1384 758 1720 818; x_wconf 88' lang='lat' dir='ltr'><strong>mortuum</strong></span> <span class='ocrx_word' id='word_1_26' title='bbox 1770 750 2045 828; x_wconf 80' lang='lat' dir='ltr'><strong>dixeris,</strong></span> <span class='ocrx_word' id='word_1_27' title='bbox 2099 751 2498 834; x_wconf 82' lang='lat' dir='ltr'><strong>simpliciter</strong></span> 
     </span>
     <span class='ocr_line' id='line_1_5' title="bbox 315 853 2494 941; baseline -0 -23"><span class='ocrx_word' id='word_1_28' title='bbox 315 874 455 919; x_wconf 86' lang='lat' dir='ltr'><strong>vero</strong></span> <span class='ocrx_word' id='word_1_29' title='bbox 491 857 820 921; x_wconf 77' lang='lat' dir='ltr'><strong>hominem</strong></span> <span class='ocrx_word' id='word_1_30' title='bbox 873 855 1215 939; x_wconf 85' lang='lat' dir='ltr'><strong>appellare</strong></span> <span class='ocrx_word' id='word_1_31' title='bbox 1265 877 1399 921; x_wconf 93' lang='lat' dir='ltr'><strong>non</strong></span> <span class='ocrx_word' id='word_1_32' title='bbox 1454 858 1724 941; x_wconf 87' lang='lat' dir='ltr'><strong>possis:</strong></span> <span class='ocrx_word' id='word_1_33' title='bbox 1771 856 1870 918; x_wconf 89' lang='lat' dir='ltr'><strong>ita</strong></span> <span class='ocrx_word' id='word_1_34' title='bbox 1914 853 2222 931; x_wconf 80' lang='lat' dir='ltr'><strong>vitiosoS,</strong></span> <span class='ocrx_word' id='word_1_35' title='bbox 2280 853 2494 917; x_wconf 86' lang='lat' dir='ltr'><strong>malos</strong></span> 
     </span>
     <span class='ocr_line' id='line_1_6' title="bbox 316 957 2493 1047; baseline -0.002 -24"><span class='ocrx_word' id='word_1_36' title='bbox 316 958 568 1040; x_wconf 85' lang='lat' dir='ltr'><strong>quidem</strong></span> <span class='ocrx_word' id='word_1_37' title='bbox 592 979 739 1025; x_wconf 85' lang='lat' dir='ltr'><strong>esse</strong></span> <span class='ocrx_word' id='word_1_38' title='bbox 770 960 1241 1047; x_wconf 80' lang='lat' dir='ltr'><strong>concesserim,</strong></span> <span class='ocrx_word' id='word_1_39' title='bbox 1296 959 1417 1025; x_wconf 88' lang='lat' dir='ltr'><strong>sed</strong></span> <span class='ocrx_word' id='word_1_40' title='bbox 1449 978 1602 1023; x_wconf 89' lang='lat' dir='ltr'><strong>esse</strong></span> <span class='ocrx_word' id='word_1_41' title='bbox 1634 957 1938 1022; x_wconf 90' lang='lat' dir='ltr'><strong>absolute</strong></span> <span class='ocrx_word' id='word_1_42' title='bbox 1971 976 2304 1039; x_wconf 85' lang='lat' dir='ltr'><strong>nequeam</strong></span> <span class='ocrx_word' id='word_1_43' title='bbox 2334 976 2493 1020; x_wconf 87' lang='lat' dir='ltr'><strong>con-</strong></span> 
     </span>
     <span class='ocr_line' id='line_1_7' title="bbox 313 1056 2491 1147; baseline 0 -24"><span class='ocrx_word' id='word_1_44' title='bbox 313 1059 494 1127; x_wconf 87' lang='lat' dir='ltr'><strong>fiteri.</strong></span> <span class='ocrx_word' id='word_1_45' title='bbox 584 1063 713 1128; x_wconf 89' lang='lat' dir='ltr'><strong>Est</strong></span> <span class='ocrx_word' id='word_1_46' title='bbox 742 1063 919 1127; x_wconf 88' lang='lat' dir='ltr'><strong>enim</strong></span> <span class='ocrx_word' id='word_1_47' title='bbox 950 1063 1128 1147; x_wconf 91' lang='lat' dir='ltr'><strong>quod</strong></span> <span class='ocrx_word' id='word_1_48' title='bbox 1160 1056 1458 1127; x_wconf 84' lang='lat' dir='ltr'><strong>ordinem</strong></span> <span class='ocrx_word' id='word_1_49' title='bbox 1487 1067 1747 1139; x_wconf 87' lang='lat' dir='ltr'><strong>retinet,</strong></span> <span class='ocrx_word' id='word_1_50' title='bbox 1781 1068 2133 1144; x_wconf 86' lang='lat' dir='ltr'><strong>servatque</strong></span> <span class='ocrx_word' id='word_1_51' title='bbox 2155 1065 2491 1124; x_wconf 76' lang='lat' dir='ltr'><strong>naturam:</strong></span> 
     </span>
     <span class='ocr_line' id='line_1_8' title="bbox 314 1165 2498 1249; baseline -0.001 -20"><span class='ocrx_word' id='word_1_52' title='bbox 314 1165 482 1246; x_wconf 87' lang='lat' dir='ltr'><strong>quod</strong></span> <span class='ocrx_word' id='word_1_53' title='bbox 513 1186 668 1230; x_wconf 86' lang='lat' dir='ltr'><strong>vero</strong></span> <span class='ocrx_word' id='word_1_54' title='bbox 699 1168 784 1231; x_wconf 94' lang='lat' dir='ltr'><strong>ab</strong></span> <span class='ocrx_word' id='word_1_55' title='bbox 813 1167 939 1231; x_wconf 90' lang='lat' dir='ltr'><strong>hac</strong></span> <span class='ocrx_word' id='word_1_56' title='bbox 962 1166 1211 1242; x_wconf 85' lang='lat' dir='ltr'><strong>deficit,</strong></span> <span class='ocrx_word' id='word_1_57' title='bbox 1239 1187 1390 1231; x_wconf 84' lang='lat' dir='ltr'><strong>esse</strong></span> <span class='ocrx_word' id='word_1_58' title='bbox 1419 1168 1644 1244; x_wconf 87' lang='lat' dir='ltr'><strong>etiam,</strong></span> <span class='ocrx_word' id='word_1_59' title='bbox 1675 1166 1854 1249; x_wconf 88' lang='lat' dir='ltr'><strong>quod</strong></span> <span class='ocrx_word' id='word_1_60' title='bbox 1906 1165 1976 1227; x_wconf 91' lang='lat' dir='ltr'><strong>in</strong></span> <span class='ocrx_word' id='word_1_61' title='bbox 2014 1165 2123 1228; x_wconf 90' lang='lat' dir='ltr'><strong>sui</strong></span> <span class='ocrx_word' id='word_1_62' title='bbox 2177 1168 2417 1227; x_wconf 88' lang='lat' dir='ltr'><strong>natura</strong></span> <span class='ocrx_word' id='word_1_63' title='bbox 2441 1168 2498 1211; x_wconf 82' lang='lat'><strong>¹4</strong></span> 
     </span>
     <span class='ocr_line' id='line_1_9' title="bbox 314 1265 2494 1352; baseline 0 -23"><span class='ocrx_word' id='word_1_64' title='bbox 314 1266 501 1331; x_wconf 82' lang='lat' dir='ltr'><strong>situm</strong></span> <span class='ocrx_word' id='word_1_65' title='bbox 528 1276 686 1347; x_wconf 71' lang='lat' dir='ltr'><strong>est‚²</strong></span> <span class='ocrx_word' id='word_1_66' title='bbox 727 1269 1147 1352; x_wconf 87' lang='lat' dir='ltr'><strong>derelinquit.</strong></span> <span class='ocrx_word' id='word_1_67' title='bbox 1239 1269 1373 1333; x_wconf 91' lang='lat' dir='ltr'><strong>Sed</strong></span> <span class='ocrx_word' id='word_1_68' title='bbox 1430 1273 1736 1352; x_wconf 86' lang='lat' dir='ltr'><strong>possunt,</strong></span> <span class='ocrx_word' id='word_1_69' title='bbox 1789 1267 2074 1350; x_wconf 88' lang='lat' dir='ltr'><strong>inquies,</strong></span> <span class='ocrx_word' id='word_1_70' title='bbox 2128 1265 2328 1345; x_wconf 83' lang='lat' dir='ltr'><strong>mali3</strong></span> <span class='ocrx_word' id='word_1_71' title='bbox 2371 1285 2494 1330; x_wconf 89' lang='lat' dir='ltr'><strong>nec</strong></span> 
     </span>
     <span class='ocr_line' id='line_1_10' title="bbox 309 1368 2579 1453; baseline 0 -21"><span class='ocrx_word' id='word_1_72' title='bbox 309 1385 420 1449; x_wconf 87' lang='lat' dir='ltr'><strong>ego</strong></span> <span class='ocrx_word' id='word_1_73' title='bbox 449 1369 715 1453; x_wconf 88' lang='lat' dir='ltr'><strong>quidem</strong></span> <span class='ocrx_word' id='word_1_74' title='bbox 743 1371 1156 1453; x_wconf 87' lang='lat' dir='ltr'><strong>negaverim:</strong></span> <span class='ocrx_word' id='word_1_75' title='bbox 1191 1371 1317 1435; x_wconf 90' lang='lat' dir='ltr'><strong>sed</strong></span> <span class='ocrx_word' id='word_1_76' title='bbox 1348 1369 1494 1436; x_wconf 86' lang='lat' dir='ltr'><strong>haec</strong></span> <span class='ocrx_word' id='word_1_77' title='bbox 1519 1389 1749 1435; x_wconf 85' lang='lat' dir='ltr'><strong>eorum</strong></span> <span class='ocrx_word' id='word_1_78' title='bbox 1773 1368 2081 1452; x_wconf 89' lang='lat' dir='ltr'><strong>potentia</strong></span> <span class='ocrx_word' id='word_1_79' title='bbox 2106 1387 2242 1432; x_wconf 89' lang='lat' dir='ltr'><strong>non</strong></span> <span class='ocrx_word' id='word_1_80' title='bbox 2274 1389 2317 1432; x_wconf 89' lang='lat' dir='ltr'><strong>a</strong></span> <span class='ocrx_word' id='word_1_81' title='bbox 2335 1370 2493 1434; x_wconf 88' lang='lat' dir='ltr'><strong>viri·</strong></span> <span class='ocrx_word' id='word_1_82' title='bbox 2576 1378 2579 1381; x_wconf 78' lang='grc'>’</span> 
     </span>
     <span class='ocr_line' id='line_1_11' title="bbox 310 1469 2491 1548; baseline 0.001 -15"><span class='ocrx_word' id='word_1_83' title='bbox 310 1469 444 1548; x_wconf 79' lang='lat' dir='ltr'><strong>buS,</strong></span> <span class='ocrx_word' id='word_1_84' title='bbox 472 1472 590 1535; x_wconf 90' lang='lat' dir='ltr'><strong>sed</strong></span> <span class='ocrx_word' id='word_1_85' title='bbox 634 1473 720 1536; x_wconf 92' lang='lat' dir='ltr'><strong>ab</strong></span> <span class='ocrx_word' id='word_1_86' title='bbox 766 1472 1225 1538; x_wconf 81' lang='lat' dir='ltr'><strong>imbecillitate</strong></span> <span class='ocrx_word' id='word_1_87' title='bbox 1275 1471 1641 1537; x_wconf 89' lang='lat' dir='ltr'><strong>descendit.</strong></span> <span class='ocrx_word' id='word_1_88' title='bbox 1728 1470 2029 1535; x_wconf 85' lang='lat' dir='ltr'><strong>Possunt</strong></span> <span class='ocrx_word' id='word_1_89' title='bbox 2087 1471 2264 1534; x_wconf 91' lang='lat' dir='ltr'><strong>enim</strong></span> <span class='ocrx_word' id='word_1_90' title='bbox 2292 1470 2491 1548; x_wconf 87' lang='lat' dir='ltr'><strong>mala,</strong></span> 
     </span>
     <span class='ocr_line' id='line_1_12' title="bbox 312 1573 2493 1656; baseline 0 -20"><span class='ocrx_word' id='word_1_91' title='bbox 312 1591 453 1656; x_wconf 83' lang='lat' dir='ltr'><strong>quae</strong></span> <span class='ocrx_word' id='word_1_92' title='bbox 482 1574 757 1640; x_wconf 90' lang='lat' dir='ltr'><strong>minime</strong></span> <span class='ocrx_word' id='word_1_93' title='bbox 785 1575 1101 1653; x_wconf 85' lang='lat' dir='ltr'><strong>valerent,</strong></span> <span class='ocrx_word' id='word_1_94' title='bbox 1135 1577 1194 1639; x_wconf 91' lang='lat' dir='ltr'><strong>si</strong></span> <span class='ocrx_word' id='word_1_95' title='bbox 1234 1576 1304 1639; x_wconf 90' lang='lat' dir='ltr'><strong>in</strong></span> <span class='ocrx_word' id='word_1_96' title='bbox 1333 1577 1660 1641; x_wconf 87' lang='lat' dir='ltr'><strong>bonorum</strong></span> <span class='ocrx_word' id='word_1_97' title='bbox 1690 1573 2048 1638; x_wconf 86' lang='lat' dir='ltr'><strong>efficientia</strong></span> <span class='ocrx_word' id='word_1_98' title='bbox 2074 1592 2340 1639; x_wconf 85' lang='lat' dir='ltr'><strong>manere</strong></span> <span class='ocrx_word' id='word_1_99' title='bbox 2366 1593 2493 1656; x_wconf 84' lang='lat' dir='ltr'><strong>po·-</strong></span> 
     </span>
     <span class='ocr_line' id='line_1_13' title="bbox 308 1674 2493 1763; baseline -0 -23"><span class='ocrx_word' id='word_1_100' title='bbox 308 1675 607 1742; x_wconf 87' lang='lat' dir='ltr'><strong>tuissent.</strong></span> <span class='ocrx_word' id='word_1_101' title='bbox 698 1677 871 1757; x_wconf 82' lang='lat' dir='ltr'><strong>Quae</strong></span> <span class='ocrx_word' id='word_1_102' title='bbox 902 1678 1325 1763; x_wconf 88' lang='lat' dir='ltr'><strong>possibilitas</strong></span> <span class='ocrx_word' id='word_1_103' title='bbox 1372 1699 1493 1743; x_wconf 90' lang='lat' dir='ltr'><strong>eos</strong></span> <span class='ocrx_word' id='word_1_104' title='bbox 1542 1678 1917 1743; x_wconf 84' lang='lat' dir='ltr'><strong>evidentius</strong></span> <span class='ocrx_word' id='word_1_105' title='bbox 1943 1674 2108 1740; x_wconf 90' lang='lat' dir='ltr'><strong>nihil</strong></span> <span class='ocrx_word' id='word_1_106' title='bbox 2142 1694 2346 1759; x_wconf 87' lang='lat' dir='ltr'><strong>posse</strong></span> <span class='ocrx_word' id='word_1_107' title='bbox 2376 1677 2493 1740; x_wconf 88' lang='lat' dir='ltr'><strong>de-</strong></span> 
     </span>
     <span class='ocr_line' id='line_1_14' title="bbox 307 1779 2493 1867; baseline -0 -25"><span class='ocrx_word' id='word_1_108' title='bbox 307 1787 640 1846; x_wconf 88' lang='lat' dir='ltr'><strong>monstrat.</strong></span> <span class='ocrx_word' id='word_1_109' title='bbox 735 1782 914 1847; x_wconf 89' lang='lat' dir='ltr'><strong>Nam</strong></span> <span class='ocrx_word' id='word_1_110' title='bbox 945 1784 1027 1861; x_wconf 92' lang='lat' dir='ltr'><strong>si,</strong></span> <span class='ocrx_word' id='word_1_111' title='bbox 1058 1784 1158 1848; x_wconf 87' lang='lat' dir='ltr'><strong>uti</strong></span> <span class='ocrx_word' id='word_1_112' title='bbox 1200 1783 1406 1867; x_wconf 87' lang='lat' dir='ltr'><strong>paulo</strong></span> <span class='ocrx_word' id='word_1_113' title='bbox 1455 1788 1608 1847; x_wconf 88' lang='lat' dir='ltr'><strong>ante</strong></span> <span class='ocrx_word' id='word_1_114' title='bbox 1655 1779 2067 1863; x_wconf 79' lang='lat' dir='ltr'><strong>collegimuS,</strong></span> <span class='ocrx_word' id='word_1_115' title='bbox 2119 1779 2366 1843; x_wconf 88' lang='lat' dir='ltr'><strong>malum</strong></span> <span class='ocrx_word' id='word_1_116' title='bbox 2394 1780 2493 1842; x_wconf 88' lang='lat' dir='ltr'><strong>ni-</strong></span> 
     </span>
     <span class='ocr_line' id='line_1_15' title="bbox 304 1880 2489 1967; baseline -0 -24"><span class='ocrx_word' id='word_1_117' title='bbox 304 1880 389 1945; x_wconf 88' lang='lat' dir='ltr'><strong>hil</strong></span> <span class='ocrx_word' id='word_1_118' title='bbox 416 1888 602 1963; x_wconf 78' lang='lat' dir='ltr'><strong>est3¹¹</strong></span> <span class='ocrx_word' id='word_1_119' title='bbox 648 1903 804 1947; x_wconf 90' lang='lat' dir='ltr'><strong>cum</strong></span> <span class='ocrx_word' id='word_1_120' title='bbox 851 1886 1030 1950; x_wconf 89' lang='lat' dir='ltr'><strong>mala</strong></span> <span class='ocrx_word' id='word_1_121' title='bbox 1059 1884 1512 1950; x_wconf 86' lang='lat' dir='ltr'><strong>tantummodo</strong></span> <span class='ocrx_word' id='word_1_122' title='bbox 1564 1884 1857 1967; x_wconf 90' lang='lat' dir='ltr'><strong>possint,</strong></span> <span class='ocrx_word' id='word_1_123' title='bbox 1906 1881 2073 1946; x_wconf 90' lang='lat' dir='ltr'><strong>nihil</strong></span> <span class='ocrx_word' id='word_1_124' title='bbox 2104 1900 2316 1964; x_wconf 91' lang='lat' dir='ltr'><strong>posse</strong></span> <span class='ocrx_word' id='word_1_125' title='bbox 2367 1881 2489 1944; x_wconf 91' lang='lat' dir='ltr'><strong>im-</strong></span> 
     </span>
     <span class='ocr_line' id='line_1_16' title="bbox 304 1984 2490 2071; baseline -0.001 -22"><span class='ocrx_word' id='word_1_126' title='bbox 304 1987 541 2066; x_wconf 85' lang='lat' dir='ltr'><strong>probos</strong></span> <span class='ocrx_word' id='word_1_127' title='bbox 600 1985 834 2071; x_wconf 89' lang='lat' dir='ltr'><strong>liquet.</strong></span> <span class='ocrx_word' id='word_1_128' title='bbox 923 1988 1367 2071; x_wconf 86' lang='lat' dir='ltr'><strong>Perspicuum</strong></span> <span class='ocrx_word' id='word_1_129' title='bbox 1424 1994 1603 2054; x_wconf 87' lang='lat' dir='ltr'><strong>est.¹⁵</strong></span> <span class='ocrx_word' id='word_1_130' title='bbox 1718 1986 1949 2071; x_wconf 87' lang='lat' dir='ltr'><strong>Atque</strong></span> <span class='ocrx_word' id='word_1_131' title='bbox 2002 1990 2075 2050; x_wconf 93' lang='lat' dir='ltr'><strong>ut</strong></span> <span class='ocrx_word' id='word_1_132' title='bbox 2131 1984 2490 2065; x_wconf 80' lang='lat' dir='ltr'><strong>intelligas,</strong></span> 
     </span>
     <span class='ocr_line' id='line_1_17' title="bbox 306 2088 2491 2176; baseline -0.001 -24"><span class='ocrx_word' id='word_1_133' title='bbox 306 2108 598 2170; x_wconf 84' lang='lat' dir='ltr'><strong>quaenam</strong></span> <span class='ocrx_word' id='word_1_134' title='bbox 629 2091 725 2154; x_wconf 88' lang='lat' dir='ltr'><strong>sit</strong></span> <span class='ocrx_word' id='word_1_135' title='bbox 751 2090 948 2175; x_wconf 91' lang='lat' dir='ltr'><strong>hujus</strong></span> <span class='ocrx_word' id='word_1_136' title='bbox 976 2095 1296 2176; x_wconf 82' lang='lat' dir='ltr'><strong>potentiae</strong></span> <span class='ocrx_word' id='word_1_137' title='bbox 1327 2095 1475 2159; x_wconf 84' lang='lat' dir='ltr'><strong>vis:</strong></span> <span class='ocrx_word' id='word_1_138' title='bbox 1524 2111 1791 2159; x_wconf 91' lang='lat' dir='ltr'><strong>summo</strong></span> <span class='ocrx_word' id='word_1_139' title='bbox 1842 2092 2023 2156; x_wconf 90' lang='lat' dir='ltr'><strong>bono</strong></span> <span class='ocrx_word' id='word_1_140' title='bbox 2065 2088 2234 2153; x_wconf 90' lang='lat' dir='ltr'><strong>nihil</strong></span> <span class='ocrx_word' id='word_1_141' title='bbox 2262 2093 2491 2171; x_wconf 87' lang='lat' dir='ltr'><strong>poten-</strong></span> 
     </span>
     <span class='ocr_line' id='line_1_18' title="bbox 306 2189 2492 2278; baseline 0 -24"><span class='ocrx_word' id='word_1_142' title='bbox 306 2191 430 2255; x_wconf 89' lang='lat' dir='ltr'><strong>tius</strong></span> <span class='ocrx_word' id='word_1_143' title='bbox 459 2190 690 2270; x_wconf 88' lang='lat' dir='ltr'><strong>esse,¹⁶</strong></span> <span class='ocrx_word' id='word_1_144' title='bbox 731 2194 939 2278; x_wconf 87' lang='lat' dir='ltr'><strong>paulo</strong></span> <span class='ocrx_word' id='word_1_145' title='bbox 973 2200 1120 2259; x_wconf 90' lang='lat' dir='ltr'><strong>ante</strong></span> <span class='ocrx_word' id='word_1_146' title='bbox 1149 2194 1594 2261; x_wconf 85' lang='lat' dir='ltr'><strong>definivimus.</strong></span> <span class='ocrx_word' id='word_1_147' title='bbox 1684 2194 1799 2260; x_wconf 90' lang='lat' dir='ltr'><strong>Ita</strong></span> <span class='ocrx_word' id='word_1_148' title='bbox 1819 2198 1945 2272; x_wconf 90' lang='lat' dir='ltr'><strong>est,</strong></span> <span class='ocrx_word' id='word_1_149' title='bbox 1978 2194 2266 2276; x_wconf 89' lang='lat' dir='ltr'><strong>inquam.</strong></span> <span class='ocrx_word' id='word_1_150' title='bbox 2356 2189 2492 2254; x_wconf 88' lang='lat' dir='ltr'><strong>Sed</strong></span> 
     </span>
    </p>
   </div>
   <div class='ocr_carea' id='block_1_3' title="bbox 966 398 1834 454">
    <p class='ocr_par' dir='ltr' id='par_1_3' title="bbox 966 398 1834 454">
     <span class='ocr_line' id='line_1_19' title="bbox 966 398 1834 454; baseline 0 -5"><span class='ocrx_word' id='word_1_151' title='bbox 966 401 1488 451; x_wconf 67' lang='lat' dir='ltr'><strong>Pathosopfflffl</strong></span> <span class='ocrx_word' id='word_1_152' title='bbox 1541 403 1609 450; x_wconf 83' lang='lat' dir='ltr'><strong>Ll</strong></span> <span class='ocrx_word' id='word_1_153' title='bbox 1624 404 1687 454; x_wconf 75' lang='lat' dir='ltr'><strong>B.</strong></span> <span class='ocrx_word' id='word_1_154' title='bbox 1734 398 1834 450; x_wconf 64' lang='lat' dir='ltr'><strong>lv.</strong></span> 
     </span>
    </p>
   </div>
   <div class='ocr_carea' id='block_1_4' title="bbox 359 2387 775 2452">
    <p class='ocr_par' dir='ltr' id='par_1_4' title="bbox 359 2387 775 2452">
     <span class='ocr_line' id='line_1_20' title="bbox 359 2387 775 2452; baseline -0.012 -10"><span class='ocrx_word' id='word_1_155' title='bbox 359 2391 384 2415; x_wconf 73' lang='lat'><em>⁸</em></span> <span class='ocrx_word' id='word_1_156' title='bbox 418 2387 584 2442; x_wconf 76' lang='lat' dir='ltr'><strong>Quoad</strong></span> <span class='ocrx_word' id='word_1_157' title='bbox 598 2393 775 2452; x_wconf 75' lang='lat' dir='ltr'><strong>potest.</strong></span> 
     </span>
    </p>
   </div>
   <div class='ocr_carea' id='block_1_5' title="bbox 1214 2479 1571 2506">
    <p class='ocr_par' dir='ltr' id='par_1_5' title="bbox 1214 2479 1571 2506">
     <span class='ocr_line' id='line_1_21' title="bbox 1214 2479 1571 2506; baseline -0.003 0"><span class='ocrx_word' id='word_1_158' title='bbox 1214 2479 1571 2506; x_wconf 54' lang='lat' dir='ltr'><strong>OOOOOOOOOOOO</strong></span> 
     </span>
    </p>
   </div>
   <div class='ocr_carea' id='block_1_6' title="bbox 296 2593 2494 2798">
    <p class='ocr_par' dir='ltr' id='par_1_6' title="bbox 296 2593 2494 2798">
     <span class='ocr_line' id='line_1_22' title="bbox 298 2593 2494 2674; baseline 0 -27"><span class='ocrx_word' id='word_1_159' title='bbox 298 2605 585 2672; x_wconf 51' lang='grc' dir='ltr'><strong>φακὴ-14</strong></span> <span class='ocrx_word' id='word_1_160' title='bbox 620 2602 766 2653; x_wconf 87' lang='lat' dir='ltr'><strong>Vict.</strong></span> <span class='ocrx_word' id='word_1_161' title='bbox 790 2604 1067 2665; x_wconf 83' lang='lat' dir='ltr'><strong>secundus,</strong></span> <span class='ocrx_word' id='word_1_162' title='bbox 1088 2603 1210 2653; x_wconf 86' lang='lat' dir='ltr'><strong>edd.</strong></span> <span class='ocrx_word' id='word_1_163' title='bbox 1231 2605 1427 2666; x_wconf 87' lang='lat' dir='ltr'><strong>Delph.</strong></span> <span class='ocrx_word' id='word_1_164' title='bbox 1446 2611 1501 2653; x_wconf 88' lang='lat' dir='ltr'><strong>et</strong></span> <span class='ocrx_word' id='word_1_165' title='bbox 1523 2604 1695 2653; x_wconf 84' lang='lat' dir='ltr'><strong>Hack.</strong></span> <span class='ocrx_word' id='word_1_166' title='bbox 1714 2617 1798 2651; x_wconf 79' lang='lat' dir='ltr'><strong>sua</strong></span> <span class='ocrx_word' id='word_1_167' title='bbox 1818 2604 2136 2651; x_wconf 67' lang='lat' dir='ltr'><strong>natum—16</strong></span> <span class='ocrx_word' id='word_1_168' title='bbox 2158 2593 2337 2674; x_wconf 63' lang='lat' dir='ltr'><strong>“Nihil</strong></span> <span class='ocrx_word' id='word_1_169' title='bbox 2357 2611 2494 2659; x_wconf 75' lang='lat' dir='ltr'><strong>posu</strong></span> 
     </span>
     <span class='ocr_line' id='line_1_23' title="bbox 296 2666 2491 2732; baseline -0.002 -18"><span class='ocrx_word' id='word_1_170' title='bbox 296 2666 514 2726; x_wconf 70' lang='lat' dir='ltr'><strong>improbo·</strong></span> <span class='ocrx_word' id='word_1_171' title='bbox 531 2667 703 2729; x_wconf 74' lang='lat' dir='ltr'><strong>liquet.</strong></span> <span class='ocrx_word' id='word_1_172' title='bbox 732 2669 1032 2731; x_wconf 69' lang='lat' dir='ltr'><strong>Perspicuum</strong></span> <span class='ocrx_word' id='word_1_173' title='bbox 1053 2669 1147 2732; x_wconf 79' lang='lat' dir='ltr'><strong>est]</strong></span> <span class='ocrx_word' id='word_1_174' title='bbox 1172 2669 1269 2718; x_wconf 87' lang='lat' dir='ltr'><strong>Ms.</strong></span> <span class='ocrx_word' id='word_1_175' title='bbox 1291 2670 1542 2718; x_wconf 85' lang='lat' dir='ltr'><strong>Rittersh.</strong></span> <span class='ocrx_word' id='word_1_176' title='bbox 1558 2683 1657 2718; x_wconf 90' lang='lat' dir='ltr'><strong>non</strong></span> <span class='ocrx_word' id='word_1_177' title='bbox 1677 2667 1830 2715; x_wconf 83' lang='lat' dir='ltr'><strong>habet</strong></span> <span class='ocrx_word' id='word_1_178' title='bbox 1847 2668 1972 2714; x_wconf 83' lang='lat' dir='ltr'><strong>duas</strong></span> <span class='ocrx_word' id='word_1_179' title='bbox 1993 2671 2303 2729; x_wconf 72' lang='lat' dir='ltr'><strong>posteriores</strong></span> <span class='ocrx_word' id='word_1_180' title='bbox 2322 2676 2491 2710; x_wconf 83' lang='lat' dir='ltr'><strong>voces.</strong></span> 
     </span>
     <span class='ocr_line' id='line_1_24' title="bbox 299 2727 2488 2798; baseline -0.002 -21"><span class='ocrx_word' id='word_1_181' title='bbox 299 2727 364 2776; x_wconf 86' lang='lat' dir='ltr'><strong>Et</strong></span> <span class='ocrx_word' id='word_1_182' title='bbox 385 2739 530 2782; x_wconf 87' lang='lat' dir='ltr'><strong>certe</strong></span> <span class='ocrx_word' id='word_1_183' title='bbox 562 2734 824 2796; x_wconf 81' lang='lat' dir='ltr'><strong>glossema</strong></span> <span class='ocrx_word' id='word_1_184' title='bbox 845 2732 1094 2798; x_wconf 88' lang='lat' dir='ltr'><strong>sapiunt.’</strong></span> <span class='ocrx_word' id='word_1_185' title='bbox 1127 2734 1432 2783; x_wconf 60' lang='grc' dir='ltr'><strong>Βίωνι-16</strong></span> <span class='ocrx_word' id='word_1_186' title='bbox 1466 2733 1599 2783; x_wconf 90' lang='lat' dir='ltr'><strong>Edd.</strong></span> <span class='ocrx_word' id='word_1_187' title='bbox 1635 2732 1827 2796; x_wconf 82' lang='lat' dir='ltr'><strong>Delph.</strong></span> <span class='ocrx_word' id='word_1_188' title='bbox 1851 2739 1909 2781; x_wconf 86' lang='lat' dir='ltr'><strong>et</strong></span> <span class='ocrx_word' id='word_1_189' title='bbox 1931 2729 2105 2780; x_wconf 85' lang='lat' dir='ltr'><strong>Hack.</strong></span> <span class='ocrx_word' id='word_1_190' title='bbox 2132 2729 2381 2778; x_wconf 88' lang='lat' dir='ltr'><strong>omittunt</strong></span> <span class='ocrx_word' id='word_1_191' title='bbox 2405 2740 2488 2773; x_wconf 82' lang='lat' dir='ltr'><strong>vo·</strong></span> 
     </span>
    </p>
   </div>
   <div class='ocr_carea' id='block_1_7' title="bbox 1282 2891 1503 2943">
    <p class='ocr_par' dir='ltr' id='par_1_7' title="bbox 1282 2891 1503 2943">
     <span class='ocr_line' id='line_1_25' title="bbox 1282 2891 1503 2943; baseline 0.005 -1"><span class='ocrx_word' id='word_1_192' title='bbox 1282 2893 1331 2942; x_wconf 89' lang='lat' dir='ltr'>N</span> <span class='ocrx_word' id='word_1_193' title='bbox 1340 2891 1503 2943; x_wconf 70' lang='lat' dir='ltr'><strong>01*AE</strong></span> 
     </span>
    </p>
   </div>
   <div class='ocr_carea' id='block_1_8' title="bbox 293 3013 2492 3244">
    <p class='ocr_par' dir='ltr' id='par_1_8' title="bbox 293 3013 2492 3244">
     <span class='ocr_line' id='line_1_26' title="bbox 356 3013 2491 3089; baseline -0.003 -21"><span class='ocrx_word' id='word_1_194' title='bbox 356 3025 378 3050; x_wconf 72' lang='lat'><strong>⁸¹</strong></span> <span class='ocrx_word' id='word_1_195' title='bbox 417 3020 545 3069; x_wconf 81' lang='lat' dir='ltr'><strong>Nam</strong></span> <span class='ocrx_word' id='word_1_196' title='bbox 584 3021 892 3072; x_wconf 66' lang='lat' dir='ltr'><strong>aii-..malum</strong></span> <span class='ocrx_word' id='word_1_197' title='bbox 948 3024 1073 3074; x_wconf 77' lang='lat' dir='ltr'><strong>nihil</strong></span> <span class='ocrx_word' id='word_1_198' title='bbox 1110 3030 1201 3085; x_wconf 80' lang='lat' dir='ltr'><strong>est,</strong></span> <span class='ocrx_word' id='word_1_199' title='bbox 1243 3024 1352 3089; x_wconf 55' lang='grc' dir='ltr'><strong>ξω]</strong></span> <span class='ocrx_word' id='word_1_200' title='bbox 1436 3025 1522 3074; x_wconf 85' lang='lat' dir='ltr'><strong>tiae</strong></span> <span class='ocrx_word' id='word_1_201' title='bbox 1545 3025 1595 3073; x_wconf 91' lang='lat' dir='ltr'><strong>in</strong></span> <span class='ocrx_word' id='word_1_202' title='bbox 1616 3024 1768 3087; x_wconf 86' lang='lat' dir='ltr'><strong>malo,</strong></span> <span class='ocrx_word' id='word_1_203' title='bbox 1803 3022 2036 3087; x_wconf 85' lang='lat' dir='ltr'><strong>adeoque</strong></span> <span class='ocrx_word' id='word_1_204' title='bbox 2058 3018 2228 3069; x_wconf 90' lang='lat' dir='ltr'><strong>necin</strong></span> <span class='ocrx_word' id='word_1_205' title='bbox 2257 3013 2491 3078; x_wconf 85' lang='lat' dir='ltr'><strong>improbo</strong></span> 
     </span>
     <span class='ocr_line' id='line_1_27' title="bbox 296 3093 2492 3166; baseline -0.001 -24"><span class='ocrx_word' id='word_1_206' title='bbox 296 3095 558 3148; x_wconf 83' lang='lat' dir='ltr'><strong>Praedicta</strong></span> <span class='ocrx_word' id='word_1_207' title='bbox 574 3099 928 3163; x_wconf 85' lang='lat' dir='ltr'><strong>improborum</strong></span> <span class='ocrx_word' id='word_1_208' title='bbox 945 3103 1218 3152; x_wconf 81' lang='lat' dir='ltr'><strong>infirmitas</strong></span> <span class='ocrx_word' id='word_1_209' title='bbox 1233 3118 1354 3154; x_wconf 86' lang='lat' dir='ltr'><strong>con·</strong></span> <span class='ocrx_word' id='word_1_210' title='bbox 1432 3102 1658 3163; x_wconf 86' lang='lat' dir='ltr'><strong>homine,</strong></span> <span class='ocrx_word' id='word_1_211' title='bbox 1692 3107 1941 3165; x_wconf 80' lang='lat' dir='ltr'><strong>quatenus</strong></span> <span class='ocrx_word' id='word_1_212' title='bbox 1976 3098 2058 3147; x_wconf 84' lang='lat' dir='ltr'><strong>hic</strong></span> <span class='ocrx_word' id='word_1_213' title='bbox 2094 3093 2358 3159; x_wconf 77' lang='lat' dir='ltr'><strong>improbus</strong></span> <span class='ocrx_word' id='word_1_214' title='bbox 2393 3098 2492 3166; x_wconf 78' lang='lat' dir='ltr'><strong>est.</strong></span> 
     </span>
     <span class='ocr_line' id='line_1_28' title="bbox 293 3169 2491 3244; baseline -0.002 -23"><span class='ocrx_word' id='word_1_215' title='bbox 293 3169 478 3223; x_wconf 86' lang='lat' dir='ltr'><strong>firmari</strong></span> <span class='ocrx_word' id='word_1_216' title='bbox 503 3183 688 3240; x_wconf 88' lang='lat' dir='ltr'><strong>potest</strong></span> <span class='ocrx_word' id='word_1_217' title='bbox 726 3191 793 3226; x_wconf 84' lang='lat' dir='ltr'><strong>ex</strong></span> <span class='ocrx_word' id='word_1_218' title='bbox 824 3185 1011 3233; x_wconf 80' lang='lat' dir='ltr'><strong>natura</strong></span> <span class='ocrx_word' id='word_1_219' title='bbox 1034 3178 1193 3244; x_wconf 82' lang='lat' dir='ltr'><strong>ipsius</strong></span> <span class='ocrx_word' id='word_1_220' title='bbox 1216 3181 1355 3244; x_wconf 86' lang='lat' dir='ltr'><strong>mali,</strong></span> <span class='ocrx_word' id='word_1_221' title='bbox 1435 3181 1482 3227; x_wconf 72' lang='lat'><strong>3.</strong></span> <span class='ocrx_word' id='word_1_222' title='bbox 1506 3192 1571 3225; x_wconf 87' lang='lat' dir='ltr'><strong>ex</strong></span> <span class='ocrx_word' id='word_1_223' title='bbox 1598 3177 1835 3241; x_wconf 79' lang='lat' dir='ltr'><strong>appetitu</strong></span> <span class='ocrx_word' id='word_1_224' title='bbox 1869 3175 2029 3238; x_wconf 86' lang='lat' dir='ltr'><strong>ipsius</strong></span> <span class='ocrx_word' id='word_1_225' title='bbox 2060 3170 2318 3221; x_wconf 75' lang='lat' dir='ltr'><strong>hominis:</strong></span> <span class='ocrx_word' id='word_1_226' title='bbox 2372 3182 2491 3217; x_wconf 86' lang='lat' dir='ltr'><strong>nam</strong></span> 
     </span>
    </p>
   </div>
   <div class='ocr_carea' id='block_1_9' title="bbox 223 3254 1354 4324">
    <p class='ocr_par' dir='ltr' id='par_1_9' title="bbox 292 3254 1354 4082">
     <span class='ocr_line' id='line_1_29' title="bbox 296 3254 1354 3321; baseline 0.008 -23"><span class='ocrx_word' id='word_1_227' title='bbox 296 3264 356 3315; x_wconf 54' lang='lat' dir='ltr'><strong>eg</strong></span> <span class='ocrx_word' id='word_1_228' title='bbox 373 3259 638 3314; x_wconf 82' lang='lat' dir='ltr'><strong>potestate</strong></span> <span class='ocrx_word' id='word_1_229' title='bbox 652 3254 771 3318; x_wconf 87' lang='lat' dir='ltr'><strong>Dei,</strong></span> <span class='ocrx_word' id='word_1_230' title='bbox 786 3261 840 3304; x_wconf 82' lang='lat' dir='ltr'><strong>et</strong></span> <span class='ocrx_word' id='word_1_231' title='bbox 854 3270 919 3305; x_wconf 87' lang='lat' dir='ltr'><strong>ex</strong></span> <span class='ocrx_word' id='word_1_232' title='bbox 936 3257 1177 3320; x_wconf 87' lang='lat' dir='ltr'><strong>appetitu</strong></span> <span class='ocrx_word' id='word_1_233' title='bbox 1196 3257 1354 3321; x_wconf 88' lang='lat' dir='ltr'><strong>ipsius</strong></span> 
     </span>
     <span class='ocr_line' id='line_1_30' title="bbox 292 3324 1351 3396; baseline 0.008 -23"><span class='ocrx_word' id='word_1_234' title='bbox 292 3324 520 3380; x_wconf 86' lang='lat' dir='ltr'><strong>hominis.</strong></span> <span class='ocrx_word' id='word_1_235' title='bbox 587 3334 639 3379; x_wconf 92' lang='lat'><strong>1.</strong></span> <span class='ocrx_word' id='word_1_236' title='bbox 672 3331 877 3395; x_wconf 85' lang='lat' dir='ltr'><strong>quidem</strong></span> <span class='ocrx_word' id='word_1_237' title='bbox 901 3348 967 3380; x_wconf 85' lang='lat' dir='ltr'><strong>ex</strong></span> <span class='ocrx_word' id='word_1_238' title='bbox 991 3334 1351 3396; x_wconf 81' lang='lat' dir='ltr'><strong>natu1·aipsius</strong></span> 
     </span>
     <span class='ocr_line' id='line_1_31' title="bbox 293 3404 1350 3474; baseline 0.008 -23"><span class='ocrx_word' id='word_1_239' title='bbox 293 3404 439 3454; x_wconf 67' lang='lat' dir='ltr'><strong>malit</strong></span> <span class='ocrx_word' id='word_1_240' title='bbox 474 3420 598 3454; x_wconf 84' lang='lat' dir='ltr'><strong>nam</strong></span> <span class='ocrx_word' id='word_1_241' title='bbox 634 3407 722 3471; x_wconf 87' lang='lat' dir='ltr'><strong>qui</strong></span> <span class='ocrx_word' id='word_1_242' title='bbox 757 3408 885 3457; x_wconf 84' lang='lat' dir='ltr'><strong>nihil</strong></span> <span class='ocrx_word' id='word_1_243' title='bbox 927 3417 1120 3474; x_wconf 87' lang='lat' dir='ltr'><strong>potest,</strong></span> <span class='ocrx_word' id='word_1_244' title='bbox 1143 3411 1227 3459; x_wconf 90' lang='lat' dir='ltr'><strong>ille</strong></span> <span class='ocrx_word' id='word_1_245' title='bbox 1246 3426 1350 3459; x_wconf 90' lang='lat' dir='ltr'><strong>non</strong></span> 
     </span>
     <span class='ocr_line' id='line_1_32' title="bbox 295 3481 1349 3546; baseline 0.006 -18"><span class='ocrx_word' id='word_1_246' title='bbox 295 3485 471 3541; x_wconf 83' lang='lat' dir='ltr'><strong>potens</strong></span> <span class='ocrx_word' id='word_1_247' title='bbox 487 3481 582 3531; x_wconf 85' lang='lat' dir='ltr'><strong>sed</strong></span> <span class='ocrx_word' id='word_1_248' title='bbox 600 3482 773 3544; x_wconf 77' lang='lat' dir='ltr'><strong>potius</strong></span> <span class='ocrx_word' id='word_1_249' title='bbox 786 3483 1043 3546; x_wconf 82' lang='lat' dir='ltr'><strong>impotens</strong></span> <span class='ocrx_word' id='word_1_250' title='bbox 1066 3485 1242 3546; x_wconf 84' lang='lat' dir='ltr'><strong>haberi</strong></span> <span class='ocrx_word' id='word_1_251' title='bbox 1260 3485 1349 3534; x_wconf 90' lang='lat' dir='ltr'><strong>de-</strong></span> 
     </span>
     <span class='ocr_line' id='line_1_33' title="bbox 293 3553 1347 3626; baseline 0.007 -22"><span class='ocrx_word' id='word_1_252' title='bbox 293 3553 407 3608; x_wconf 89' lang='lat' dir='ltr'><strong>bet:</strong></span> <span class='ocrx_word' id='word_1_253' title='bbox 434 3559 526 3609; x_wconf 83' lang='lat' dir='ltr'><strong>sed</strong></span> <span class='ocrx_word' id='word_1_254' title='bbox 539 3560 808 3624; x_wconf 87' lang='lat' dir='ltr'><strong>improbus</strong></span> <span class='ocrx_word' id='word_1_255' title='bbox 819 3561 947 3609; x_wconf 90' lang='lat' dir='ltr'><strong>nihil</strong></span> <span class='ocrx_word' id='word_1_256' title='bbox 965 3568 1168 3625; x_wconf 85' lang='lat' dir='ltr'><strong>potest:</strong></span> <span class='ocrx_word' id='word_1_257' title='bbox 1190 3577 1347 3626; x_wconf 87' lang='lat' dir='ltr'><strong>quan-</strong></span> 
     </span>
     <span class='ocr_line' id='line_1_34' title="bbox 292 3630 1348 3701; baseline 0.007 -21"><span class='ocrx_word' id='word_1_258' title='bbox 292 3630 564 3697; x_wconf 86' lang='lat' dir='ltr'><strong>doquidem</strong></span> <span class='ocrx_word' id='word_1_259' title='bbox 585 3636 795 3698; x_wconf 84' lang='lat' dir='ltr'><strong>malum,</strong></span> <span class='ocrx_word' id='word_1_260' title='bbox 813 3637 950 3701; x_wconf 89' lang='lat' dir='ltr'><strong>quod</strong></span> <span class='ocrx_word' id='word_1_261' title='bbox 970 3652 1119 3701; x_wconf 85' lang='lat' dir='ltr'><strong>posse</strong></span> <span class='ocrx_word' id='word_1_262' title='bbox 1138 3638 1348 3695; x_wconf 86' lang='lat' dir='ltr'><strong>dicitur,</strong></span> 
     </span>
     <span class='ocr_line' id='line_1_35' title="bbox 292 3709 1348 3777; baseline 0.009 -22"><span class='ocrx_word' id='word_1_263' title='bbox 292 3721 350 3758; x_wconf 85' lang='lat' dir='ltr'><strong>ex</strong></span> <span class='ocrx_word' id='word_1_264' title='bbox 362 3709 515 3761; x_wconf 88' lang='lat' dir='ltr'><strong>dictis</strong></span> <span class='ocrx_word' id='word_1_265' title='bbox 528 3710 658 3760; x_wconf 87' lang='lat' dir='ltr'><strong>nihil</strong></span> <span class='ocrx_word' id='word_1_266' title='bbox 674 3719 771 3763; x_wconf 86' lang='lat' dir='ltr'><strong>est.</strong></span> <span class='ocrx_word' id='word_1_267' title='bbox 794 3716 843 3762; x_wconf 82' lang='lat'><strong>2.</strong></span> <span class='ocrx_word' id='word_1_268' title='bbox 861 3728 926 3762; x_wconf 87' lang='lat' dir='ltr'><strong>ex</strong></span> <span class='ocrx_word' id='word_1_269' title='bbox 941 3721 1205 3777; x_wconf 87' lang='lat' dir='ltr'><strong>potestate</strong></span> <span class='ocrx_word' id='word_1_270' title='bbox 1216 3715 1314 3763; x_wconf 86' lang='lat' dir='ltr'><strong>Dei</strong></span> <span class='ocrx_word' id='word_1_271' title='bbox 1334 3732 1348 3765; x_wconf 72' lang='grc' dir='ltr'><strong>ε</strong></span> 
     </span>
     <span class='ocr_line' id='line_1_36' title="bbox 293 3787 1351 3854; baseline 0.007 -21"><span class='ocrx_word' id='word_1_272' title='bbox 293 3787 407 3848; x_wconf 85' lang='lat' dir='ltr'><strong>quia</strong></span> <span class='ocrx_word' id='word_1_273' title='bbox 425 3788 674 3854; x_wconf 88' lang='lat' dir='ltr'><strong>quicquid</strong></span> <span class='ocrx_word' id='word_1_274' title='bbox 696 3797 776 3839; x_wconf 85' lang='lat' dir='ltr'><strong>est</strong></span> <span class='ocrx_word' id='word_1_275' title='bbox 793 3792 1067 3854; x_wconf 80' lang='lat' dir='ltr'><strong>potentiae,</strong></span> <span class='ocrx_word' id='word_1_276' title='bbox 1082 3792 1206 3841; x_wconf 83' lang='lat' dir='ltr'><strong>illud</strong></span> <span class='ocrx_word' id='word_1_277' title='bbox 1232 3793 1351 3840; x_wconf 90' lang='lat' dir='ltr'><strong>Deo</strong></span> 
     </span>
     <span class='ocr_line' id='line_1_37' title="bbox 293 3867 1349 3931; baseline 0.007 -20"><span class='ocrx_word' id='word_1_278' title='bbox 293 3867 558 3915; x_wconf 84' lang='lat' dir='ltr'><strong>convenit:</strong></span> <span class='ocrx_word' id='word_1_279' title='bbox 623 3867 876 3931; x_wconf 84' lang='lat' dir='ltr'><strong>siquidem</strong></span> <span class='ocrx_word' id='word_1_280' title='bbox 917 3869 1062 3918; x_wconf 85' lang='lat' dir='ltr'><strong>Deus</strong></span> <span class='ocrx_word' id='word_1_281' title='bbox 1102 3876 1186 3918; x_wconf 87' lang='lat' dir='ltr'><strong>est</strong></span> <span class='ocrx_word' id='word_1_282' title='bbox 1217 3884 1349 3919; x_wconf 85' lang='lat' dir='ltr'><strong>sum·</strong></span> 
     </span>
     <span class='ocr_line' id='line_1_38' title="bbox 293 3941 1347 4009; baseline 0.008 -23"><span class='ocrx_word' id='word_1_283' title='bbox 293 3951 423 3992; x_wconf 87' lang='lat' dir='ltr'><strong>mum</strong></span> <span class='ocrx_word' id='word_1_284' title='bbox 457 3941 667 4004; x_wconf 88' lang='lat' dir='ltr'><strong>bonum,</strong></span> <span class='ocrx_word' id='word_1_285' title='bbox 699 3944 836 4007; x_wconf 91' lang='lat' dir='ltr'><strong>quod</strong></span> <span class='ocrx_word' id='word_1_286' title='bbox 872 3960 1031 4009; x_wconf 83' lang='lat' dir='ltr'><strong>supra</strong></span> <span class='ocrx_word' id='word_1_287' title='bbox 1072 3946 1347 4009; x_wconf 86' lang='lat' dir='ltr'><strong>probatum</strong></span> 
     </span>
     <span class='ocr_line' id='line_1_39' title="bbox 292 4018 1347 4082; baseline 0.008 -21"><span class='ocrx_word' id='word_1_288' title='bbox 292 4021 499 4067; x_wconf 76' lang='lat' dir='ltr'><strong>estesse</strong></span> <span class='ocrx_word' id='word_1_289' title='bbox 536 4018 883 4082; x_wconf 86' lang='lat' dir='ltr'><strong>omnipotens.</strong></span> <span class='ocrx_word' id='word_1_290' title='bbox 950 4021 1054 4070; x_wconf 81' lang='lat' dir='ltr'><strong>Sed</strong></span> <span class='ocrx_word' id='word_1_291' title='bbox 1093 4022 1210 4070; x_wconf 88' lang='lat' dir='ltr'><strong>Deo</strong></span> <span class='ocrx_word' id='word_1_292' title='bbox 1247 4036 1347 4070; x_wconf 90' lang='lat' dir='ltr'><strong>non</strong></span> 
     </span>
    </p>

    <p class='ocr_par' dir='ltr' id='par_1_10' title="bbox 223 4093 1349 4324">
     <span class='ocr_line' id='line_1_40' title="bbox 292 4093 1349 4160; baseline 0.006 -21"><span class='ocrx_word' id='word_1_293' title='bbox 292 4095 550 4156; x_wconf 86' lang='lat' dir='ltr'><strong>convenit,</strong></span> <span class='ocrx_word' id='word_1_294' title='bbox 574 4093 710 4159; x_wconf 90' lang='lat' dir='ltr'><strong>quod</strong></span> <span class='ocrx_word' id='word_1_295' title='bbox 733 4095 1084 4159; x_wconf 85' lang='lat' dir='ltr'><strong>improborum</strong></span> <span class='ocrx_word' id='word_1_296' title='bbox 1110 4103 1209 4159; x_wconf 84' lang='lat' dir='ltr'><strong>est,</strong></span> <span class='ocrx_word' id='word_1_297' title='bbox 1231 4110 1349 4160; x_wconf 86' lang='lat' dir='ltr'><strong>pos·-</strong></span> 
     </span>
     <span class='ocr_line' id='line_1_41' title="bbox 223 4161 1348 4235; baseline 0.005 -22"><span class='ocrx_word' id='word_1_298' title='bbox 223 4161 226 4166; x_wconf 69' lang='grc'><strong>”</strong></span> <span class='ocrx_word' id='word_1_299' title='bbox 292 4179 345 4215; x_wconf 83' lang='lat' dir='ltr'><strong>se</strong></span> <span class='ocrx_word' id='word_1_300' title='bbox 387 4171 579 4219; x_wconf 84' lang='lat' dir='ltr'><strong>malum</strong></span> <span class='ocrx_word' id='word_1_301' title='bbox 603 4187 618 4232; x_wconf 89' lang='lat'>;</span> <span class='ocrx_word' id='word_1_302' title='bbox 667 4171 857 4235; x_wconf 90' lang='lat' dir='ltr'><strong>alioqui</strong></span> <span class='ocrx_word' id='word_1_303' title='bbox 894 4186 998 4220; x_wconf 87' lang='lat' dir='ltr'><strong>non</strong></span> <span class='ocrx_word' id='word_1_304' title='bbox 1037 4179 1175 4221; x_wconf 87' lang='lat' dir='ltr'><strong>esset</strong></span> <span class='ocrx_word' id='word_1_305' title='bbox 1216 4187 1348 4220; x_wconf 87' lang='lat' dir='ltr'><strong>sum-</strong></span> 
     </span>
     <span class='ocr_line' id='line_1_42' title="bbox 293 4247 1347 4324; baseline 0.005 -31"><span class='ocrx_word' id='word_1_306' title='bbox 293 4256 424 4324; x_wconf 76' lang='lat' dir='ltr'><strong>mum</strong></span> <span class='ocrx_word' id='word_1_307' title='bbox 447 4247 673 4297; x_wconf 88' lang='lat' dir='ltr'><strong>bonum:</strong></span> <span class='ocrx_word' id='word_1_308' title='bbox 724 4250 883 4312; x_wconf 79' lang='lat' dir='ltr'><strong>igitur</strong></span> <span class='ocrx_word' id='word_1_309' title='bbox 920 4251 1046 4300; x_wconf 85' lang='lat' dir='ltr'><strong>nihil</strong></span> <span class='ocrx_word' id='word_1_310' title='bbox 1065 4257 1143 4300; x_wconf 82' lang='lat' dir='ltr'><strong>est</strong></span> <span class='ocrx_word' id='word_1_311' title='bbox 1166 4256 1347 4315; x_wconf 87' lang='lat' dir='ltr'><strong>poten·</strong></span> 
     </span>
    </p>
   </div>
   <div class='ocr_carea' id='block_1_10' title="bbox 415 4327 951 4486">
    <p class='ocr_par' dir='ltr' id='par_1_11' title="bbox 415 4327 951 4486">
     <span class='ocr_line' id='line_1_43' title="bbox 415 4327 951 4396; baseline 0.007 -20"><span class='ocrx_word' id='word_1_312' title='bbox 415 4327 660 4396; x_wconf 50' lang='grc' dir='ltr'><strong>Βάβητι</strong></span> <span class='ocrx_word' id='word_1_313' title='bbox 681 4330 800 4383; x_wconf 80' lang='lat' dir='ltr'><strong>Var.</strong></span> <span class='ocrx_word' id='word_1_314' title='bbox 821 4331 951 4381; x_wconf 75' lang='lat' dir='ltr'><strong>Clas.</strong></span> 
     </span>
     <span class='ocr_line' id='line_1_44' title="bbox 427 4451 472 4486; baseline 0 0"><span class='ocrx_word' id='word_1_315' title='bbox 427 4451 472 4486; x_wconf 64' lang='grc' dir='ltr'>ο</span> 
     </span>
    </p>
   </div>
   <div class='ocr_carea' id='block_1_11' title="bbox 1430 3245 2495 3625">
    <p class='ocr_par' dir='ltr' id='par_1_12' title="bbox 1430 3245 2495 3625">
     <span class='ocr_line' id='line_1_45' title="bbox 1437 3245 2493 3317; baseline -0.008 -16"><span class='ocrx_word' id='word_1_316' title='bbox 1437 3252 1683 3317; x_wconf 86' lang='lat' dir='ltr'><strong>quicquid</strong></span> <span class='ocrx_word' id='word_1_317' title='bbox 1718 3251 1878 3301; x_wconf 87' lang='lat' dir='ltr'><strong>habet</strong></span> <span class='ocrx_word' id='word_1_318' title='bbox 1932 3252 2181 3300; x_wconf 85' lang='lat' dir='ltr'><strong>rationem</strong></span> <span class='ocrx_word' id='word_1_319' title='bbox 2222 3245 2493 3312; x_wconf 61' lang='lat' dir='ltr'><strong>potentiae,</strong></span> 
     </span>
     <span class='ocr_line' id='line_1_46' title="bbox 1434 3323 2492 3387; baseline -0.009 -8"><span class='ocrx_word' id='word_1_320' title='bbox 1434 3330 1563 3379; x_wconf 86' lang='lat' dir='ltr'><strong>illud</strong></span> <span class='ocrx_word' id='word_1_321' title='bbox 1603 3331 1759 3380; x_wconf 88' lang='lat' dir='ltr'><strong>habet</strong></span> <span class='ocrx_word' id='word_1_322' title='bbox 1796 3330 2045 3378; x_wconf 85' lang='lat' dir='ltr'><strong>rationem</strong></span> <span class='ocrx_word' id='word_1_323' title='bbox 2087 3325 2228 3387; x_wconf 91' lang='lat' dir='ltr'><strong>boni,</strong></span> <span class='ocrx_word' id='word_1_324' title='bbox 2256 3323 2492 3387; x_wconf 87' lang='lat' dir='ltr'><strong>adeoque</strong></span> 
     </span>
     <span class='ocr_line' id='line_1_47' title="bbox 1432 3400 2492 3472; baseline -0.009 -17"><span class='ocrx_word' id='word_1_325' title='bbox 1432 3408 1607 3472; x_wconf 85' lang='lat' dir='ltr'><strong>expeti</strong></span> <span class='ocrx_word' id='word_1_326' title='bbox 1631 3412 1821 3470; x_wconf 78' lang='lat' dir='ltr'><strong>potest,</strong></span> <span class='ocrx_word' id='word_1_327' title='bbox 1841 3413 1896 3454; x_wconf 86' lang='lat' dir='ltr'><strong>et</strong></span> <span class='ocrx_word' id='word_1_328' title='bbox 1916 3404 1980 3454; x_wconf 89' lang='lat' dir='ltr'><strong>ad</strong></span> <span class='ocrx_word' id='word_1_329' title='bbox 2012 3416 2259 3452; x_wconf 89' lang='lat' dir='ltr'><strong>summum</strong></span> <span class='ocrx_word' id='word_1_330' title='bbox 2283 3400 2492 3458; x_wconf 90' lang='lat' dir='ltr'><strong>bonum,</strong></span> 
     </span>
     <span class='ocr_line' id='line_1_48' title="bbox 1431 3476 2490 3548; baseline -0.01 -15"><span class='ocrx_word' id='word_1_331' title='bbox 1431 3483 1578 3548; x_wconf 89' lang='lat' dir='ltr'><strong>cujus</strong></span> <span class='ocrx_word' id='word_1_332' title='bbox 1626 3484 1796 3548; x_wconf 88' lang='lat' dir='ltr'><strong>gratia</strong></span> <span class='ocrx_word' id='word_1_333' title='bbox 1833 3487 2153 3546; x_wconf 81' lang='lat' dir='ltr'><strong>expetuntur</strong></span> <span class='ocrx_word' id='word_1_334' title='bbox 2190 3476 2378 3538; x_wconf 82' lang='lat' dir='ltr'><strong>omnia,</strong></span> <span class='ocrx_word' id='word_1_335' title='bbox 2401 3489 2490 3538; x_wconf 92' lang='lat' dir='ltr'><strong>po-</strong></span> 
     </span>
     <span class='ocr_line' id='line_1_49' title="bbox 1430 3548 2495 3625; baseline -0.01 -14"><span class='ocrx_word' id='word_1_336' title='bbox 1430 3548 1536 3611; x_wconf 86' lang='lat' dir='ltr'><strong>test</strong></span> <span class='ocrx_word' id='word_1_337' title='bbox 1576 3561 1778 3611; x_wconf 83' lang='lat' dir='ltr'><strong>referri.</strong></span> <span class='ocrx_word' id='word_1_338' title='bbox 1843 3559 2006 3625; x_wconf 81' lang='lat' dir='ltr'><strong>Atqui</strong></span> <span class='ocrx_word' id='word_1_339' title='bbox 2052 3554 2296 3622; x_wconf 85' lang='lat' dir='ltr'><strong>patrandi</strong></span> <span class='ocrx_word' id='word_1_340' title='bbox 2333 3552 2495 3602; x_wconf 87' lang='lat' dir='ltr'><strong>scele-</strong></span> 
     </span>
    </p>
   </div>
   <div class='ocr_carea' id='block_1_12' title="bbox 1431 3631 2496 3778">
    <p class='ocr_par' dir='ltr' id='par_1_13' title="bbox 1431 3631 2496 3778">
     <span class='ocr_line' id='line_1_50' title="bbox 1432 3631 2494 3701; baseline -0.01 -14"><span class='ocrx_word' id='word_1_341' title='bbox 1432 3638 1501 3687; x_wconf 88' lang='lat' dir='ltr'><strong>ris</strong></span> <span class='ocrx_word' id='word_1_342' title='bbox 1524 3636 1768 3701; x_wconf 85' lang='lat' dir='ltr'><strong>facultas,</strong></span> <span class='ocrx_word' id='word_1_343' title='bbox 1794 3651 1894 3701; x_wconf 88' lang='lat' dir='ltr'><strong>qua</strong></span> <span class='ocrx_word' id='word_1_344' title='bbox 1939 3636 2048 3684; x_wconf 85' lang='lat' dir='ltr'><strong>sola</strong></span> <span class='ocrx_word' id='word_1_345' title='bbox 2084 3631 2295 3696; x_wconf 85' lang='lat' dir='ltr'><strong>gloriari</strong></span> <span class='ocrx_word' id='word_1_346' title='bbox 2317 3634 2494 3693; x_wconf 88' lang='lat' dir='ltr'><strong>potest</strong></span> 
     </span>
     <span class='ocr_line' id='line_1_51' title="bbox 1431 3704 2496 3778; baseline -0.009 -16"><span class='ocrx_word' id='word_1_347' title='bbox 1431 3714 1714 3778; x_wconf 84' lang='lat' dir='ltr'><strong>improbus,</strong></span> <span class='ocrx_word' id='word_1_348' title='bbox 1738 3713 1927 3761; x_wconf 88' lang='lat' dir='ltr'><strong>nullam</strong></span> <span class='ocrx_word' id='word_1_349' title='bbox 1961 3709 2116 3758; x_wconf 85' lang='lat' dir='ltr'><strong>habet</strong></span> <span class='ocrx_word' id='word_1_350' title='bbox 2136 3707 2385 3756; x_wconf 85' lang='lat' dir='ltr'><strong>rationem</strong></span> <span class='ocrx_word' id='word_1_351' title='bbox 2409 3704 2496 3753; x_wconf 87' lang='lat' dir='ltr'><strong>bo·</strong></span> 
     </span>
    </p>
   </div>
   <div class='ocr_carea' id='block_1_13' title="bbox 1429 3787 2494 4312">
    <p class='ocr_par' dir='ltr' id='par_1_14' title="bbox 1429 3787 2494 4312">
     <span class='ocr_line' id='line_1_52' title="bbox 1429 3787 2492 3854; baseline -0.009 -15"><span class='ocrx_word' id='word_1_352' title='bbox 1429 3791 1506 3850; x_wconf 87' lang='lat' dir='ltr'><strong>ni,</strong></span> <span class='ocrx_word' id='word_1_353' title='bbox 1545 3795 1777 3854; x_wconf 82' lang='lat' dir='ltr'><strong>adeoque</strong></span> <span class='ocrx_word' id='word_1_354' title='bbox 1817 3787 1992 3851; x_wconf 78' lang='lat' dir='ltr'><strong>expeti</strong></span> <span class='ocrx_word' id='word_1_355' title='bbox 2028 3800 2130 3834; x_wconf 89' lang='lat' dir='ltr'><strong>non</strong></span> <span class='ocrx_word' id='word_1_356' title='bbox 2164 3790 2352 3847; x_wconf 86' lang='lat' dir='ltr'><strong>potest,</strong></span> <span class='ocrx_word' id='word_1_357' title='bbox 2395 3795 2492 3830; x_wconf 89' lang='lat' dir='ltr'><strong>nec</strong></span> 
     </span>
     <span class='ocr_line' id='line_1_53' title="bbox 1433 3857 2492 3915; baseline -0.011 1"><span class='ocrx_word' id='word_1_358' title='bbox 1433 3866 1497 3915; x_wconf 89' lang='lat' dir='ltr'><strong>ad</strong></span> <span class='ocrx_word' id='word_1_359' title='bbox 1522 3880 1773 3915; x_wconf 87' lang='lat' dir='ltr'><strong>summum</strong></span> <span class='ocrx_word' id='word_1_360' title='bbox 1815 3863 2003 3912; x_wconf 87' lang='lat' dir='ltr'><strong>bonum</strong></span> <span class='ocrx_word' id='word_1_361' title='bbox 2038 3859 2257 3910; x_wconf 83' lang='lat' dir='ltr'><strong>referri:</strong></span> <span class='ocrx_word' id='word_1_362' title='bbox 2296 3866 2354 3906; x_wconf 91' lang='lat' dir='ltr'><strong>ut</strong></span> <span class='ocrx_word' id='word_1_363' title='bbox 2386 3857 2492 3906; x_wconf 84' lang='lat' dir='ltr'><strong>cui-</strong></span> 
     </span>
     <span class='ocr_line' id='line_1_54' title="bbox 1432 3933 2493 4005; baseline -0.009 -16"><span class='ocrx_word' id='word_1_364' title='bbox 1432 3955 1535 4005; x_wconf 88' lang='lat' dir='ltr'><strong>que</strong></span> <span class='ocrx_word' id='word_1_365' title='bbox 1582 3939 1876 3989; x_wconf 85' lang='lat' dir='ltr'><strong>attendenti</strong></span> <span class='ocrx_word' id='word_1_366' title='bbox 1916 3943 2079 4001; x_wconf 87' lang='lat' dir='ltr'><strong>patet.</strong></span> <span class='ocrx_word' id='word_1_367' title='bbox 2153 3936 2286 3986; x_wconf 79' lang='lat' dir='ltr'><strong>Quae</strong></span> <span class='ocrx_word' id='word_1_368' title='bbox 2322 3933 2493 3981; x_wconf 83' lang='lat' dir='ltr'><strong>omnia</strong></span> 
     </span>
     <span class='ocr_line' id='line_1_55' title="bbox 1432 4012 2494 4070; baseline -0.01 -3"><span class='ocrx_word' id='word_1_369' title='bbox 1432 4017 1801 4068; x_wconf 83' lang='lat' dir='ltr'><strong>confirmantur</strong></span> <span class='ocrx_word' id='word_1_370' title='bbox 1862 4015 2174 4064; x_wconf 85' lang='lat' dir='ltr'><strong>auctoritate</strong></span> <span class='ocrx_word' id='word_1_371' title='bbox 2238 4012 2494 4070; x_wconf 82' lang='lat' dir='ltr'><strong>Platonis,</strong></span> 
     </span>
     <span class='ocr_line' id='line_1_56' title="bbox 1430 4088 2490 4160; baseline -0.01 -16"><span class='ocrx_word' id='word_1_372' title='bbox 1430 4096 1520 4160; x_wconf 91' lang='lat' dir='ltr'><strong>qui</strong></span> <span class='ocrx_word' id='word_1_373' title='bbox 1542 4095 1593 4143; x_wconf 89' lang='lat' dir='ltr'><strong>in</strong></span> <span class='ocrx_word' id='word_1_374' title='bbox 1621 4094 1818 4158; x_wconf 85' lang='lat' dir='ltr'><strong>Gorgia</strong></span> <span class='ocrx_word' id='word_1_375' title='bbox 1840 4100 1893 4142; x_wconf 87' lang='lat' dir='ltr'><strong>et</strong></span> <span class='ocrx_word' id='word_1_376' title='bbox 1918 4090 2190 4142; x_wconf 81' lang='lat' dir='ltr'><strong>Alcibiade</strong></span> <span class='ocrx_word' id='word_1_377' title='bbox 2217 4088 2490 4137; x_wconf 83' lang='lat' dir='ltr'><strong>maximam</strong></span> 
     </span>
     <span class='ocr_line' id='line_1_57' title="bbox 1430 4163 2491 4235; baseline -0.01 -15"><span class='ocrx_word' id='word_1_378' title='bbox 1430 4179 1636 4235; x_wconf 88' lang='lat' dir='ltr'><strong>partem</strong></span> <span class='ocrx_word' id='word_1_379' title='bbox 1670 4186 1862 4234; x_wconf 81' lang='lat' dir='ltr'><strong>eorum,</strong></span> <span class='ocrx_word' id='word_1_380' title='bbox 1893 4185 2009 4233; x_wconf 82' lang='lat' dir='ltr'><strong>quae</strong></span> <span class='ocrx_word' id='word_1_381' title='bbox 2042 4169 2092 4215; x_wconf 87' lang='lat' dir='ltr'><strong>in</strong></span> <span class='ocrx_word' id='word_1_382' title='bbox 2130 4167 2227 4213; x_wconf 87' lang='lat' dir='ltr'><strong>hac</strong></span> <span class='ocrx_word' id='word_1_383' title='bbox 2261 4163 2491 4213; x_wconf 85' lang='lat' dir='ltr'><strong>oratione</strong></span> 
     </span>
     <span class='ocr_line' id='line_1_58' title="bbox 1431 4243 2230 4312; baseline -0.013 -14"><span class='ocrx_word' id='word_1_384' title='bbox 1431 4249 1573 4298; x_wconf 76' lang='lat' dir='ltr'><strong>dicta</strong></span> <span class='ocrx_word' id='word_1_385' title='bbox 1593 4257 1726 4312; x_wconf 86' lang='lat' dir='ltr'><strong>sunt,</strong></span> <span class='ocrx_word' id='word_1_386' title='bbox 1748 4246 1984 4297; x_wconf 81' lang='lat' dir='ltr'><strong>docuisse</strong></span> <span class='ocrx_word' id='word_1_387' title='bbox 2008 4243 2230 4292; x_wconf 84' lang='lat' dir='ltr'><strong>videtur.</strong></span> 
     </span>
    </p>
   </div>
   <div class='ocr_carea' id='block_1_14' title="bbox 1296 4320 2359 4383">
    <p class='ocr_par' dir='ltr' id='par_1_15' title="bbox 1296 4320 2359 4383">
     <span class='ocr_line' id='line_1_59' title="bbox 1296 4320 2359 4383; baseline -0.001 -2"><span class='ocrx_word' id='word_1_388' title='bbox 1296 4329 1470 4383; x_wconf 61' lang='lat' dir='ltr'><strong>Baetin.</strong></span> <span class='ocrx_word' id='word_1_389' title='bbox 1566 4331 1587 4354; x_wconf 76' lang='grc'><strong>’·</strong></span> <span class='ocrx_word' id='word_1_390' title='bbox 2044 4357 2055 4362; x_wconf 35' lang='grc' dir='ltr'>Η</span> <span class='ocrx_word' id='word_1_391' title='bbox 2306 4320 2359 4370; x_wconf 77' lang='grc' dir='ltr'><strong>Χ</strong></span> 
     </span>
    </p>
   </div>
  </div>
 </body>
</html>
