3049 4928
554 427 858 475 BOETHII
911 427 1008 475 DE
1056 427 1364 476 00Nsol..

282 569 506 621 Heroid.
525 576 578 622 9.
611 570 881 621 claudian.
904 570 993 620 lib.
1026 584 1063 620 1.
1099 571 1150 620 iu
1174 571 1342 621 Rufin.

279 660 331 697 ν.
355 650 471 696 200.
511 647 717 697 Seneca
737 647 787 695 in
807 647 1025 697 Hercul.
1051 648 1173 697 Fur.
1196 663 1243 698 v.
1260 652 1342 698 45.

283 726 400 773 529.
423 722 478 772 ἰη
504 723 715 786 Medea,
743 737 792 772 v.
825 727 940 773 701.
977 723 1031 772 in
1068 722 1341 786 Agamem.

282 812 336 847 v,
362 803 476 850 885.
515 800 567 848 in
603 799 823 850 Hercul.
856 799 966 851 OEt.
1002 814 1052 850 ν.
1090 804 1170 851 19.
1197 804 1341 852 1194.

271 993 278 998 .
347 953 530 1003 Fronte
547 953 763 1003 turbatus
778 955 1009 1004 Achelous
1029 954 1205 1018 amuis]
1237 955 1341 1004 Be·

275 1035 335 1079 ta
377 1030 669 1094 languidius
714 1037 830 1081 est:
898 1031 1100 1095 corrige
1138 1047 1340 1082 mecum

274 1119 346 1154 ex
389 1107 622 1157 Manuss.
655 1108 833 1158 Fronte
873 1113 1107 1172 turpatus.
1139 1109 1338 1159 Statius

274 1182 442 1232 Theb.
458 1197 534 1233 tv.
552 1184 568 1212 ‘
584 1185 654 1234 Et
668 1184 929 1234 Herculea
945 1190 1182 1248 turpatus
1198 1199 1342 1249 gym-

274 1260 419 1309 nade
463 1262 633 1310 vultus
658 1260 860 1324 Amnis,
904 1260 1072 1310 adhuc
1104 1261 1219 1310 imis
1256 1262 1341 1311 vix

275 1343 519 1387 truncam
572 1338 814 1388 attollere
881 1335 1105 1386 frontem
1171 1337 1338 1386 Ausus

271 1413 459 1477 aquis?
524 1412 744 1462 Ovidius
778 1412 1029 1475 fabulam,
1053 1427 1205 1477 quam
1227 1419 1338 1462 tan-

261 1498 410 1553 gunt
431 1491 617 1554 nostri,
640 1489 773 1554 fuse,
798 1497 855 1541 ut
872 1492 1025 1551 solet,
1041 1490 1339 1541 describens

271 1567 497 1616 Metam.
531 1581 608 1617 tx.
639 1567 655 1594 ‘
675 1567 791 1616 Nec
823 1568 951 1617 satis
984 1568 1083 1617 hoc
1123 1567 1337 1630 fuerat3

273 1646 506 1709 rigidum
530 1645 642 1696 fera
665 1646 883 1696 dextera
906 1661 1066 1696 cornu
1096 1648 1236 1695 Dum
1263 1654 1338 1697 te·

271 1730 369 1772 net
410 1722 638 1787 infregit,
675 1730 958 1789 truncaque
1005 1722 1232 1775 afronte
1264 1739 1339 1774 re·

269 1799 459 1849 vellit?
492 1800 724 1850 Bernart.
985 1801 993 1808 “

336 1876 519 1926 Fronte
531 1876 769 1941 turbatus]
789 1879 852 1927 In
869 1879 997 1928 Mss.
1008 1877 1335 1943 quibusdam':

268 1953 458 2004 Fronte
477 1958 700 2017 turpatus
722 1956 950 2005 Achelous
978 1957 1147 2006 omnis.
1180 1971 1336 2021 quam

264 2029 553 2079 lectionem
590 2038 644 2080 et
680 2031 843 2082 Basil.
885 2032 1008 2081 edit.
1046 2040 1191 2082 vetus
1217 2034 1336 2083 reti·-

267 2107 405 2169 nuit,
446 2114 503 2156 et
545 2106 819 2157 confirmat
855 2108 979 2156 illud
1024 2110 1236 2159 Senecae
1279 2110 1334 2159 in

271 2181 440 2232 Herc.
460 2183 570 2233 OEt.
585 2198 636 2232 v.
654 2187 768 2233 495.
787 2192 840 2233 et
865 2198 1011 2250 seqq.
1044 2186 1060 2213 ‘
1078 2186 1332 2236 Subactus

266 2259 518 2309 Herculis
543 2261 689 2309 clava
711 2260 901 2309 horridi
925 2261 1204 2323 Achelous,
1226 2279 1332 2313 om-

268 2352 366 2387 nes
403 2335 572 2388 facilis
615 2339 667 2388 in
703 2339 907 2402 species
945 2340 1077 2403 dari,
1099 2341 1330 2391 Tandem

267 2415 499 2479 peractis
522 2414 757 2464 omnibus
782 2415 950 2479 patuit
968 2413 1092 2464 feris
1112 2417 1332 2482 Unaque

265 2491 439 2555 turpis
460 2491 691 2541 subdidit
711 2504 872 2541 cornu
887 2492 1084 2556 caput.’
1133 2495 1216 2542 De
1235 2494 1331 2543 hoc

265 2568 449 2619 labore
472 2569 693 2632 Ovidius
710 2584 789 2621 lx.
811 2571 1026 2621 Metam.
1042 2584 1129 2621 ιιι.
1153 2572 1329 2620 Amor.

270 2646 424 2710 Eleg.
444 2661 497 2695 v.
533 2646 754 2696 Heroid.
773 2647 943 2710 Epist.
966 2661 1046 2697 tx.
1062 2654 1119 2697 et
1131 2649 1231 2711 Ep.
1250 2653 1331 2698 15.

259 2722 423 2773 Silius
461 2722 552 2773 lib.
585 2737 672 2771 ιιι.
717 2724 902 2772 Senec.
941 2724 991 2771 in
1029 2723 1238 2786 Medea,
1277 2738 1326 2773 v.

263 2803 385 2849 635.
425 2800 476 2849 in
525 2800 683 2849 Herc.
723 2800 831 2849 OEt.
871 2816 920 2850 v.
947 2804 1061 2849 300.
1096 2806 1149 2849 et
1182 2804 1325 2862 1292.

267 2874 445 2926 Sitzm.

334 2954 585 3019 Achelous]
616 2954 799 3004 Vibius
822 2956 1103 3018 sequester
1117 2954 1184 3004 de
1209 2955 1328 3003 Flu·

264 3030 524 3080 minibus:
577 3031 866 3080 ‘Achelous
900 3030 1102 3080 AEtoliae
1133 3030 1329 3094 primus

260 3105 501 3169 erupisse
526 3112 716 3155 terram
736 3105 949 3164 dicitur,
968 3105 1020 3154 in
1043 3106 1328 3154 Maliacum

260 3181 434 3230 sinum
456 3179 653 3231 effluit:
691 3182 1023 3231 AEtoliamab
1040 3183 1331 3233 Acarnania

265 3260 474 3311 dividit.
543 3260 728 3309 Oritur
782 3261 833 3309 in
889 3260 1059 3310 Pindo
1116 3261 1335 3311 monte!

263 3338 282 3366 ‘
301 3335 614 3386 Acheloum'
626 3338 830 3387 Graecis
853 3337 1215 3386 vetustissimis
1237 3353 1331 3402 pro

263 3425 576 3477 quacunque
599 3426 732 3476 aqua
761 3412 862 3461 dici
898 3412 1124 3474 solitum,
1157 3413 1330 3463 lucide

266 3488 499 3539 ostendit
542 3487 842 3538 Macrobius
888 3489 920 3538 l.
965 3503 1019 3538 v.
1064 3489 1328 3538 Saturnal.

267 3579 388 3628 cap.
417 3570 498 3615 18.
532 3566 683 3614 Idem.

257 3672 264 3679 ·
338 3644 441 3691 Oro
472 3641 765 3705 pudibundo]
794 3641 917 3690 Seu.
951 3641 1004 3689 in
1033 3640 1191 3691 Herc.
1210 3642 1331 3691 Fur.

266 3735 320 3770 v.
345 3724 492 3769 1178.
527 3720 543 3748 ‘
565 3720 794 3783 Uterque
831 3719 1022 3768 tacitus
1062 3732 1153 3766 ora
1185 3719 1330 3781 pudi-

266 3796 447 3845 bunda
480 3795 715 3858 obtegit!
781 3794 835 3842 in
877 3793 1072 3857 OEdipo
1124 3809 1174 3843 v.
1216 3798 1331 3842 619.

267 3871 432 3921 dicit:
470 3870 877 3921 ‘Pudibundum
910 3876 1074 3934 caput
1113 3869 1333 3920 extulit!

271 3948 425 3997 Idem.

261 4050 266 4061 ·
337 4022 526 4072 Strauit
564 4023 791 4072 Antaeum
831 4019 941 4069 Lib.
980 4019 1055 4082 α.]
1086 4020 1336 4077 Martian,

271 4099 492 4163 Capella
535 4098 623 4148 lib.
667 4111 744 4147 vr.
826 4094 1044 4145 ‘Africa
1102 4111 1225 4146 vero
1275 4110 1336 4145 ac

267 4177 436 4240 Libya
475 4175 633 4225 dictae
672 4175 739 4225 ab
777 4172 912 4223 Afro
950 4173 1067 4223 Lib.
1091 4174 1337 4223 Herculis

271 4253 400 4303 filio.
457 4253 519 4302 In
541 4252 764 4301 confinio
785 4258 868 4301 est
893 4251 1083 4300 Elissos
1115 4250 1335 4310 colonia,

272 4329 329 4380 in
351 4343 454 4393 qua
475 4328 617 4391 regia
637 4327 812 4379 Antaei
832 4327 1195 4391 luctamenque
1219 4342 1337 4381 cum

1413 428 1861 477 ruinosum.
1911 432 2051 480 mn.
2102 433 2199 480 ιν.
2352 419 2485 488 547

1417 570 1650 622 Hercule
1670 572 2000 636 celebratur,'
2022 576 2119 625 διο.
2169 573 2484 639 Amphitruo

1416 649 1556 712 apud
1578 649 1699 699 Seu.
1722 649 1773 698 in
1798 649 2012 701 Hercul.
2053 652 2170 699 Fur.
2195 666 2242 701 v.
2275 656 2392 702 482.
2414 652 2481 700 ad

1415 726 1648 789 Lycum:
1684 728 1838 777 ‘Non
1875 728 2011 777 nosti
2055 728 2240 779 omnia.
2310 729 2482 792 Ipsius

1413 818 1543 868 opus
1571 809 1653 854 est
1674 805 1920 854 caestibus
1957 803 2157 856 fractus
2180 806 2286 855 suis
2319 807 2482 870 Eryx,

1415 887 1471 931 et
1493 882 1651 945 Eryci
1667 881 1886 944 junctus
1909 880 2129 931 Antaeus
2147 881 2339 946 Libys!
2392 884 2479 932 De

1414 959 1511 1009 hoc
1546 958 1724 1008 labore
1765 959 1902 1008 idem
1925 959 1975 1007 in
2004 958 2165 1008 Herc.
2198 960 2307 1009 OEt.
2327 963 2484 1011 v..25.

1416 1040 1721 1088 1788.1898.
1757 1036 2062 1100 Propertius
2081 1036 2168 1087 lib.
2189 1049 2276 1087 ιιι.
2301 1036 2383 1087 El.
2398 1041 2480 1085 21.

1415 1127 1464 1162 v.
1501 1116 1580 1163 10.
1602 1113 1860 1161 Martialis
1884 1114 1917 1162 l.
1939 1127 1992 1162 v.
2018 1113 2284 1176 Epigram.
2311 1125 2479 1164 van.

1415 1190 1616 1241 Lucan.
1638 1191 1729 1242 lib.
1752 1205 1834 1240 lv.
1868 1191 1987 1240 Val.
2014 1191 2190 1241 Flacc.
2210 1192 2300 1243 lib.
2326 1204 2365 1241 1.
2399 1192 2477 1241 si-

1414 1267 1512 1317 lius
1533 1268 1623 1317 lib.
1663 1281 1749 1317 ιιι.
1790 1267 2009 1320 Ovidius
2050 1267 2219 1329 Epist.
2260 1267 2480 1320 Heroid.

1416 1357 1498 1393 ιιι.
1533 1344 1803 1395 Claudian.
1827 1344 1879 1393 in
1905 1342 2077 1393 Rufin.
2097 1343 2186 1393 lib.
2212 1357 2249 1393 1.
2284 1359 2335 1393 ν.
2359 1348 2475 1394 288.

1412 1418 1691 1483 Augustin.
1726 1420 1818 1470 lib.
1843 1433 2007 1470 xvm.
2042 1421 2129 1468 De
2165 1419 2320 1472 civit.
2356 1420 2478 1482 Dei,

1412 1512 1530 1561 cap.
1551 1502 1631 1547 12.
1659 1506 1715 1549 et
1740 1498 1937 1547 Ludov.
1993 1497 2169 1546 Vives.
2222 1496 2477 1545 Pindarus

1411 1574 1592 1624 itidem
1616 1577 1749 1626 Isth.
1774 1575 1875 1626 Od.
1906 1579 1954 1625 4.
1990 1574 2189 1637 scribit,
2218 1573 2348 1622 adeo
2384 1574 2478 1622 im-

1410 1666 1614 1701 manem
1657 1650 1815 1701 fuisse
1857 1652 2117 1713 Antaeum,
2141 1657 2201 1699 ut
2225 1650 2474 1713 templum

1411 1727 1647 1791 Neptuni
1666 1727 1863 1791 κρανίοις
1877 1726 2033 1789 ξείνων
2046 1742 2076 1776 a
2095 1742 2150 1777 se
2173 1725 2476 1777 interfecto-

1413 1818 1526 1853 rum
1548 1805 1891 1869 cooperuerit.
1939 1806 2087 1855 Idem.

1482 1880 1638 1929 Cacus
1678 1881 1913 1943 Euandri,
1948 1880 2056 1944 aa]
2120 1880 2277 1930 Hunc
2325 1880 2472 1930 labo-

1413 1970 1523 2004 rem
1549 1957 1821 2021 eleganter
1861 1957 2117 2007 describit
2165 1958 2311 2022 Virg.
2350 1972 2481 2008 vm.
2541 2017 2544 2021 ⁴

1415 2032 1615 2085 AEneid.
1657 2034 1900 2096 Propert.
1939 2033 2030 2083 lib.
2075 2047 2158 2083 ιν.
2233 2034 2476 2086 Meminit

1410 2110 1646 2174 ejusdem
1694 2111 1846 2161 Solin.
1882 2111 1932 2160 in
1979 2110 2234 2174 Polyhist.
2271 2126 2388 2174 cap.
2423 2116 2477 2162 6.

1409 2185 1693 2250 Augustin.
1711 2186 1802 2236 lib.
1829 2201 1954 2237 xlx.
1982 2187 2046 2236 de
2070 2187 2181 2237 Civ.
2207 2188 2333 2246 Dei,
2357 2204 2472 2252 cap.

1409 2264 1487 2309 12.
1520 2262 1675 2310 Silius
1692 2261 1744 2310 in
1768 2261 1857 2311 tiu.
1880 2262 1967 2312 lib.
1989 2275 2067 2311 vt.
2120 2262 2267 2311 Idem.

1471 2337 1686 2387 Satiovit
1701 2337 1825 2399 iras]
1859 2338 2013 2388 Silius
2036 2337 2126 2386 lib.
2152 2351 2216 2387 ιι.
2245 2337 2263 2366 ‘
2286 2339 2472 2403 Neque

1406 2414 1544 2460 enim
1585 2413 1869 2466 satiaverat
1910 2414 2011 2462 iras
2048 2413 2323 2464 Dicendo.’
2371 2415 2473 2463 Pe·

1407 2495 1545 2539 tron.
1579 2489 1831 2540 Arbiter:
1864 2490 1880 2517 ⁸
1900 2490 2109 2539 Gemini
2131 2491 2341 2538 satiavit
2377 2504 2473 2539 nu-

1407 2565 1557 2613 minis
1582 2565 1708 2614 iram
1731 2565 2024 2628 Telephus!
2061 2566 2210 2615 Idern.

1473 2643 1690 2704 Quosque
1718 2656 1968 2705 pressurus
1998 2640 2132 2702 foret
2162 2641 2289 2690 altus
2321 2640 2471 2705 orbis]

1406 2719 1597 2769 Senec.
1634 2719 1686 2767 in
1711 2718 1989 2782 Hippolyt.
2023 2733 2072 2768 v.
2095 2722 2210 2768 825.
2244 2716 2472 2770 ‘Hume-

1406 2798 1581 2860 risque
1604 2796 1791 2860 quibus
1812 2795 2035 2845 Sederat
2053 2796 2147 2844 alti
2165 2796 2308 2859 regia
2322 2794 2472 2846 caeli.'

1469 2949 1662 3012 Setiger
1675 2950 1854 3014 spumis
1874 2951 2087 3001 humeros
2107 2949 2314 3013 notavit]
2349 2950 2473 3000 Alc-

1404 3041 1559 3076 mena
1600 3028 1740 3092 apud
1785 3030 1967 3078 Senec.
1998 3029 2049 3076 in
2091 3028 2251 3078 Herc.
2295 3028 2474 3077 OEt.v.

1407 3107 1552 3154 1887.
1587 3104 1826 3153 ‘Stratus
1869 3104 2284 3167 vestrissetiger
2326 3102 2471 3152 oris)

1408 3179 1566 3229 Ovid.
1604 3195 1803 3245 quoque
1841 3185 1891 3230 8.
1954 3181 2171 3229 Metam.
2233 3180 2472 3228 absolute

1408 3271 1588 3320 aprum
1614 3264 1766 3307 vocat
1788 3262 1803 3286 ‘
1820 3257 2113 3320 Setigerum
2129 3255 2168 3304 ι’
2202 3257 2218 3284 ‘
2238 3255 2473 3304 Vulnera

1403 3333 1673 3396 fecissent,
1718 3333 1814 3382 nisi
1864 3334 2055 3396 setiger
2103 3334 2242 3383 inter
2285 3346 2473 3396 opacas

1410 3411 1526 3460 Nec
1536 3410 1732 3474 jaculis
1755 3410 1903 3475 isset,
1934 3425 2030 3460 nec
2059 3426 2189 3476 equo
2224 3411 2339 3460 loca
2361 3424 2479 3474 per·

1407 3488 1492 3537 via
1513 3488 1719 3552 sylvas!
1755 3489 1904 3539 Idem.

1472 3563 1690 3628 Spumis]
1724 3565 1864 3615 Hinc
1905 3566 2126 3630 spumei,
2155 3571 2474 3629 spumantes,

1409 3640 1689 3703 spumigeri
1715 3642 1830 3704 apri
1868 3641 2126 3691 dicuntur.
2179 3642 2260 3690 De
2282 3641 2381 3689 hoc
2402 3640 2476 3689 la-

1411 3716 1538 3766 bore
1559 3717 1719 3767 Solin.
1735 3733 1850 3783 cap.
1867 3723 1946 3769 13.
1964 3720 2120 3769 Lucr.
2136 3719 2221 3767 lib.
2244 3733 2298 3768 v.
2334 3719 2478 3767 Mar-

1412 3793 1524 3843 tial.
1548 3794 1584 3842 l.
1605 3808 1656 3843 v.
1683 3794 1832 3858 Epig.
1852 3799 1936 3844 67.
1980 3795 2134 3844 Silius
2158 3795 2248 3844 lib.
2274 3807 2359 3843 ιιι.
2387 3793 2478 3841 ubi

1412 3883 1597 3932 aprum
1614 3869 1768 3919 istum
1792 3872 1808 3899 ‘
1829 3878 2030 3934 pestem
2058 3870 2442 3935 Erymanthiam
2459 3868 2476 3892 '

1412 3952 1584 3995 vocat.
1621 3945 1780 3996 ovid.
1827 3947 1994 4011 Epist.
2031 3944 2249 3996 Heroid.
2280 3958 2362 3994 1¹.
2383 3944 2479 3994 Se-

1411 4037 1531 4072 nec.
1555 4023 1606 4070 in
1627 4022 1805 4084 Agam.
1831 4038 1967 4072 vers.
1988 4028 2102 4074 882.
2125 4024 2176 4071 in
2193 4022 2352 4072 Herc.
2369 4022 2479 4072 OEt.

1412 4114 1466 4149 ν.
1492 4102 1573 4147 17.
1599 4102 1742 4148 1537.
1764 4104 1818 4146 et
1836 4099 2152 4148 Claudianus
2171 4097 2478 4148 rotundissi-

1413 4190 1497 4224 mo
1518 4174 1622 4223 isto
1646 4174 2064 4238 Epigrammatet
2106 4177 2122 4204 ‘
2136 4177 2336 4226 Torvus
2354 4188 2480 4238 aper

1414 4249 1691 4313 fulvusque
1730 4250 1813 4300 leo
1849 4250 2020 4299 coiere
2066 4252 2305 4314 superbis
2338 4250 2477 4299 Viri-

1415 4330 1512 4380 bus
1532 4345 1544 4378 :
1568 4328 1653 4380 hic
1669 4329 1794 4379 setis
1815 4328 2020 4394 saevior,
2041 4329 2129 4378 ille
2141 4329 2284 4393 juba.
2321 4328 2477 4378 Hunc
