3049 4928
494 454 628 523 374

486 620 683 683 *estne
713 613 847 677 ulla
873 608 1084 675 nostri
1136 606 1388 672 arbitrii
1437 605 1743 681 libertas»,
1791 620 1881 666 an
1932 599 2128 682 ipsos
2157 613 2428 680 quoque
2456 592 2682 657 huma-

501 735 739 784 norum
785 719 1003 780 motus
1050 711 1416 777 animorum
1459 706 1685 771 fatalis
1738 711 1984 769 catena
2029 697 2426 780 constringit
2449 697 2485 759 ‘l
2532 694 2687 770 Est:

1187 456 1493 512 1301&an
1544 456 1643 508 DE
1685 453 1998 506 coNsoL.

567 908 587 933 ⁸
621 899 794 951 Nostri
811 897 1006 948 arbitrii
1023 895 1235 946 libertem

1501 1001 1724 1056 NOTAE

508 1133 650 1195 cero,
668 1127 839 1194 inquit
861 1127 911 1176 S.
931 1126 1069 1191 Aug.
1092 1127 1127 1177 l.
1142 1140 1196 1176 v.
1214 1125 1279 1175 de
1306 1122 1460 1174 Civit.
1491 1122 1559 1172 1).

444 1267 461 1275 —
510 1222 627 1271 cap.
648 1210 699 1257 9.
729 1206 745 1234 ‘
769 1211 829 1256 ut
847 1206 925 1255 vir
958 1219 1171 1268 magnus
1206 1208 1262 1253 et
1293 1201 1479 1252 doctus
1511 1205 1569 1249 et

510 1284 635 1334 vita>
668 1283 904 1332 humanm
948 1280 1223 1346 plurimum
1259 1293 1320 1329 ac
1358 1276 1564 1342 peritis-

512 1359 641 1409 sime
662 1359 949 1421 consulens,
969 1371 1037 1406 ex
1062 1356 1142 1406 his
1176 1355 1375 1405 duobus
1408 1352 1569 1415 elegit

510 1435 730 1485 liberum
753 1433 1035 1484 voluntatis
1062 1432 1347 1482 arbitrium.
1412 1418 1569 1481 Quod

512 1511 580 1564 ut*
604 1511 1014 1573 confirmaretur,
1046 1509 1259 1575 negavit
1294 1507 1573 1573 praescien-

515 1590 644 1640 tiam
676 1588 1000 1638 futurorum:
1032 1599 1190 1652 atque
1221 1585 1297 1636 ita
1318 1584 1439 1639 dum
1463 1583 1577 1632 vult

517 1665 696 1717 facere
716 1665 927 1728 liberos,
950 1663 1083 1715 facit
1114 1661 1405 1725 sacrilegos.
1475 1661 1576 1709 Re·

517 1745 727 1809 ligiosus
749 1750 923 1793 antem
944 1742 1143 1791 animus
1177 1746 1453 1803 utrumque
1486 1735 1576 1784 eli-

519 1821 615 1886 git,
631 1828 907 1885 utrumque
940 1816 1235 1880 confitetur,
1253 1821 1309 1865 et
1330 1813 1437 1863 fide
1468 1812 1578 1876 pie-

519 1897 650 1948 tatis
668 1903 944 1961 utrumque
960 1891 1270 1944 confirmat!
1334 1892 1409 1941 Ut
1421 1890 1581 1955 igitur

523 1989 586 2025 ea
608 1989 723 2040 quae
755 1988 787 2022 a
818 1970 1156 2035 Philosophia
1186 1969 1432 2032 deinceps
1464 1981 1581 2032 pro-

528 2057 784 2117 ponentur
808 2049 874 2099 de
894 2048 991 2098 hac
1023 2046 1257 2111 materia,
1289 2044 1474 2096 clarius
1505 2044 1582 2094 in-

524 2128 846 2192 telligantur,
876 2124 1144 2190 proposita
1172 2123 1335 2189 ipsius
1366 2122 1583 2172 liberta-

527 2205 600 2256 tis
631 2202 953 2268 definitione,
981 2203 1217 2264 eandem,
1253 2199 1587 2264 Philosophia

531 2280 685 2344 duce,
703 2280 1002 2330 libertatem
1022 2278 1483 2344 propugnabimus,
1502 2292 1590 2328 va-

531 2358 711 2422 riaque
766 2357 912 2422 hujus
964 2371 1157 2420 genera
1189 2354 1591 2404 declarabimus.

533 2439 584 2485 1.
600 2433 841 2487 Libertas
864 2433 1154 2499 generatim
1188 2431 1392 2483 definiri
1415 2435 1594 2497 potest

534 2514 555 2541 ⁶
575 2526 740 2575 mens,
775 2528 888 2578 quae
912 2511 1218 2576 cognitione
1240 2510 1374 2560 duce
1409 2514 1596 2560 semet-

535 2590 722 2655 ipsam,
760 2589 999 2652 volendo,
1041 2603 1197 2653 agere
1232 2585 1445 2652 potest!
1506 2585 1599 2634 Di·

539 2668 674 2717 citur
694 2671 742 2717 1.
763 2667 779 2695 ‘
797 2666 993 2717 menst'
1028 2666 1147 2732 qnia
1162 2664 1375 2717 libertas
1391 2661 1597 2728 qnidam

538 2747 619 2792 est
635 2742 823 2793 mentis
837 2742 1017 2792 modus
1034 2758 1048 2791 :
1071 2740 1251 2792 modus
1268 2749 1441 2792 autem
1458 2753 1600 2790 men·

538 2819 627 2880 tis,
644 2826 831 2883 utpote
850 2820 957 2884 qui,
987 2818 1149 2869 instar
1180 2825 1472 2869 ceterorum
1495 2830 1602 2866 mo·

542 2895 743 2958 dorum,
761 2908 855 2943 sua
875 2908 1100 2944 seorsum
1121 2893 1242 2944 idea
1262 2892 1482 2957 cogitari
1513 2907 1604 2941 ue·

543 2972 676 3037 quit,
696 2969 936 3034 cognosci
969 2985 1072 3020 non
1105 2975 1299 3034 potest,
1330 2969 1431 3018 uisi
1459 2967 1606 3018 facta

543 3045 806 3096 mentione
827 3045 1047 3095 mentis:
1083 3045 1159 3094 sic
1190 3043 1427 3110 figuram,
1459 3044 1604 3108 quie·

547 3129 673 3187 tem,
695 3130 750 3173 et
772 3130 967 3174 motum
986 3135 1087 3171 non
1110 3120 1486 3186 cognoscimus,
1506 3118 1608 3168 nisi
1634 3111 1639 3120 ⁸

545 3199 687 3250 facta
706 3199 969 3249 mentione
991 3195 1255 3263 corporis:
1287 3195 1304 3224 ‘
1326 3195 1503 3261 modi,’
1530 3194 1606 3244 in-

550 3275 737 3340 quiunt
773 3274 1095 3338 Philosophi,
1129 3275 1147 3303 ‘
1169 3272 1356 3323 melius
1394 3273 1448 3321 iu
1487 3286 1613 3323 con-

550 3358 696 3401 creto
716 3357 1002 3401 noscuntur
1034 3366 1186 3417 quam
1218 3349 1268 3400 iu
1305 3348 1611 3399 abstracto?

554 3427 770 3477 Dicitur
804 3432 857 3477 2.
892 3429 910 3456 ‘
934 3442 1051 3493 quae
1089 3426 1420 3490 semetipsam
1456 3439 1614 3490 agere

554 3504 766 3568 potest‚’
801 3506 931 3565 sive,
953 3512 1013 3555 ut
1051 3504 1283 3553 nonnulli
1318 3504 1616 3569 loquuntur,

552 3580 570 3607 ‘
594 3579 826 3630 movere’
850 3594 912 3630 ac
942 3580 960 3608 ‘
984 3579 1333 3629 determinare
1352 3578 1393 3627 ε’
1422 3579 1619 3644 optime

557 3655 694 3705 enim
715 3671 745 3705 a
768 3654 995 3718 Graecis,
1014 3652 1305 3704 nominibus
1339 3653 1403 3703 ab
1434 3655 1624 3705 intelli·

560 3732 738 3795 gentis
760 3730 1186 3796 experientiaque
1208 3730 1465 3779 communi
1487 3731 1624 3780 deri-

560 3810 715 3873 vatis,
734 3825 880 3859 mens
902 3809 1070 3859 libera
1093 3816 1306 3859 vocatur
1326 3808 1626 3869 αὐτοκίνητος

559 3889 580 3926 ‘-
600 3901 810 3938 movens
830 3886 1088 3951 seipsam‚’
1108 3893 1164 3936 et
1179 3885 1466 3951 αὐτοκρατὴς
1487 3888 1503 3916 ‘
1524 3886 1628 3937 sibi

560 3966 668 4031 ipsi
704 3963 1021 4030 imperanst’
1077 3964 1176 4014 hac
1224 3964 1483 4015 libertatis
1533 3978 1627 4014 no-

564 4044 708 4093 tione
753 4057 874 4093 usus
917 4048 998 4092 est
1034 4042 1091 4092 S.
1138 4041 1457 4105 Augustinus
1507 4057 1626 4091 cum

569 4118 709 4181 alibi,
730 4125 839 4168 tum
863 4119 1155 4183 praesertim
1177 4118 1328 4168 initio
1347 4119 1487 4168 tertii
1504 4118 1628 4168 libri

569 4196 636 4251 de
655 4195 821 4246 libero
844 4194 1081 4258 arbitrio,
1104 4194 1191 4244 ubi
1207 4193 1335 4258 agit,
1347 4201 1405 4244 nt
1422 4194 1507 4244 hic
1524 4194 1631 4257 agis

569 4280 677 4337 tur,
697 4272 764 4323 de
784 4271 1062 4323 concordia
1092 4270 1244 4321 liberi
1278 4269 1478 4321 arbitrii
1512 4285 1632 4320 cum

571 4348 748 4401 divina
767 4348 1134 4401 Providentia:
1167 4347 1183 4376 ‘
1208 4344 1413 4412 motus,’
1442 4346 1632 4412 inquit,

1648 1119 1664 1146 ‘
1687 1132 1789 1184 quo
1817 1116 1918 1166 huc
1955 1119 2110 1180 atque
2147 1113 2272 1162 illuc
2311 1109 2547 1160 voluntas
2581 1096 2707 1157 con·⁴

1647 1194 1892 1257 vertitur,
1908 1192 2009 1242 uisi
2031 1197 2171 1241 esset
2188 1186 2525 1246 voluntarium,
2544 1190 2701 1248 atque

1649 1272 1701 1322 in
1744 1278 1923 1321 nostra
1971 1268 2171 1333 positus
2217 1271 2501 1330 potestate,
2535 1272 2703 1326 neque

1646 1347 1931 1397 laudandus
1962 1359 2078 1394 cum
2109 1343 2174 1392 ad
2207 1341 2494 1405 superiora,
2536 1350 2706 1402 neque

1650 1422 1939 1487 culpandus
1976 1423 2125 1471 bomo
2157 1425 2298 1469 esset
2328 1432 2445 1466 cum
2480 1414 2548 1464 ad
2581 1412 2709 1463 infe-

1640 1501 1790 1551 riora
1821 1499 2116 1564 detorquet,
2133 1495 2276 1561 quasi
2308 1491 2565 1558 quendam
2599 1504 2712 1540 car-

1653 1578 1827 1629 dinem
1843 1575 2155 1626 voluntatis:
2182 1586 2362 1636 ‘neque
2383 1570 2589 1619 omuino
2611 1583 2716 1618 mo-

1655 1653 1854 1705 nendus
1876 1657 2016 1703 esset
2036 1659 2095 1700 ut
2112 1649 2225 1699 istis
2247 1646 2499 1710 neglectis
2517 1650 2718 1695 aeterna

1657 1733 1820 1781 vellet
1841 1727 2079 1792 adipisci,
2112 1731 2267 1790 atque
2301 1729 2362 1772 ut
2393 1722 2530 1771 male
2552 1720 2721 1770 nollet

1658 1808 1850 1870 vivere,
1868 1806 2028 1855 vellet
2061 1809 2235 1852 autem
2264 1797 2439 1850 bene.’
2503 1796 2727 1847 Dicitur

1661 1890 1710 1935 3.
1734 1886 1752 1913 ‘
1771 1880 2045 1934 volendoz'
2080 1894 2217 1943 uam,
2249 1882 2310 1927 ut
2340 1877 2414 1926 ait
2433 1870 2486 1925 S.
2509 1872 2652 1937 Aug.
2685 1873 2724 1923 1.

1661 1976 1726 2013 n.
1760 1965 1974 2011 retract.
2010 1972 2061 2008 c.
2093 1961 2146 2006 1.
2175 1959 2192 1984 ‘
2219 1969 2320 2004 non
2354 1952 2576 2002 dicimus
2611 1963 2731 1999 esse

1662 2040 1713 2088 in
1748 2043 2015 2103 potestate
2048 2040 2246 2092 nostra,
2280 2030 2379 2080 nisi
2414 2027 2576 2094 quod,
2604 2041 2732 2076 cum

1664 2116 1918 2178 volumus,
1937 2113 2017 2176 fit,
2039 2111 2128 2162 ubi
2161 2109 2302 2173 prius
2324 2113 2380 2156 et
2400 2105 2625 2154 maxime
2648 2108 2735 2152 est

1665 2193 1837 2258 ipsum
1858 2188 2033 2241 velle!
2095 2189 2389 2250 Propterea
2404 2195 2585 2232 omnes
2607 2179 2737 2230 Phi·

1669 2266 1870 2332 losophi
1892 2264 2106 2326 docent,
2128 2260 2304 2312 sedem
2326 2255 2592 2308 libertatis
2616 2267 2740 2304 esse

1670 2344 2021 2394 voluntatem:
2058 2337 2195 2388 uude
2217 2335 2413 2399 duplex
2445 2336 2742 2396 agnoscunt

1673 2433 1832 2485 genus
1870 2424 2018 2470 actus
2058 2413 2240 2466 liberi:
2284 2412 2500 2461 alterum
2543 2412 2745 2459 vocant

1674 2494 1981 2558 “elicitum,'
2025 2493 2114 2559 qui
2155 2498 2238 2541 est
2278 2490 2294 2519 ‘
2329 2489 2501 2552 ipsum
2541 2482 2743 2534 vellez’

1677 2576 1896 2626 alterum
1920 2573 2104 2623 dicunt
2138 2570 2155 2599 ‘
2176 2563 2521 2633 imperatum,'
2546 2562 2640 2629 qui
2662 2566 2746 2611 est

1677 2653 1976 2719 obsequium
1998 2649 2232 2715 corporis
2243 2647 2311 2697 ad
2332 2653 2516 2696 nutum
2531 2642 2748 2693 mentis.

1677 2732 1888 2783 Dicitur
1922 2733 1974 2779 4.
2005 2728 2022 2757 ‘
2045 2728 2177 2777 duce
2209 2722 2508 2788 cognitione
2527 2718 2570 2769 ε’
2606 2718 2754 2784 quia,

1681 2806 2109 2875 quemadmodum
2144 2805 2292 2854 aiunt
2324 2801 2479 2851 iidem
2514 2798 2754 2848 Philoso-

1684 2886 1791 2951 phi,
1810 2886 1828 2913 ‘
1849 2884 2085 2934 voluntas
2113 2894 2214 2930 uon
2243 2877 2411 2928 fertur
2440 2875 2496 2925 in
2520 2873 2754 2938 incogni-

1686 2966 1828 3010 tum:
1863 2957 2026 3022 ignoti
2051 2956 2194 3006 nulla
2209 2950 2436 3017 cupido?
2478 2951 2558 3000 Ut
2574 2956 2754 2999 autem

1685 3053 1830 3090 mens
1851 3036 2083 3103 generali
2114 3036 2209 3085 hac
2244 3033 2492 3083 libertate
2527 3029 2758 3095 praedita

1688 3116 1910 3179 seipsam
1932 3117 2056 3179 agat
2077 3116 2405 3174 moveatque,
2432 3120 2537 3157 non
2561 3111 2649 3156 est
2670 3119 2758 3155 ue·

1689 3206 1832 3243 cesse
1864 3196 1926 3241 ut
1954 3183 2329 3239 veluti'media
2363 3191 2422 3234 et
2450 3181 2761 3233 indifferens

1689 3267 2033 3319 constituatur
2065 3264 2205 3314 inter
2238 3262 2341 3312 duo
2373 3260 2658 3323 contraria,
2678 3259 2759 3308 vel

1691 3345 1853 3395 etiam
1869 3338 2312 3393 contradicentia:
2343 3334 2761 3403 quandoquidem

1692 3420 1936 3483 Theologi
1961 3417 2171 3479 docent,
2202 3416 2337 3465 hanc
2372 3414 2677 3478 generalem
2704 3410 2764 3460 li-

1695 3500 1954 3550 bet-tatem
1977 3494 2220 3559 reperiri,
2239 3491 2393 3541 etiam
2415 3490 2507 3541 ubi
2523 3489 2672 3540 nulla
2688 3494 2766 3538 est

1698 3572 1952 3639 ejusmodi
1996 3571 2014 3600 ‘
2048 3565 2462 3621 indifferentiat’
2511 3563 2766 3631 siquidem

1698 3655 1753 3705 S.
1772 3653 1991 3703 Thomas
2026 3665 2078 3714 q.
2097 3652 2181 3701 10.
2202 3646 2269 3696 de
2290 3641 2549 3708 potentia,
2583 3639 2689 3693 art.
2717 3645 2768 3691 2.

1703 3730 1768 3783 ad
1790 3737 1842 3781 5.
1874 3735 1996 3794 post
2026 3727 2081 3779 S.
2112 3723 2467 3788 Augustinum
2506 3720 2691 3783 docet,
2716 3723 2770 3767 et

1702 3811 1875 3860 Deum
1896 3808 2060 3858 libere
2081 3819 2256 3855 amare
2291 3801 2542 3866 seipsum,
2575 3805 2634 3849 et
2661 3797 2771 3863 Spi-

1708 3887 1865 3936 ritum
1911 3884 2160 3934 Sanctum
2215 3895 2247 3929 a
2299 3877 2466 3927 Patre
2519 3876 2775 3941 Filioque,

1706 3960 1937 4028 quamvis
1969 3972 2072 4008 non
2090 3960 2106 3985 ‘
2128 3951 2486 4023 possibiliter‚’
2506 3951 2675 4002 libere
2698 3957 2773 4000 ta·
2866 3978 2883 3985 -

1706 4055 1824 4091 men
1848 4038 2164 4103 procedere:
2199 4048 2353 4084 nemo
2376 4038 2552 4082 autem
2584 4027 2773 4079 dixerit

1710 4122 1802 4166 aut
1821 4116 1997 4165 Deum
2022 4112 2088 4161 ad
2111 4111 2336 4175 seipsum
2363 4106 2660 4168 amandum,
2689 4107 2775 4154 ant

1709 4193 1924 4244 Patrem
1965 4190 2256 4253 Filiumque
2286 4185 2352 4236 ad
2384 4180 2773 4248 producendum

1709 4270 1958 4335 Spiritum
1982 4268 2233 4317 Sanctum
2245 4276 2363 4314 esse
2376 4257 2774 4311 indifferentem.

1713 4345 2015 4398 Quinetiam
2033 4342 2171 4394 idem
2187 4342 2245 4393 S.
2259 4338 2478 4390 Thomas
2496 4335 2551 4386 in
2567 4339 2619 4386 3.
2637 4334 2772 4385 seut.
