3049 4928
1251 429 1665 483 PRAEFA'rro.
2474 419 2565 487 23

348 572 552 664 atque
597 570 1112 663 inexplicabilis
1169 576 1425 642 indicta
1478 576 1778 645 coemtio
1831 568 2276 663 profligatura
2326 583 2561 671 inopia

344 681 802 766 Campaniam
831 681 1244 768 provinciam
1262 676 1620 760 videretur,
1643 676 1979 748 certamen
2004 683 2359 751 adversum
2387 709 2562 773 prae·-

341 782 923 871 fectum²praetorii
955 784 1335 851 communis
1369 785 1707 851 commodi
1732 778 1988 852 ratione
2016 791 2313 873 suscepi,
2367 790 2559 874 Rege

341 895 799 973 cognoscente
857 888 1188 967 contendi,
1259 895 1328 953 et
1404 909 1490 953 ne
1550 889 1849 955 coemtio
1907 891 2306 974 exigeretur,
2358 895 2554 958 evici.

340 991 765 1072 Paullinum,
797 994 1221 1058 consularem
1249 993 1488 1071 virum,
1543 993 1738 1078 cujus
1787 1014 1954 1078 opes
2007 995 2302 1060 Palatini
2348 1017 2555 1063 canes

327 1096 477 1179 jam
510 1098 648 1181 spe
692 1102 898 1181 atque
942 1096 1313 1171 ambitione
1361 1094 1825 1175 devorassent,
1872 1097 1958 1162 ab
2015 1097 2187 1182 ipsis
2224 1098 2568 1164 hiantium.

334 1197 659 1291 faucibus
687 1200 890 1265 traxi.
978 1198 1089 1263 Ne
1120 1199 1471 1277 Albinum,
1498 1200 1915 1265 consularem
1955 1200 2198 1277 virum,
2227 1201 2551 1287 praejudi-

333 1298 510 1367 catae
541 1301 1008 1368 accusationis
1034 1323 1236 1386 poena
1267 1304 1642 1386 corrigeret,
1675 1302 1853 1367 odiis
1880 1323 1988 1367 me
2018 1296 2341 1388 Cypriani
2369 1305 2557 1372 dela-

330 1405 500 1469 toris
531 1405 865 1489 opposui.
952 1405 1137 1470 Satis
1167 1425 1250 1470 ne
1292 1423 1573 1488 magnas
1602 1405 1673 1469 in
1699 1404 2068 1471 rne'videor
2097 1408 2552 1473 exacerbasse

332 1507 720 1575 discordias
734 1507 786 1572 ‘t'

376 1608 386 1617 ’
414 1613 653 1679 Hisce
682 1633 725 1677 a
762 1612 1055 1680 Boethio
1086 1620 1380 1699 tempore
1415 1616 1524 1680 sui
1554 1615 1947 1681 consulatus
1976 1615 2197 1700 gestiS,
2225 1635 2379 1680 cum
2410 1614 2549 1680 Re-

330 1715 433 1799 gis
462 1725 534 1785 et
566 1718 947 1784 aulicorum
1004 1718 1163 1784 odia
1204 1721 1274 1784 in
1309 1721 1538 1803 ipsum
1588 1719 1958 1802 flagrarent,
2007 1724 2323 1802 sequente
2348 1708 2552 1797 anne,

330 1822 443 1905 qui
475 1823 544 1887 in
582 1821 809 1886 Fastis
838 1820 1222 1901 Maximum
1261 1821 1624 1888 Consulem
1676 1822 1903 1903 habet,
1953 1829 2314 1889 accusatus
2356 1825 2458 1886 est
2505 1839 2550 1885 a

330 1925 633 2005 Basilio,
672 1923 1018 2008 Opilione,
1071 1931 1140 1991 et
1182 1924 1598 2005 Gaudentio,
1643 1926 2024 1991 hominibus
2062 1926 2397 2009 flagitiose
2427 1926 2549 1990 im-

328 2029 592 2110 probiS,
622 2034 694 2093 et
717 2026 918 2113 (quia
944 2028 1080 2113 ipsi
1110 2029 1395 2112 impium
1425 2043 1696 2114 quoque
1745 2029 1896 2094 Arii
1922 2029 2171 2113 dogma
2198 2029 2286 2094 ad
2315 2047 2546 2094 exem-

326 2131 511 2213 plum
543 2131 659 2195 sui
684 2130 894 2213 Regis
932 2129 1412 2218 sequebantur)
1441 2131 1842 2199 orthodoxo
1878 2133 2127 2203 nomini
2168 2132 2546 2198 infensissi-

327 2234 477 2298 mis.
575 2234 689 2299 Ex
732 2234 843 2298 his
874 2234 1180 2300 Basilius
1212 2235 1394 2301 olim·
1413 2237 1601 2320 regio
1646 2238 2019 2304 ministerio
2073 2230 2421 2321 depulsuS,
2474 2238 2547 2302 in

325 2334 735 2403 delationem
793 2337 1067 2404 Boethii
1115 2339 1271 2404 aeris
1339 2341 1546 2405 alieni
1603 2342 2021 2420 necessitate,
2089 2348 2155 2407 et
2201 2359 2325 2425 spe
2375 2340 2544 2422 regii

322 2439 613 2521 favoris,
639 2441 1020 2508 descendit:
1068 2440 1298 2527 Opilio
1321 2449 1574 2522 veroet
1591 2443 2036 2525 Gaudentius,
2054 2445 2181 2531 qui
2208 2445 2296 2510 ob
2326 2443 2540 2510 multa

323 2542 595 2628 flagitia
621 2545 835 2611 exilio
865 2545 1229 2626 destinati,x
1254 2547 1507 2613 aedium
1552 2568 1922 2627 sacrarum,
1968 2548 2055 2613 ad
2077 2567 2261 2632 ¹quas
2313 2542 2542 2613 confu-

325 2655 592 2730 gerant,
622 2649 724 2713 'se
785 2649 1105 2733 praesidio
1148 2652 1539 2731 tuebantur,
1586 2651 1748 2737 (etsi
1783 2650 1945 2716 Rex
1998 2652 2356 2729 edixisset,
2405 2651 2539 2715 nisi

324 2747 504 2815 intra
548 2752 1001 2836 praestitutum
1049 2752 1230 2818 diem
1283 2754 1615 2820 Ravenna
1658 2753 2082 2831 excederent,
2116 2752 2414 2817 futurum
2463 2758 2539 2816 ut

324 2854 611 2920 extracti
638 2875 678 2918 e
718 2855 1010 2940 tempBS,
1057 2855 1384 2923 frontibus
1424 2857 1569 2921 suis
1602 2839 1829 2920 'inusti
1858 2854 2043 2919 Urbe
2081 2855 2536 2940 pellerentur,)

325 2957 738 3042 simulatque
767 2956 1035 3024 Boethii
1052 2943 1055 2948 ¹
1073 2959 1578 3038 accusationem
1605 2955 1894 3043 professi
1926 2961 2105 3036 sunt,
2135 2955 2355 3043 (quod
2385 2956 2536 3040 qui-

326 3056 481 3123 dem
510 3079 721 3143 eopse
751 3060 860 3125 die
890 3080 1029 3145 quo
1059 3062 1216 3128 Rex
1263 3062 1337 3128 id
1378 3063 1556 3148 ipsis
1587 3061 2036 3127 comminatus
2066 3059 2308 3137 fuerat,
2356 3058 2548 3123 acci-·

324 3158 482 3246 dit,)
522 3170 801 3247 repente
831 3164 1133 3244 admissi,
1177 3166 1416 3245 auditi,
1445 3168 1532 3246 ⁸in
1561 3166 1840 3250 gratiam
1873 3163 2090 3247 Regis
2134 3161 2407 3247 recepti,
2450 3181 2536 3228 ac

325 3266 624 3346 pristinae
653 3266 963 3350 dignitati
991 3270 1298 3338 restituti
1323 3277 1500 3337 sunt.
1559 3270 1838 3348 Summa
1863 3286 2024 3333 vero
2054 3266 2550 3345 accusationis,

268 3373 279 3378 “
324 3368 437 3432 vel
479 3367 832 3433 delationis
879 3371 1133 3453 potius,
1181 3371 1333 3438 haec
1382 3373 1557 3438 fuit:
1602 3376 1624 3407 ‘
1646 3369 1852 3451 Quod
1897 3367 2230 3437 Boethius
2275 3369 2550 3435 salvum

325 3469 669 3549 Senatum,
703 3471 989 3557 ejusque
1018 3477 1477 3542 auctoritatem
1504 3496 1657 3542 esse
1707 3473 2068 3540 voluisset.
2159 3471 2369 3553 Quod
2418 3470 2533 3537 de·

323 3572 516 3638 latori
563 3574 964 3654 obstitisset,
1000 3596 1089 3642 ne
1154 3577 1549 3645 documenta
1604 3578 1871 3662 afferret
1914 3578 2162 3662 quibus
2210 3574 2532 3658 Senatum

325 3692 512 3739 reum
555 3675 746 3739 laesae
793 3678 1162 3763 majestatis
1191 3681 1531 3764 probaret.
1623 3679 1830 3761 Quod
1870 3678 2361 3744 restitutionem
2392 3676 2530 3741 Im-

324 3776 492 3858 perii
524 3776 821 3844 Romani
846 3779 1123 3846 molitus
1154 3780 1453 3866 fuisset3'
1498 3783 1589 3848 ad
1640 3782 1835 3868 cujus
1863 3781 2107 3866 capitis
2134 3780 2542 3864 confirmati-5

325 3896 519 3943 onem
563 3880 701 3962 ipsi
760 3881 987 3946 literas
1043 3884 1377 3967 quasdam
1426 3886 1743 3971 tanquam
1789 3903 1834 3949 a
1893 3882 2184 3949 Boethio
2231 3882 2528 3967 scriptas

322 3981 769 4063 proferebant,
805 4000 961 4048 cum
987 3994 1219 4053 essent
1273 4009 1317 4053 a
1361 4008 1436 4053 se
1487 3988 1816 4055 confictae.
1906 3986 2247 4052 Dicebant
2295 3984 2525 4062 etiam,

323 4083 689 4150 Boethium
716 4085 806 4150 ob
834 4086 1157 4154 ambitum
1186 4089 1534 4173 dignitatis
1586 4088 2067 4156 conscientiam
2098 4105 2293 4152 suam
2321 4085 2528 4150 sacri-

320 4185 488 4269 legio
518 4187 875 4271 polluisse.
962 4189 1427 4259 Theodoricus
1467 4198 1693 4258 autem
1738 4189 2289 4272 Ostrogothorum
2341 4185 2525 4263 Rex,

325 4290 438 4370 (lui
467 4290 825 4370 hactenUS,
855 4291 984 4356 etsi
1008 4294 1095 4359 ab
1119 4294 1453 4364 Ecclesiae
1486 4295 1812 4360 sententia
1845 4290 2204 4357 dissideret
2246 4290 2317 4353 in
2365 4286 2523 4352 arti-
