3049 4928
994 444 1516 498 PthOSOPHIAE
1570 444 1711 493 mn.
1763 446 1809 493 1.
2373 431 2501 498 139

293 592 377 657 sit
405 596 543 657 tuae
577 591 950 657 curationis
979 591 1399 674 intelligam?
1420 602 1442 630 ’
1497 590 1608 656 Tu
1636 611 1794 657 vero
1824 591 2170 672 arbitratu,
2199 592 2500 677 inquam,

291 700 400 760 tuo
430 714 591 779 quae
622 696 845 775 voles,
875 704 950 760 ut
977 714 1447 779 responsurum
1476 700 1718 779 rogato
1732 694 1793 762 ‚f
1855 695 2028 761 Tum
2060 696 2233 776 illa}
2263 697 2504 762 Hunc-

292 798 460 875 cine,
502 798 755 882 inquit,
785 799 1101 864 mundum
1129 799 1496 865 temerariis
1516 807 1555 835 ¹¹⁸
1587 801 1723 883 agi,
1759 800 2183 884 fortuitisque
2226 801 2503 866 casibus

291 905 486 984 putas
504 902 535 965 Τ
572 922 663 965 an
684 903 887 967 ullum
916 901 1134 968 credis
1165 902 1229 965 ei
1261 892 1481 967 inesse
1512 903 1808 986 regimen
1834 910 1879 941 ¹¹
1911 902 2291 967 rationis‘l1⁵
2376 899 2502 967 At-

290 1003 422 1085 qui,
451 1003 783 1087 inquam,·'
821 1006 1006 1070 nullo
1037 1004 1569 1070 existimaverim
1609 1005 1840 1084 modo,
1872 1014 1949 1071 ut
1976 1006 2265 1072 fortuita
2290 1010 2503 1070 teme-

287 1104 481 1171 ritate
527 1112 677 1172 ftam
729 1113 911 1172 certa
956 1113 1374 1173 moveantur.
1478 1106 1735 1173 Verum
1782 1109 1991 1193 operi‘
2025 1128 2149 1175 suo
2203 1107 2503 1173 condito·

288 1216 499 1272 rem¹²
527 1210 918 1294 -praesidere
949 1211 1172 1275 Deum
1205 1211 1353 1276 scio
1381 1232 1397 1276 ε
1440 1231 1569 1276 nec
1598 1231 1890 1294 unquam
1928 1212 2135 1278 fuerit
2181 1211 2355 1291 dies,
2387 1213 2504 1296 qui

289 1330 392 1377 me
435 1312 527 1375 ab
577 1313 710 1377 hac
751 1314 1101 1379 sententiae
1153 1314 1435 1381 veritate
1465 1314 1798 1398 depellat.
1889 1314 2002 1380 Ita
2060 1322 2185 1396 est,
2238 1315 2507 1400 inquit!

291 1411 470 1477 Nam
498 1415 574 1479 id
608 1417 813 1481 etiam
836 1418 1038 1502 paulo
1067 1423 1223 1483 ante
1252 1417 1599 1496 cecinisti,¹
1637 1418 2077 1502 hominesque
2108 1425 2372 1483 tantum
2403 1417 2504 1482 di-

289 1517 460 1583 vinae
490 1527 807 1585 exsortes
839 1542 1016 1587 curae
1046 1529 1254 1586 esse¹³
1288 1521 1673 1606 deplorasti.
1738 1520 1922 1585 Nam
1943 1521 2023 1585 de
2054 1522 2317 1599 ceteriS,
2340 1522 2505 1605 quin

290 1620 554 1686 ratione
605 1632 998 1706 regerentur,
1046 1624 1209 1689 nihil
1259 1626 1638 1691 movebare.
1751 1624 1968 1708 Papae
2025 1629 2247 1689 autem
2303 1625 2506 1689 vehe-

292 1728 542 1788 menter
578 1725 894 1805 admiror,
923 1748 1062 1805 cur,
1106 1728 1174 1790 in
1219 1734 1358 1794 tam
1390 1727 1643 1792 salubri
1673 1729 2001 1793 sententia
2030 1728 2371 1807 locatus?
2415 1746 2506 1793 ae-

354 1919 374 1944 ·
404 1912 581 1975 Inquit
603 1913 931 1977 Philosophia.

293 1978 542 2037 spondebo.

294 2042 548 2093 Boethius.

296 2113 525 2158 omns.

1117 1913 1152 1957 s
1178 1917 1351 1972 Quaere
1383 1917 1504 1980 quod
1545 1916 1796 1979 placuerit,
1829 1915 1984 1979 inquit
2018 1913 2272 1977 Boethius,
2307 1913 2399 1965 tibi
2429 1930 2505 1965 ro·

707 1987 735 2021 8
771 1980 900 2028 Tunc
921 1979 1228 2043 Philosophia
1245 1981 1336 2030 ait.
1499 1979 1526 2013 ¹⁸
1563 1981 1743 2030 Mentis
1764 1982 1951 2030 ratione
1986 1982 2219 2045 praeditae.
2350 1976 2367 2011 ⁶
2398 1981 2509 2044 Ipse

684 2042 708 2077 ἢ
738 2044 1061 2117 Philosophia.
1262 2044 1277 2078 ¹
1302 2044 1411 2096 Lib.
1434 2060 1473 2095 1.
1498 2046 1622 2096 Met.
1639 2053 1752 2098 5.v.
1773 2051 1856 2097 25.
2052 2052 2091 2077 ¹¹⁸
2133 2045 2266 2094 Sana
2286 2044 2506 2109 opinione

1231 2189 1590 2210 ΟΟΟΟΟΟΟΟΟΟ

362 2273 419 2319 11
457 2270 701 2340 Regimen
733 2270 883 2323 inesse
904 2270 1022 2322 edd.
1047 2271 1396 2323 eaedem—12
1428 2275 1571 2325 Vict.
1596 2274 1826 2341 primus:
1865 2275 2284 2325 Creatorem—13
2315 2271 2331 2301 ⁴
2350 2271 2510 2321 Dele-

1297 2400 1514 2451 NOTAE

298 2494 652 2560 Philosophiae
682 2497 803 2561 jure
836 2496 940 2547 dici
972 2496 1184 2560 potest,'
1217 2502 1275 2546 ut
1295 2498 1369 2547 lo·

301 2573 486 2635 quitur
528 2574 725 2623 Tullius
765 2588 830 2624 ιι.
865 2574 931 2623 de
970 2574 1081 2622 Fin.
1108 2573 1123 2600 ‘
1147 2587 1365 2636 percon-

301 2648 487 2710 tando,
534 2656 694 2714 atque
739 2648 1122 2715 interrogando,
1178 2650 1367 2699 elicere

301 2725 509 2774 solebat
541 2740 717 2774 eorum
741 2727 1033 2790 opiniones,
1057 2727 1364 2791 quibuscum

241 2804 246 2805 ⁷
302 2798 619 2866 disserebat,
633 2809 693 2852 ut
712 2803 778 2852 ad
797 2818 859 2852 ea
884 2818 997 2867 quae
1018 2805 1050 2852 ii
1072 2803 1365 2866 respondis-

303 2885 441 2940 sent,
463 2879 509 2928 si
534 2880 659 2943 quid
692 2881 980 2945 videretur,
1004 2881 1204 2931 diceret
1225 2896 1239 2940 ;
1283 2881 1369 2945 qui

303 2969 411 3006 mos
430 2971 552 3006 cum
566 2972 596 3005 a
618 2957 988 3020 posterioribus
1007 2973 1108 3007 non
1130 2965 1266 3008 esset
1291 2973 1369 3007 re·

306 3038 505 3093 tentuS,
523 3033 783 3082 Arcesilas
803 3049 917 3084 enm
943 3035 1244 3084 revocavit:
1294 3034 1370 3084 in·

305 3109 610 3173 stituitqne,
629 3119 687 3158 ut
705 3111 740 3159 ii
765 3112 852 3175 qui
877 3126 933 3160 se
951 3112 1130 3161 andire
1158 3113 1372 3175 vellent,

307 3198 408 3234 non
423 3185 491 3234 de
508 3200 566 3233 se
579 3195 890 3251 quaererent,
906 3189 999 3238 sed
1016 3189 1117 3253 ipsi
1133 3189 1373 3242 dicerent

309 3261 432 3326 qnid
470 3264 746 3325 sentirent,
768 3264 906 3330 qnod
937 3281 1057 3315 cum
1097 3266 1372 3333 dixissent,

305 3338 394 3388 ille
418 3339 642 3389 contra?
706 3341 825 3391 Hac
850 3350 962 3392 arte
986 3356 1122 3392 nunc
1137 3343 1371 3393 Philoso-

309 3416 431 3480 phia
450 3418 466 3445 ‘
486 3423 682 3466 statum
706 3419 912 3468 mentis’
939 3419 1148 3469 Boethii
1174 3421 1190 3449 ‘
1213 3422 1370 3472 attin-

310 3492 385 3556 git
418 3500 475 3543 et
507 3494 715 3558 tentat,'
739 3495 906 3560 ipsum
944 3499 1190 3548 videlicet
1224 3514 1374 3550 revo-

312 3569 479 3620 cando
514 3570 579 3618 ad
606 3569 816 3635 primas,
842 3575 1042 3638 quasin
1067 3590 1123 3625 se
1147 3577 1375 3640 experiri

311 3647 500 3710 possit,
539 3647 775 3696 notiones
797 3664 813 3709 3
866 3664 1081 3714 quarum
1120 3651 1376 3703 beneficio

312 3730 367 3772 et
389 3725 455 3774 ab
481 3738 661 3773 errore
689 3726 855 3776 veteri
893 3728 1100 3778 liberari
1126 3736 1180 3779 et
1212 3731 1263 3778 in
1289 3745 1377 3778 no·

311 3814 427 3849 vam
447 3801 728 3850 veritatem
747 3802 1005 3853 introduci
1027 3814 1214 3869 queat:
1250 3811 1265 3836 ‘
1285 3809 1375 3872 qni

313 3876 497 3926 modus
528 3883 614 3927 est
643 3879 925 3928 curationis
946 3880 983 3929 :'
1017 3882 1107 3929 sed
1133 3883 1253 3933 hnic
1274 3885 1376 3934 arti

314 3953 578 4003 consentit
605 3954 717 4017 ipse
736 3955 1019 4006 Boethius:
1044 3958 1060 3985 ‘
1083 3958 1374 4022 arbitratu,'

311 4029 501 4094 inquit,
524 4032 539 4058 ‘
565 4036 658 4080 tuo
681 4047 797 4095 quae
829 4034 986 4097 voles,
1006 4042 1065 4084 ut
1104 4049 1375 4099 responsu·

311 4120 426 4156 rum
444 4107 674 4170 rogato..’

378 4188 416 4215 m
449 4182 721 4244 Hunccine,
738 4183 914 4248 inquit,
934 4188 1159 4235 mundum
1177 4193 1375 4237 temera-

319 4258 435 4321 riis]
462 4272 526 4307 11.
555 4259 889 4323 Philosophia
922 4263 1063 4325 cogit
1101 4263 1375 4314 Boethium

320 4330 496 4397 fateri,
515 4349 572 4384 se
601 4335 771 4385 Deum
814 4337 1005 4401 partim
1045 4353 1380 4405 cognoscere,

1449 2498 1562 2548 viso
1585 2500 1767 2549 saltem
1806 2498 2007 2561 ordine,
2028 2513 2130 2563 quo
2165 2495 2249 2546 hic
2288 2495 2510 2546 mundus

1449 2575 1668 2638 regitur.
1703 2575 1913 2623 Scilicet
1939 2571 2364 2638 quemadmodum
2389 2572 2513 2620 ami·

1449 2651 1498 2700 ci
1539 2651 1664 2700 alias
1715 2650 1910 2714 cogniti
1955 2649 2307 2710 recordamur,
2335 2648 2513 2697 audita

1448 2727 1564 2790 ejus
1608 2741 1759 2790 voce,
1793 2726 1872 2774 vel
1918 2726 2026 2773 visa
2061 2726 2176 2789 ejus
2215 2725 2507 2788 scriptura:

1450 2816 1551 2850 non
1594 2800 1730 2866 quod
1778 2815 1879 2849 vox
1929 2801 2012 2849 vel
2055 2801 2314 2864 scriptura
2355 2800 2509 2863 hujus

1453 2879 1605 2929 amici
1641 2879 1904 2928 notionem
1941 2877 2170 2940 inferat3
2218 2879 2308 2928 scd
2334 2879 2512 2943 potius

1454 2955 1592 3022 quod
1634 2946 1883 3020 adjuncta
1915 2955 2027 3005 haec
2078 2961 2315 3005 veterem
2357 2955 2511 3004 amici

1453 3031 1626 3083 ideam
1659 3034 1822 3083 veluti
1854 3033 2077 3099 sopitam
2118 3032 2403 3082 excitando
2433 3046 2512 3083 re·
2542 3032 2547 3033 ⁷

1454 3117 1649 3160 novent
1672 3128 1685 3160 2
1721 3111 1796 3160 ita
1818 3111 1924 3160 Dei
1945 3110 2171 3160 naturali
2194 3109 2384 3159 lumine
2398 3110 2512 3174 jam

1456 3187 1655 3251 cogniti
1680 3187 2054 3237 reminiscimur
2075 3187 2180 3237 viso
2203 3188 2303 3237 hoc
2320 3186 2513 3236 mundo

1454 3268 1803 3329 spectatoque
1818 3264 2021 3326 ordine,
2037 3278 2138 3328 quo
2155 3264 2392 3313 universa
2415 3263 2513 3313 eti-

1455 3355 1539 3389 am
1583 3354 1807 3404 corpora
1848 3347 2132 3405 reguntur:
2180 3341 2296 3389 hinc
2339 3340 2515 3390 ‘nullo

1454 3417 1897 3481 existimaverim‚'
1914 3418 2080 3483 iuquit
2095 3416 2369 3480 Boethius,
2385 3418 2514 3466 ‘mo-

1455 3497 1544 3560 do,
1568 3504 1626 3547 ut
1659 3496 1878 3549 fortuita
1901 3498 2198 3548 temeritate
2231 3503 2337 3547 tam
2368 3503 2517 3546 certa

1455 3581 1793 3624 moveantur:
1831 3590 2009 3624 verum
2043 3575 2189 3638 operi
2223 3589 2316 3624 suo
2340 3572 2515 3624 condi-

1458 3658 1625 3701 torem
1652 3652 1935 3716 praesidere
1976 3654 2149 3703 Deum
2191 3649 2348 3700 scioz'
2396 3650 2514 3698 hinc

1461 3731 1599 3795 quod
1635 3731 1849 3780 evidens
1871 3728 2128 3794 ejusmodi
2150 3729 2294 3778 notio
2318 3727 2517 3791 optima

1457 3809 1529 3857 sit
1546 3808 1785 3857 veritatis
1818 3808 1926 3857 sive
1937 3806 2125 3871 judicii
2148 3806 2257 3856 veri
2280 3805 2519 3869 certique

1458 3898 1659 3945 norma,
1682 3891 1967 3948 propterea
1993 3883 2010 3911 ‘
2028 3897 2127 3932 nec
2151 3896 2377 3947 unquam
2409 3879 2520 3931 fue·

1458 3963 1532 4012 rit
1576 3961 1727 4025 dies,'
1772 3961 1916 4012 addit
1953 3960 2227 4023 Boethius,
2264 3960 2389 4024 ‘qui
2436 3974 2517 4008 me

1460 4039 1524 4088 ab
1553 4039 1650 4087 hac
1679 4038 1954 4089 sententiae
1977 4039 2203 4088 veritate
2237 4036 2473 4100 depellat
2490 4036 2524 4086 τ’

1451 4115 1574 4164 hinc
1599 4116 1752 4178 paulo
1770 4115 2108 4182 ante‚,Metro
2126 4114 2238 4162 scil.
2264 4127 2318 4162 v.
2340 4127 2414 4163 vs.
2435 4118 2519 4163 25.

1456 4191 1654 4241 cecinit
1670 4190 1923 4241 Boethius
1947 4207 1961 4239 ε
1999 4193 2015 4220 ‘
2032 4189 2223 4239 Omnia
2246 4192 2390 4236 certo
2414 4187 2518 4237 fine

1457 4267 1756 4330 gubernans
1818 4267 2099 4316 Hominum
2140 4264 2273 4312 solos
2320 4265 2517 4326 respuis

1462 4352 1609 4395 actus
1643 4344 1841 4396 Merito
1873 4350 2045 4393 rector
2069 4339 2314 4391 cohibere
2337 4340 2522 4390 modo!
