3049 4928
993 410 1128 464 'Pl-11
1142 414 1524 463 LOSOPHIAE
1572 414 1721 463 1⁴18.
1771 414 1870 463 tv.

780 559 954 626 Cum
983 560 1181 626 nimis
1211 560 1462 625 celeres
1481 558 1790 644 explicet
1817 566 2027 639 ortuS,
2505 562 2553 626 5

778 663 1026 746 Legem
1058 664 1362 748 stupebit
1389 662 1653 728 aetheris
1684 663 1825 728 alti.

778 765 1093 831 Palleant
1122 767 1338 850 plenae
1372 782 1627 830 cornua
1661 763 1872 831 Lunae
1896 774 1923 800 ⁸

778 868 1047 934 Infecta
1075 871 1271 933 metis
1299 869 1523 934 noctis
1555 889 1821 953 opacae,

776 969 1087 1056 Quaeque
1114 971 1396 1054 fulgenti
1428 978 1688 1046 texerat
1712 993 1846 1051 ore,

781 1074 1081 1140 Confusa
1112 1075 1374 1141 Phoebe
1404 1076 1680 1160 detegat
1708 1082 1926 1143 astra:
2461 1076 2546 1141 10

348 1288 528 1325 ειη-ιιι
548 1291 702 1341 min,
739 1281 786 1327 et
818 1292 1056 1341 nunquam
1086 1276 1316 1327 dentittat
1345 1278 1482 1339 ignes
1516 1290 1626 1325 suos
1662 1276 1824 1326 turdos
1852 1275 1907 1326 in
1927 1290 2073 1327 mare.
2137 1275 2199 1325 Sa·
2217 1259 2374 1325 orbita
2394 1275 2546 1326 Luna

343 1342 488 1407 plenoe
504 1343 701 1406 palleat,
727 1341 913 1403 soedatu
938 1343 1154 1392 terminis
1177 1342 1328 1392 noctis
1349 1342 1575 1402 obscura,
1612 1347 1660 1390 et
1693 1356 1793 1406 qua
1819 1341 1957 1391 Luna
1977 1343 2211 1391 velaverat
2238 1344 2373 1391 vultu
2391 1344 2544 1405 splen-

345 1406 451 1456 dt‘do
470 1409 629 1457 stellas
665 1409 886 1471 minores,
923 1408 1025 1457 hoec
1061 1408 1310 1458 obscurata
1345 1409 1514 1457 revelet
1553 1409 1737 1457 eusdem
1768 1408 1967 1464 stellam
1998 1406 2109 1455 hinc
2139 1420 2274 1456 error
2291 1407 2547 1456 communis

1337 1554 1388 1603 N
1392 1555 1548 1606 OTAE

341 1674 530 1741 sineret
552 1676 699 1743 aquis
721 1678 899 1728 lavari.
964 1676 1115 1727 Idem
1136 1676 1397 1729 Arcturus

340 1761 549 1804 vocatur
578 1755 735 1803 etiam
773 1755 1152 1820 Arctophylax,
1184 1760 1241 1806 et
1261 1756 1397 1809 Boo·

341 1834 434 1890 tes,
475 1829 540 1880 de
576 1846 682 1896 quo
721 1830 782 1881 fit
826 1846 993 1882 sermo
1037 1832 1088 1881 in
1134 1836 1184 1882 3.
1223 1846 1396 1882 versu.

338 1905 695 1974 Arctophylax
718 1908 946 1974 quidem,
973 1910 1082 1958 sive
1104 1914 1278 1959 custos
1298 1910 1397 1959 Ur-

337 1997 421 2047 sae,
445 1985 571 2046 sive,
595 1993 655 2035 ut
678 1987 911 2051 loquitur
931 1986 1173 2051 Ovidius,
1190 1988 1206 2015 ‘
1220 1995 1395 2037 custos

335 2060 714 2113 Erimauthidos
748 2062 938 2125 Ursae:
976 2063 1113 2129 quod
1160 2063 1396 2113 videatur

335 2136 532 2203 Ursam,
553 2154 711 2205 qnam
734 2153 939 2203 semper
958 2139 1258 2201 comitatur,
1282 2154 1394 2189 cus·

336 2214 519 2266 todire.
551 2216 568 2243 ‘
593 2217 795 2265 Bootes
812 2214 827 2237 ’
853 2230 976 2265 vero
998 2216 1106 2264 sive
1125 2216 1396 2281 bubulcus,

332 2289 450 2354 quia
480 2291 651 2342 stellis
673 2289 888 2341 formam
913 2291 1067 2340 boum
1108 2306 1393 2358 currusque

329 2365 681 2417 referentibus
707 2366 870 2416 instar
895 2367 1158 2431 cujusdam
1180 2368 1389 2419 bubulci

329 2441 590 2495 adhaeret:
672 2443 793 2495 liinc
861 2443 1140 2509 Propertio
1200 2445 1391 2496 dicitur

328 2521 345 2550 ⁶
368 2536 573 2572 versare
597 2522 759 2572 boves
794 2527 851 2571 et
890 2521 1125 2586 plaustra
1157 2524 1389 2573 Bootes!

327 2597 564 2650 Juvenal.
608 2600 724 2650 Sat.
759 2612 813 2649 v,
844 2613 918 2649 vs.
966 2603 1047 2649 22.
1111 2601 1128 2628 ‘
1155 2600 1264 2666 Aut
1301 2601 1389 2649 illo

327 2681 572 2740 tempore,
590 2691 693 2742 quo
711 2688 767 2725 se
799 2676 1011 2739 Frigida
1031 2675 1389 2740 circumagunt

325 2752 455 2816 pigri
494 2768 707 2803 sarraca
764 2751 985 2801 Bootael
1047 2752 1184 2802 Illud
1235 2767 1389 2817 porro

325 2828 462 2880 sidus
500 2830 699 2895 triplici
744 2830 840 2880 hoc
879 2830 1086 2878 nomine
1120 2828 1386 2894 donatum,

323 2904 464 2958 'recte
497 2907 695 2958 dicitur
730 2908 747 2937 ⁸
775 2922 975 2957 summo
1019 2905 1266 2968 cardine,’
1299 2903 1384 2957 cui

319 2983 337 3011 ⁶
358 2986 705 3050 propinquum
725 2983 740 3004 ’
783 2991 880 3046 est,
908 2986 926 3013 ‘
950 2983 1051 3033 labi
1068 2984 1103 3047 ;'
1151 2983 1384 3049 adeoque

315 3064 460 3115 biuc‘
475 3066 683 3115 tardum
701 3078 841 3113 seras
855 3061 1083 3113 flammas
1103 3063 1154 3112 in
1174 3079 1382 3129 aequore

319 3141 591 3206 mergere‚’
610 3140 753 3210 ,inde
795 3154 917 3188 vero
955 3141 971 3168 ‘
997 3140 1196 3189 celeres
1219 3140 1381 3203 expli·

317 3232 432 3269 care
463 3217 653 3270 ortus!
721 3217 953 3266 Primum
991 3217 1197 3282 quidem
1237 3217 1381 3267 sidus

316 3293 439 3349 illud
479 3308 685 3345 summo
726 3294 940 3344 cardine
985 3294 1211 3344 labitur:
1264 3295 1382 3359 quia

315 3372 536 3421 vertitur
559 3370 629 3420 ad
666 3371 839 3435 polum
878 3370 1382 3436 Septemtrionalem,

314 3448 401 3512 qui
422 3449 575 3499 nobis
615 3461 824 3511 semper
858 3452 1099 3511 apparet,
1119 3454 1173 3497 et
1207 3448 1257 3496 in
1280 3463 1382 3512 quo

316 3531 560 3591 tanquam
578 3525 633 3575 in
657 3525 825 3574 altero
848 3525 1036 3574 Mundi
1058 3524 1273 3575 cardine
1299 3540 1380 3575 or·

312 3598 389 3653 bis
425 3602 659 3651 coelestis
699 3600 835 3650 verti
871 3599 1106 3664 fingitur.
1172 3600 1379 3650 Deinde

310 3676 446 3728 idem
472 3679 620 3728 sidus
646 3677 848 3728 tardum
862 3692 1003 3727 seras
1020 3678 1069 3726 in
1092 3679 1376 3728 marimer-

311 3754 389 3819 git
408 3753 676 3805 flammas:
713 3755 949 3820 quoniam
965 3769 1224 3820 nunquam
1242 3755 1378 3806 iufra

308 3839 539 3884 nostrum
552 3834 875 3883 horizontem
890 3834 1234 3899 descendeus,
1249 3850 1375 3884 nun-

308 3925 461 3977 qnam
492 3911 709 3962 occidit.
774 3910 1013 3976 Denique
1054 3912 1188 3962 idem
1234 3913 1375 3964 sidus

308 3989 504 4039 celeres
537 3988 767 4052 explicat
801 3994 981 4040 ortus:
1014 3988 1152 4054 quod
1192 3991 1374 4054 majori

307 4063 561 4114 duntaxat
612 4064 746 4114 Solis
805 4064 999 4114 lumine
1053 4066 1371 4117 occultatum

307 4141 484 4191 statim
524 4147 685 4205 atque
731 4141 906 4190 lumen
947 4142 1117 4193 solare
1160 4143 1373 4207 objecta

308 4224 447 4272 terra
480 4219 736 4268 minutum
767 4225 872 4280 est,
893 4218 1102 4270 emicat.
1166 4220 1266 4271 Ille
1288 4236 1374 4273 au·

306 4299 410 4348 tem
445 4293 536 4366 qui
581 4294 711 4344 hanc
753 4307 959 4344 causam
990 4293 1216 4362 ignorat,
1240 4312 1372 4363 prte-

1479 1676 1626 1728 dicta
1642 1675 1877 1733 niiratur.

1544 1760 1568 1787 ⁸
1590 1755 1812 1804 Palleant
1832 1755 1984 1819 plena
2011 1767 2188 1803 cornua
2210 1748 2388 1814 Lunoe]
2442 1751 2546 1801 Lu·

1479 1845 1564 1894 na,
1590 1845 1713 1895 quoe
1737 1831 1893 1880 etiam
1931 1829 2127 1880 dicitur
2160 1827 2373 1891 Phoebe,
2403 1825 2543 1891 qnod

1478 1923 1575 1973 per
1618 1914 1825 1960 noctem
1869 1907 2165 1973 splendeat,
2214 1912 2298 1957 est
2350 1919 2540 1971 corpus

1477 1987 1693 2037 coeleste
1716 2002 1952 2052 opacum,
1993 1985 2131 2052 quod
2169 1983 2324 2035 solari
2345 1983 2539 2034 lumine

1476 2064 1552 2113 ita
1573 2065 1794 2128 relucet,
1826 2070 1885 2115 ut
1906 2064 2058 2114 modo
2092 2062 2409 2127 angulatam,
2434 2074 2541 2110 mo·

1476 2139 1545 2190 do
1583 2143 1857 2192 rotundam
1896 2139 2188 2206 splendoris
2209 2137 2427 2189 formam
2448 2151 2538 2187 ex-

1471 2218 1672 2270 hibeat.
1741 2217 2015 2283 Contingit
2046 2226 2221 2268 autem
2245 2214 2540 2282 aliquando,

1472 2303 1535 2345 ut
1558 2296 1693 2346 iuter
1709 2297 1903 2359 Solem,
1920 2303 1977 2347 et
1992 2296 2187 2345 Lunam
2203 2294 2407 2358 plenam
2428 2291 2538 2342 sive

1471 2372 1697 2423 rotundo
1718 2372 1998 2437 splendore
2033 2373 2373 2433 relucentem,
2396 2376 2538 2419 terra

1470 2449 1549 2500 ita
1570 2450 1902 2515 interjaceat,
1938 2456 1996 2501 nt
2029 2449 2177 2500 Luna
2211 2447 2406 2499 umbris
2429 2452 2536 2497 ter-

1472 2529 1726 2579 restribus
1765 2529 2046 2579 obscurata
2082 2524 2362 2576 rotundum
2385 2538 2534 2573 suum

1470 2607 1799 2670 splendorem
1820 2606 1997 2654 statim
2019 2604 2248 2665 amittat,
2270 2607 2326 2650 et
2345 2599 2533 2662 stelloe,

1468 2697 1587 2747 quae
1610 2682 1797 2747 majori
1821 2684 1979 2731 Lunae
2001 2680 2195 2731 lumine
2214 2677 2392 2729 offusae
2415 2684 2536 2728 ante

1466 2759 1722 2821 latebant,
1739 2758 1993 2822 incipiant
2011 2755 2266 2806 emicaret
2305 2762 2412 2805 tum
2445 2768 2531 2803 ve-

1468 2842 1631 2900 teres,
1663 2836 1750 2902 qui
1782 2833 1910 2885 falsa
1947 2831 2321 2898 superstitione
2352 2829 2532 2880 existi·

1466 2913 1680 2964 mabant
1701 2913 1820 2963 hinc
1841 2910 2051 2977 quidem
2076 2910 2274 2959 Lunam
2298 2906 2535 2958 carmini·

1467 2990 1563 3040 bus
1605 2990 1712 3055 pati
1750 2990 1849 3039 hoc
1893 2986 2195 3053 deliquium,
2238 2986 2360 3035 inde
2407 2998 2530 3035 vero

1462 3066 1655 3117 tinnitu
1680 3067 1798 3117 aeris
1817 3067 1900 3116 vel
1924 3064 2276 3129 cymbalorum
2299 3062 2530 3125 liberari,

1464 3145 1530 3194 ad
1548 3146 1564 3173 ‘
1580 3160 1681 3194 aera
1699 3146 1856 3194 Lunae
1876 3139 2183 3204 auxiliaria,'
2205 3147 2262 3190 ut
2279 3146 2433 3189 vocat
2445 3138 2528 3189 ‘ri-

1460 3221 1648 3286 bullus,
1670 3220 2048 3284 confugiebant
2069 3236 2082 3268 :
2121 3218 2260 3268 idem
2273 3218 2526 3280 Tibullus,

1464 3299 1481 3326 ⁸
1505 3298 1701 3349 Cantus
1723 3306 1778 3348 et
1795 3313 1824 3348 e
1848 3311 1998 3347 curru
2033 3296 2232 3346 Lunam
2265 3294 2529 3346 deducere

1464 3382 1661 3439 tentat;
1692 3377 1761 3426 Et
1780 3374 2001 3438 faceret,
2011 3373 2051 3422 si
2075 3387 2176 3422 non
2196 3386 2300 3423 aera
2316 3367 2528 3437 repulsa

1463 3454 1684 3506 sonent?
1747 3453 2017 3507 ,luvenalis
2052 3453 2166 3503 Sat.
2198 3452 2338 3503 v1.l.
2362 3465 2426 3502 11.
2450 3465 2524 3500 vs.

1460 3537 1578 3582 440.
1646 3534 1662 3561 ‘
1683 3533 1782 3582 Tot
1821 3521 2017 3596 pariter
2061 3529 2260 3595 pelves,
2304 3534 2386 3578 tot
2425 3528 2526 3578 tin·

1461 3608 1727 3659 tinnabula
1765 3607 1909 3658 dicas
1949 3605 2186 3657 Pulsari:
2227 3604 2337 3669 jam
2370 3620 2525 3656 nemo

1460 3686 1630 3749 tubas,
1663 3699 1816 3735 nemo
1861 3699 1968 3734 aera
1986 3682 2208 3747 fatiget:
2243 3683 2366 3732 Una
2388 3682 2526 3732 labo-

1457 3762 1594 3812 ranti
1616 3761 1809 3825 poterit
1832 3774 2135 3810 succurrere
2160 3758 2355 3809 Lunae.’
2413 3760 2523 3809 Ne·

1455 3853 1542 3887 mo
1565 3838 1731 3888 nescit
1752 3837 2017 3902 vulgatum
2036 3836 2163 3886 illud
2184 3836 2392 3901 Virgilii
2410 3837 2525 3888 Ecl.

1454 3929 1580 3966 vm.
1602 3930 1680 3966 vs.
1705 3919 1787 3965 69.
1853 3914 1870 3941 ‘
1895 3913 2132 3965 Carmina
2150 3913 2233 3962 vel
2256 3912 2388 3963 coelo
2408 3928 2527 3977 pos·

1456 3998 1579 4041 suut
1600 3991 1860 4041 deducere
1884 3989 2114 4040 Lunam.’
2181 3990 2314 4040 Haec
2347 3999 2521 4040 autem

1454 4069 1645 4132 omnia,
1687 4083 1807 4135 quae.
1854 4082 1945 4117 sex
1982 4066 2249 4132 praedictis
2284 4066 2519 4116 versibus

1453 4146 1725 4210 eleganter
1737 4144 2106 4196 describuntur
2123 4158 2154 4193 a
2171 4143 2524 4210 Philosophia,

1451 4224 1573 4275 ideo
1593 4223 1815 4274 miratur
1834 4223 2038 4288 vulgus,
2056 4221 2179 4296 quia
2197 4221 2376 4270 borum
2396 4235 2519 4271 cau-

1455 4315 1567 4352 sam
1588 4301 1774 4352 nescit.
