3049 4928
610 437 915 487 aoE‘rHu
964 442 1059 489 DE
1105 443 1409 493 coNsoL.
1458 447 1898 498 PHILOSOPH·
1945 454 2089 505 Lm.
2138 460 2187 507 1.

307 596 489 631 omnes
513 596 597 632 res
614 583 803 633 habere
825 584 1133 648 imperium.’
1172 586 1345 639 Vallia.

373 658 455 709 Εἷς
478 659 724 725 Βασιλεὺς]
770 664 945 713 Verba
966 664 1054 713 illa
1082 680 1146 714 ex
1170 666 1363 715 Home-

314 751 371 784 ro
393 744 684 799 mutuatur,
702 740 839 802 apud
863 755 1011 803 quem
1037 742 1169 792 hunc
1192 744 1243 793 in
1261 758 1366 793 mo·

315 812 436 860 dum
483 813 694 876 Ulysses
736 817 950 866 Graecos
995 817 1230 867 adfatur:
1265 820 1365 869 Οὐκ

308 887 486 947 &radon
506 890 850 954 πολυκοιρανίη·
895 891 960 943 εἷς
989 892 1192 957 κοίρανος
1222 893 1363 956 ἔστω,

311 962 390 1014 ets
410 964 657 1020 βασιλεύς.
709 967 905 1016 Eadem
921 970 1145 1032 jactavit
1170 972 1229 1021 C.
1250 973 1364 1023 cm-

313 1054 400 1088 sar
424 1040 679 1105 Caligula,
718 1053 999 1095 monstrum
1029 1049 1236 1097 humani
1277 1065 1364 1113 ge·

306 1117 447 1165 neris
470 1133 666 1168 sacrum
690 1127 745 1169 et
767 1124 1079 1173 execrabile.
1146 1126 1360 1175 Sueton-

306 1194 397 1242 lib.
418 1208 498 1243 tv.
532 1196 692 1245 ‘Cum
716 1196 920 1247 audiret
942 1198 1134 1263 Reges,
1170 1203 1257 1266 qui
1282 1202 1361 1252 of·

308 1270 415 1320 ticii
461 1286 641 1321 caussa
697 1273 749 1323 in
793 1275 971 1324 urbem
1016 1278 1361 1342 advenerant,

307 1356 672 1399 concertantes
712 1352 848 1421 apud
882 1368 937 1401 se
973 1365 1128 1417 super
1165 1371 1360 1405 coenam

306 1424 376 1473 de
418 1426 694 1474 nobilitate
737 1429 956 1490 generis,
1019 1432 1357 1483 exclamavit:

306 1498 388 1549 Εἷς
422 1501 631 1565 κοίρανος
652 1501 790 1565 ἔστω,
829 1502 908 1553 ets
927 1504 1166 1561 βασιλεύς.
1242 1508 1359 1559 Nec

304 1577 525 1626 multum
548 1578 739 1640 abfuit,
770 1582 888 1645 quin
913 1584 1089 1633 statim
1120 1583 1358 1634 diadema

303 1659 552 1715 sumeret,
588 1647 918 1721 speciemque
943 1660 1269 1723 principatus
1305 1660 1356 1710 in

303 1730 452 1791 regni
476 1729 692 1781 formam
719 1736 1087 1785 converteret.’
1126 1735 1245 1787 Alio
1267 1752 1354 1787 au·

303 1811 414 1854 tem
441 1808 896 1860 accommodarunt
933 1812 1212 1862 Homerica
1244 1819 1356 1864 tum

299 1884 615 1935 Aristoteles
637 1888 689 1936 in
705 1890 1093 1955 Metaphysicis‚
1113 1899 1219 1943 tum
1235 1895 1270 1946 J
1276 1910 1355 1943 us-

301 1961 445 2011 tinus
469 1963 669 2026 Mai-tyr
710 1966 761 2014 in
797 1966 862 2017 de
900 1968 1202 2020 Monarchia
1234 1973 1355 2021 Dei.

300 2038 440 2087 Vide
478 2047 531 2088 et
571 2041 916 2094 Commentar.
939 2046 999 2094 C.
1023 2045 1355 2098 Rittershusii

299 2114 364 2161 ad
404 2114 634 2179 Oppian.
682 2132 744 2169 ιι.
809 2119 1114 2184 Cynegetic.
1153 2137 1232 2173 vs.
1275 2129 1356 2175 46.

299 2192 474 2242 Sitzm.

366 2269 481 2317 Tuae
504 2270 739 2337 civitatis]
775 2274 893 2325 Hoc
915 2282 1009 2338 est,
1031 2277 1145 2326 coeli
1167 2295 1179 2327 ε
1217 2278 1351 2343 quod

301 2346 457 2405 paulo
497 2353 617 2395 ante
650 2350 935 2412 ‘patriam’
970 2364 1258 2413 vocaverat,
1295 2362 1353 2404 ut

297 2427 356 2469 et
376 2421 515 2472 libro
537 2437 610 2474 iv,
642 2424 659 2452 ‘
679 2426 798 2476 Huc
840 2434 893 2477 te
932 2428 974 2478 si
1006 2430 1247 2480 reducem
1272 2445 1351 2481 re·

297 2495 442 2546 ferat
478 2499 582 2563 via,
628 2501 795 2552 Quam
835 2519 968 2555 utine
1007 2508 1225 2571 requiris
1262 2510 1353 2557 im·

297 2586 530 2635 memor3
568 2576 699 2627 Haec
722 2578 884 2636 dices,
919 2583 1143 2644 memini,
1181 2584 1352 2646 patria

297 2657 383 2698 est
407 2650 556 2710 mihi3
594 2651 734 2702 Hinc
753 2662 914 2718 ortus,
935 2658 1016 2706 liic
1038 2659 1215 2706 sistam
1238 2673 1349 2720 gra·

295 2722 459 2774 dum.’
525 2725 863 2791 Anaxagoras
885 2747 1085 2797 quoque
1123 2734 1350 2797 publica-

292 2815 408 2850 rum
432 2816 599 2852 rerum
619 2806 982 2870 negligentior,
1001 2824 1115 2858 cum
1134 2810 1351 2859 interro-

294 2886 528 2939 garetur,
552 2896 616 2929 an
639 2884 779 2932 nulla
802 2884 876 2933 illi
914 2887 1097 2949 patriae
1122 2901 1245 2936 cura
1270 2903 1348 2936 es·

298 2962 403 3014 set,
440 2957 664 3020 Εὐφήμει,
695 2959 834 3025 (ἔφη)
871 2962 971 3023 ἐμοὶ
995 2963 1089 3028 ’γὰρ
1120 2963 1200 3013 καὶ
1232 2964 1348 3027 σφό-

294 3032 383 3087 δρα
401 3036 534 3092 μέλει
569 3037 655 3092 τῆς
685 3037 916 3100 πατρίδος·
949 3038 1096 3100 δείξας
1114 3040 1199 3090 τὸν
1216 3042 1348 3106 οὐρα-

298 3106 394 3164 νὸν,
427 3110 548 3157 ‘Dii
571 3112 1030 3179 meliora,·inquit!
1065 3118 1185 3167 mihi
1211 3121 1348 3169 enim

292 3183 484 3244 patriae
520 3199 644 3234 cura
680 3195 737 3236 et
773 3189 977 3252 quidem
1016 3206 1211 3242 summa
1248 3201 1345 3257 est,

293 3259 517 3322 digitum
541 3261 590 3310 in
614 3264 796 3311 ccelum
820 3266 1130 3316 intendens!
1193 3269 1346 3320 Pliilo
1366 3288 1370 3293 ·

292 3335 428 3384 libro
448 3338 553 3399 περὶ
573 3340 816 3403 γεωργίας.
871 3340 986 3392 “Ort
1004 3349 1255 3409 παροικεῖν,
1291 3348 1347 3396 οὐ

293 3415 530 3462 κατοικεῖν
569 3415 786 3476 ἤλθομεν.
831 3421 901 3479 τῷ
947 3420 1040 3485 ’γὰρ
1076 3421 1174 3472 ὄντι
1215 3427 1347 3476 πᾶσα

292 3488 382 3548 μὲν
419 3490 552 3552 ψυχὴ
593 3496 746 3555 σοφοῦ
786 3496 986 3561 πατρίδα
1022 3498 1109 3560 μὲν
1141 3502 1347 3566 οὐρανὸν,

291 3570 387 3627 γῆν
405 3567 457 3617 δὲ
477 3567 612 3630 ξένην
633 3570 794 3633 ἔλαχε.
858 3576 874 3602 ‘
893 3575 965 3625 Ut
991 3576 1225 3642 inquilini
1264 3595 1344 3629 es·

291 3659 485 3707 semus,
545 3661 644 3696 non
708 3649 1023 3699 habitatores
1086 3656 1346 3718 perpetui,

290 3722 546 3785 venimus,
581 3737 762 3774 revera
784 3727 920 3775 enim
945 3730 1108 3778 omnis
1143 3732 1343 3794 sapien-

295 3800 363 3845 tis
404 3799 574 3847 anima
610 3801 793 3850 coelum
830 3803 987 3852 babet
1021 3807 1261 3870 patriam,
1291 3808 1342 3858 in

290 3885 436 3921 terra
460 3888 582 3923 vero
603 3878 994 3940 peregrinatur?
1034 3883 1183 3932 Unde
1208 3884 1343 3934 idem

289 3949 546 3999 bominem
568 3951 772 4016 οὐράνιον
789 3953 911 4017 ζῶον
932 3966 1100 4022 vocat,
1120 3960 1240 4010 alibi
1260 3976 1346 4010 ve-

294 4040 351 4074 ro
395 4025 602 4090 οὔράνιον
635 4030 797 4092 φυτόν.
872 4034 888 4060 ‘
915 4026 1185 4083 Civ‘itatis’
1219 4052 1344 4087 vero

288 4105 518 4166 nomine,
548 4108 646 4154 τῶν
678 4112 957 4171 μακαριτῶν,
994 4112 1178 4161 coelum
1213 4113 1345 4176 ipsa·

293 4193 394 4241 qne
422 4180 690 4232 beatitudo
716 4186 850 4248 apud
878 4189 1198 4240 Christianos
1231 4191 1343 4243 fere

291 4256 628 4319 designatur:
666 4260 701 4309 ii
723 4263 860 4312 enim
883 4274 1023 4327 sunt,
1057 4283 1155 4317 non
1197 4276 1254 4318 ut
1288 4271 1340 4320 in

289 4334 461 4394 terris,
501 4334 588 4385 ubi
625 4340 1011 4403 peregrinamur
1048 4358 1079 4392 a
1117 4345 1341 4409 domino,

2359 449 2488 513 451

1437 586 1556 650 ξένοι
1586 590 1663 640 καὶ
1699 589 1928 657 πάροικοι,
1961 596 2052 647 sed
2091 605 2375 661 σνμπολῖται
2394 610 2489 655 τῶν
2513 615 2516 618 ’

1439 666 1583 727 ἁγίων
1603 667 1681 717 καὶ
1714 668 1871 720 οἰκεῖοι
1890 674 1976 723 τοῦ
1997 676 2131 725 Θεοῦ.
2199 679 2267 728 D.
2289 680 2487 744 Augus·
2513 719 2516 724 .

1439 742 1575 791 tinus
1594 744 1683 795 lib.
1700 745 1766 795 de
1788 748 1968 799 eadem
1988 751 2211 803 Civitate
2223 755 2328 804 Dei
2348 769 2488 808 xxu.

1440 819 1456 847 ‘
1475 818 1599 882 Ipse
1622 829 1702 871 est
1723 823 1879 888 enim,
1903 826 1991 890 qui
2013 826 2068 876 iu
2093 829 2346 895 principio
2365 848 2487 884 con-

1438 895 1574 945 didit
1597 891 1856 963 muudum,
1897 903 2104 963 plenum
2144 906 2288 956 bonis
2328 910 2488 959 omni·

1438 970 1534 1021 bus
1561 973 1847 1025 visibilibus
1883 985 2039 1043 atque
2072 980 2486 1046 intelligibilibus

1438 1048 1612 1114 rebus,
1647 1051 1699 1098 in
1738 1066 1838 1113 quo
1875 1055 1998 1103 nihil
2042 1056 2221 1106 melius
2260 1058 2488 1110 instituit

1437 1139 1587 1188 quam
1614 1127 1845 1189 spiritus,
1869 1132 2052 1194 quibus
2090 1132 2484 1198 intelligentiam

1436 1200 1671 1263 dedit,et
1694 1220 1795 1253 sua·
1815 1210 2267 1272 contemplationis
2290 1212 2484 1262 habiles

1436 1291 1757 1343 capacesque
1778 1282 1858 1329 sui
1879 1284 2148 1346 praestitit,
2189 1293 2346 1350 atque
2384 1302 2485 1337 una

1435 1355 1690 1404 societate
1713 1355 1963 1420 devinxit,
1984 1373 2134 1422 quam
2167 1371 2395 1412 sanctam
2428 1371 2485 1413 et.
2511 1399 2515 1404 ,

1435 1446 1711 1495 supernam
1734 1433 1950 1484 dicimus
1970 1437 2269 1500 Civitatem,
2306 1440 2358 1489 in
2382 1456 2483 1505 qua

1433 1520 1538 1568 res,
1560 1523 1662 1572 qua
1701 1516 2056 1561 sustententur
2089 1513 2327 1578 beatique
2365 1516 2486 1579 sint,

1431 1583 1580 1632 Deus
1601 1584 1716 1647 ipse
1739 1586 1839 1635 illis
1864 1597 1964 1651 est,
1989 1597 2229 1653 tanquam
2250 1594 2358 1642 vita
2376 1594 2481 1643 vic-

1434 1666 1619 1725 tusque
1655 1663 1972 1714 communis!
2037 1668 2108 1717 Et
2150 1669 2303 1731 paulo
2348 1678 2485 1734 post,

1431 1738 1446 1766 ‘
1468 1738 1570 1789 Qui
1584 1738 1709 1789 fecit
1725 1741 1999 1802 homiuem,
2018 1742 2184 1807 ipsum
2201 1747 2354 1796 etiam
2372 1760 2483 1796 rec·

1432 1821 1537 1864 tum
1555 1830 1672 1866 eum
1685 1817 1864 1867 eodem
1880 1819 2044 1867 libero
2063 1822 2302 1882 arbitrio;
2321 1830 2482 1872 terre-

1429 1906 1553 1942 num
1567 1894 1769 1957 quidem
1786 1896 1989 1959 animal,
2002 1898 2091 1947 sed
2107 1900 2235 1948 coelo
2250 1899 2480 1962 dignum,

1431 1968 1473 2017 si
1496 1984 1587 2019 suo
1610 1972 1897 2022 cohaereret
1918 1973 2118 2023 auctori
2140 1989 2153 2022 z
2187 1974 2395 2024 miseria
2415 1972 2481 2023 si-

1431 2046 1625 2097 militer
1664 2049 1707 2097 si
1746 2064 1861 2099 eum
1912 2050 2178 2100 desereret
2221 2058 2479 2109 secutura,

1431 2124 1594 2185 qualis
1618 2131 1815 2174 naturae
1830 2126 2123 2190 hujusmodi
2142 2127 2479 2177 conveniret.'

1430 2200 1582 2251 Quod
1625 2210 1942 2263 postremum
1977 2205 2073 2254 hoc
2120 2204 2323 2254 videtur
2364 2205 2479 2253 loco

1429 2277 1664 2341 attigisse
1688 2279 1916 2328 Boe'tius.
1982 2281 2098 2331 Non
2122 2281 2281 2330 solum
2305 2288 2479 2331 autem

1431 2354 1696 2403 beatorum
1722 2356 1926 2417 coelum,
1953 2358 1969 2384 ⁴
1989 2357 2196 2406 Patria'
2232 2365 2288 2408 et
2306 2360 2321 2387 ‘
2338 2358 2477 2408 Civi-

1429 2437 1510 2481 tas
1528 2430 1542 2452 ’
1601 2430 1813 2495 dicitur,
1866 2431 1957 2481 sed
2012 2434 2169 2483 etiam
2202 2435 2215 2462 ‘
2240 2433 2477 2486 Domus!

1426 2508 1623 2556 Paulus
1649 2522 1710 2557 11.
1748 2509 1812 2556 ad
1839 2508 2071 2560 Corinth.
2106 2525 2219 2572 cap.
2245 2517 2293 2561 6.
2332 2512 2475 2561 <Sci-

1426 2598 1539 2632 mus
1560 2586 1695 2633 enim
1716 2602 1731 2645 ;
1766 2588 2004 2649 quoniam
2028 2587 2070 2634 si
2107 2588 2369 2635 terrestris
2388 2586 2477 2635 do·

1427 2673 1539 2709 mus
1562 2668 1739 2709 nostra
1762 2663 1907 2725 liujus
1929 2663 2262 2711 habitationis
2296 2662 2474 2713 dissol-

1428 2741 1597 2795 vatur,
1636 2736 1769 2800 quod
1818 2737 2213 2788 aedificationem
2250 2754 2316 2788 ex
2360 2740 2475 2788 Deo

1422 2810 1719 2873 habeamus,
1739 2813 1944 2861 domum
1980 2829 2080 2863 non
2108 2829 2258 2865 manu
2281 2813 2476 2864 factam

1424 2888 1514 2937 sed
1542 2892 1880 2952 aeternam-‚jin
1916 2892 2091 2942 eoelis:
2126 2907 2243 2941 nam
2281 2899 2337 2941 et
2376 2892 2473 2941 hoc

1425 2965 2205 3028 ingemiscimus,habitationem
2232 2976 2477 3029 nostram,

1424 3054 1537 3103 quae
1562 3040 1626 3089 de
1655 3043 1786 3091 coelo
1808 3051 1908 3103 est,
1946 3043 2245 3107 superindui
2265 3044 2474 3105 cupien-

1427 3116 1545 3167 tes!
1613 3118 1754 3167 Hinc
1793 3126 2044 3169 vorantur
2079 3121 2267 3182 EpheS.
2306 3132 2367 3168 ιι.
2414 3127 2474 3169 ut.

1423 3208 1584 3257 supra
1614 3202 1845 3245 notatum
1886 3203 1986 3260 est,
2026 3194 2181 3262 οἰκεῖοι
2213 3196 2301 3244 τοῦ
2340 3197 2475 3259 Θεοῦ,

1423 3271 1439 3297 ‘
1459 3270 1736 3319 domestici
1780 3270 1917 3320 Dei.'
1995 3272 2092 3322 Cui
2130 3271 2373 3321 convenit
2415 3277 2473 3322 et

1424 3347 1551 3396 illud
1574 3347 1710 3412 quod
1744 3363 1810 3397 ex
1835 3347 2119 3398 Aristotele
2142 3346 2304 3398 refert
2325 3347 2474 3397 Cice-

1424 3440 1481 3474 ro
1503 3426 1594 3476 lib.
1617 3439 1657 3476 1.
1691 3426 1757 3476 de
1776 3427 2009 3476 Divinat.
2031 3428 2194 3475 locum
2211 3427 2329 3490 quia
2352 3441 2471 3476 con·

1421 3503 1555 3553 trahi
1578 3518 1677 3552 non
1707 3510 1901 3567 potest,
1935 3504 2191 3568 integrum
2217 3503 2470 3556 dabimus.

1419 3577 1592 3629 ‘Quid
1628 3579 1872 3644 singulari
1913 3581 1991 3629 vir
2023 3581 2229 3644 iugenio
2272 3581 2472 3632 Aristo-

1423 3656 1555 3704 teles
1580 3663 1634 3707 et
1658 3671 1806 3720 paene
1824 3657 2036 3706 divino?
2100 3657 2287 3719 Ipsene
2310 3665 2472 3719 errat,

1421 3745 1484 3778 an
1510 3731 1619 3779 vult
1641 3732 1771 3780 alios
1793 3746 1964 3780 errare
1986 3746 2103 3780 cum
2125 3731 2329 3795 scribit,
2368 3734 2470 3783 Eu-

1419 3808 1625 3858 demum
1670 3809 1937 3873 Cyprium,
1972 3810 2276 3859 familiarem
2302 3824 2470 3874 suum,

1418 3884 1519 3934 iter
1539 3884 1591 3933 iu
1613 3886 1971 3936 Macedoniam
1984 3885 2256 3936 facientem
2275 3886 2475 3935 Pheras

1420 3962 1652 4011 venisse:
1685 3978 1802 4027 quae
1836 3970 1952 4014 erat
1982 3964 2102 4013 urbs
2127 3965 2181 4012 in
2201 3964 2472 4013 Thessalia

1416 4036 1529 4087 'tum
1555 4039 1829 4089 admodum
1866 4040 2067 4103 nobilis,
2088 4040 2151 4089 ab
2171 4039 2469 4089 Alexandro

1421 4123 1594 4165 autem
1622 4124 1836 4180 tyranno
1860 4117 2059 4167 erudeli
2090 4118 2351 4167 dominatu
2390 4124 2469 4165 te·

1419 4191 1678 4241 uebatur?
1743 4192 1806 4241 In
1856 4208 1917 4242 eo
1957 4194 2115 4256 igitur
2158 4193 2351 4256 oppido
2396 4190 2469 4239 ita

1417 4269 1649 4332 graviter
1670 4284 1865 4332 aegrum
1896 4271 2182 4319 Eudemum
2206 4268 2384 4325 fuisse,
2408 4273 2469 4316 ut.

1415 4360 1594 4396 omnes
1637 4346 1827 4397 medici
1865 4345 2191 4396 diffiderent:
2227 4345 2274 4394 ei
2305 4344 2468 4394 visum
