3049 4928
540 401 671 470 566
1225 409 1542 461 Norrrm
1593 410 2012 460 nuruum

618 585 705 643 Ex
732 585 834 644 Jo.
879 576 1114 641 Caesarii
1158 575 1586 657 recognitione,
1630 595 1769 635 cum
1796 575 1893 636 Jo.
1930 575 2238 636 ‘Murmelii
2266 576 2420 636 notis
2456 583 2520 637 et
2566 575 2711 636 Rod.

546 678 860 758 Agricolae,
909 681 1083 737 1535.

622 777 956 839 Editionem
1002 771 1185 832 Paris.
1232 769 1407 831 1568.
1440 777 1675 830 8..cum
1705 768 1886 828 Henr.
1928 768 2189 829 Cornelii
2237 767 2522 847 Agrippae
2567 786 2720 826 com·

544 871 849 945 menta'rio,
893 871 948 930 in
980 865 1361 928 Hendreichii
1386 865 1694 947 pandectis
1719 885 1857 945 pag.
1900 862 2042 928 622.
2086 866 2233 925 inter
2272 866 2416 925 alias
2445 865 2720 943 plurimas

545 980 940 1040 memoratam,
978 985 1094 1025 non
1118 964 1257 1025 vidi.
1339 965 1467 1025 Nec
1496 966 1813 1025 Jenensem
1843 962 1914 1023 B.
1956 963 2230 1024 Dilherro
2257 970 2503 1023 curante
2531 962 2726 1039 vulga-

544 1071 664 1126 tam
693 1067 824 1126 Jen.
861 1062 1035 1134 1639.
1085 1071 1177 1123 12.

625 1163 713 1221 Ex
739 1158 1040 1220 Theodor.
1067 1158 1379 1218 Pulmanni
1404 1158 1744 1221 recensione
1773 1158 1965 1238 Lugd.
2001 1165 2175 1218 1581.
2193 1156 2389 1217 forma
2412 1154 2637 1215 minore
2672 1162 2727 1214 et

546 1262 851 1335 Antwerp.
901 1263 1074 1326 1590.
1107 1264 1201 1317 12.
2406 1321 2411 1326 ‚

623 1354 770 1413 Post
798 1350 1105 1411 Pulmanni
1129 1352 1602 1413 emendationem
1645 1352 1841 1413 denuo
1867 1350 2157 1428 recogniti
2186 1352 2244 1410 hi
2270 1353 2402 1413 libri
2428 1355 2506 1415 ad
2537 1364 2727 1416 vetus-

546 1449 791 1508 tissimas
819 1431 1185 1509 membranas
1217 1449 1399 1509 Conr.
1422 1448 1796 1510 Rittershusii
1815 1450 1872 1509 J.
1891 1450 1964 1509 C.
1994 1448 2187 1526 Lugd.
2218 1450 2286 1508 B.
2316 1450 2474 1527 apud
2505 1452 2734 1530 Raphe·

546 1545 798 1624 leogium
837 1542 1011 1606 1601.
1056 1544 1245 1604 forma
1274 1544 1517 1606 minore.

624 1642 920 1702 Nonnulla
945 1661 1018 1701 ex
1049 1643 1195 1702 Mss.
1227 1642 1555 1703 Codicibus
1582 1642 1860 1704 emendat
1888 1642 2066 1721 Casp.
2101 1644 2375 1705 Barthius
2419 1645 2730 1704 Adversar.

542 1739 617 1796 V.
653 1736 747 1797 16.
777 1753 976 1798 xxvr.
1011 1746 1105 1798 13.
1148 1742 1266 1799 &c.
1310 1747 1480 1798 notas
1511 1739 1686 1798 etiam
1715 1739 1983 1817 promisit
2012 1754 2234 1799 van.
2282 1748 2381 1801 13.

627 1834 692 1892 In
722 1833 979 1893 editione
1010 1833 1241 1893 Boethii
1269 1853 1405 1894 cum
1436 1836 1594 1895 notis
1636 1834 1941 1895 Variorum
1971 1835 2202 1895 omissae
2244 1845 2383 1896 sunt
2415 1833 2734 1895 Sitzmanni

546 1939 606 1990 et
631 1929 843 1989 Vallini
887 1929 1075 2006 (quod
1105 1929 1311 1989 merito
1339 1950 1494 2008 aegre
1520 1930 1637 1991 fert
1666 1933 1727 1992 J.
1769 1930 2029 1991 Clericus
2056 1933 2137 1993 T.
2176 1931 2272 1993 16.
2305 1932 2458 1992 Bibl.
2486 1932 2733 1991 Selectae

547 2047 609 2105 p.
641 2026 807 2100 274.)
847 2025 1246 2103 praefationes.
1328 2026 1543 2087 Vallini
1569 2027 1757 2087 editio
1781 2047 1988 2087 recusa
2018 2028 2212 2108 Lugd.
2240 2028 2370 2088 But.
2411 2025 2592 2089 1668.
2625 2037 2682 2087 8.

629 2123 722 2182 De
762 2123 829 2181 P.
873 2123 1107 2201 Callyo‚
1140 2123 1240 2200 qui
1274 2122 1506 2183 Boethii
1540 2121 2020 2185 consolationem
2050 2123 2109 2182 in
2139 2144 2313 2185 usum
2351 2123 2644 2201 Delphini
2678 2120 2739 2180 il·

546 2218 834 2291 lustravit,
863 2218 998 2279 vide
1030 2221 1309 2279 Huetium
1336 2220 1489 2281 libro
1517 2229 1577 2280 4.
1608 2220 1683 2279 de
1714 2220 1836 2279 vita
1863 2239 1967 2280 sua
1997 2241 2058 2299 p.
2089 2230 2229 2283 228.

629 2317 716 2375 Μ.
762 2316 1026 2377 Mickelii
1054 2317 1430 2377 Conrectoris
1451 2318 1686 2378 Scholae
1710 2318 2149 2377 Arnstadiensis
2177 2318 2250 2376 ad
2283 2316 2573 2396 optimum
2617 2317 2735 2375 Ms.

548 2412 829 2491 castigata
857 2413 1141 2474 codicem
1168 2414 1457 2494 promissa
1484 2417 1560 2475 A.
1596 2419 1770 2485 1715.
1803 2416 1822 2442 ¹
1852 2414 2034 2475 editio
2064 2415 2320 2478 necdum
2354 2415 2501 2476 vidit
2527 2415 2743 2474 lucem.

629 2510 889 2570 Libellus
914 2512 1141 2572 Boethii
1170 2520 1189 2547 ‘
1212 2511 1373 2591 quod
1401 2513 1662 2574 Trinitas
1690 2512 1766 2572 sit
1796 2532 1943 2572 unus
1976 2515 2158 2584 Deus,
2208 2522 2270 2572 et
2294 2532 2409 2571 non
2439 2521 2563 2572 tres
2604 2508 2749 2578 Dii:

549 2626 621 2666 ex
650 2609 714 2668 S.
744 2604 1063 2686 Augustini
1112 2608 1187 2666 de
1213 2607 1507 2668 Trinitate
1546 2608 1740 2668 Libris
1785 2628 2061 2688 magnam
2088 2616 2318 2687 partem
2353 2607 2742 2668 concinnatus

550 2711 659 2775 est,
688 2712 749 2763 et
775 2703 1052 2765 laudatus
1083 2704 1400 2765 Hincmaro
1425 2707 1500 2765 T.
1535 2722 1582 2765 1.
1612 2727 1676 2785 p.
1707 2704 1848 2766 460.
1878 2715 2019 2775 474.

639 2800 1104 2862 Commentarius
1146 2801 1246 2880 qui
1290 2802 1351 2861 in
1381 2801 1543 2861 illum
1570 2801 1782 2860 librum
1812 2800 1995 2860 fertur
2034 2800 2215 2860 Bedae
2260 2800 2453 2860 editus
2490 2798 2751 2873 nornine,

552 2895 808 2956 Gilberti
834 2896 1084 2958 fortasse
1134 2897 1438 2957 Porretani
1485 2906 1599 2969 est,
1632 2896 1725 2956 vel
1767 2897 1975 2975 potius·
2012 2896 2343 2957 Eadmundi
2387 2897 2629 2967 Albani,
2676 2896 2749 2954 de

549 3012 675 3071 quo
699 2996 798 3054 Jo.
850 2994 1143 3054 Lelandus
1174 2993 1247 3054 de
1277 2994 1676 3073 Scriptoribus
1721 2994 2072 3054 Britannicis
2111 3013 2250 3073 pag.
2292 2993 2435 3055 316.
2477 2991 2753 3052 ‘Boethii

553 3091 665 3162 sui,
716 3090 957 3151 cultoris
1001 3089 1334 3161 coelestium
1378 3109 1590 3162 rerum,
1637 3089 1894 3149 libellum
1944 3091 2016 3149 de
2061 3089 2351 3149 Trinitate
2394 3088 2751 3166 elegantem,

553 3187 962 3266 conspicuum,
1014 3187 1326 3247 sublimem
1373 3185 1558 3256 illurn,
1606 3184 1903 3263 ejusmodi
1941 3183 2497 3244 commentariorum
2535 3201 2752 3262 genere

551 3283 888 3356 illustravit,
921 3292 986 3343 ut
1017 3284 1065 3342 si
1102 3303 1220 3343 non
1244 3282 1600 3362 eloquentia,
1616 3283 1843 3342 interim
1866 3292 2058 3342 tamen
2092 3281 2184 3340 vel
2212 3281 2523 3357 majestate
2544 3296 2750 3358 parem

555 3398 617 3438 se
648 3380 874 3439 Manlio
918 3380 1284 3441 ostenderit!
1378 3380 1548 3441 Alius
1590 3389 1681 3439 est
1707 3378 2010 3438 Porretani
2053 3378 2107 3436 in
2136 3378 2302 3444 hunc.
2324 3376 2539 3436 librum
2586 3394 2752 3434 com·

554 3477 868 3534 mentarins
904 3496 1081 3555 quem
1095 3478 1154 3535 in
1186 3476 1419 3537 Boethii
1445 3476 1721 3555 operibus
1754 3476 2119 3536 Basileenses
2148 3473 2484 3543 ediderunt,
2507 3471 2752 3531 damna·

555 3579 682 3630 tum
726 3571 786 3629 in
827 3572 1096 3632 Concilio
1147 3575 1424 3634 Remensi
1478 3578 1556 3634 A.
1609 3583 1790 3636 1148.
1833 3583 1891 3633 et
1939 3593 1976 3632 a
2007 3574 2069 3635 S.
2116 3569 2461 3632 Bernhardo
2514 3566 2752 3629 homilia

561 3670 770 3729 mcxx.
821 3667 879 3727 in
929 3669 1179 3729 Cantica
1205 3670 1644 3747 reprehensum.

639 3772 658 3799 ‘
683 3764 862 3834 Quod
907 3767 1101 3839 Pater,
1149 3766 1349 3838 Filius,
1400 3777 1461 3827 et
1510 3767 1767 3848 Spiritus
1815 3768 1879 3827 S.
1923 3764 1996 3825 de
2052 3763 2374 3824 Divinitate
2442 3781 2563 3821 non
2620 3759 2753 3819 sub·

555 3860 906 3922 stantialiter
951 3862 1377 3941 praedicentur'
1443 3863 1624 3924 Liber
1688 3862 1764 3923 ad
1823 3863 2172 3932 Johunnem,
2229 3859 2566 3919 Diaconum
2637 3855 2753 3914 Ro-

555 3976 815 4047 manum,
858 3969 1065 4037 postea
1094 3960 1248 4020 inter
1274 3959 1597 4020 Pontifices
1642 3959 1971 4020 Johannem
2002 3958 2050 4016 Ι.
2093 3963 2371 4014 memorat
2398 3953 2754 4013 Hincmarus

644 4150 663 4177 ¹
708 4151 877 4208 meuc
904 4149 1183 4217 {rituum
1207 4156 1313 4209 uun
1339 4153 1602 4219 animan
1628 4146 1842 4217 §athen
1870 4146 1946 4202 A.
1984 4149 2159 4210 1715.
2188 4157 2327 4219 pag.
2366 4137 2510 4204 367.
