3049 4928
537 417 667 485 164
1233 436 1545 490 non'rnn
1595 436 1693 485 ns
1742 437 2050 488 consor„

793 581 926 647 Sed
958 580 1246 666 quaesita
1270 600 1517 648 vorans
1550 600 1738 647 saeva
1767 583 2108 665 rapacitas

877 683 1080 751 Altos
1110 686 1349 771 pandit
1373 694 1424 735 ¹⁷
1467 685 1708 751 hiatus·

793 788 972 868 Quae
987 790 1132 873 jam
1158 790 1583 873 praecipitem
1614 789 1826 854 fraena
1852 789 2237 873 cupidinem

879 892 1083 958 Certo
1114 892 1244 957 fine
1272 897 1624 969 retentent,

794 995 1031 1079 Largis
1060 1017 1216 1061 cum
1244 996 1477 1079 potius
1504 994 1894 1059 muneribus
1923 993 2139 1059 fluens
2187 1015 2190 1020 ·

874 1101 1040 1165 Sitis
1071 1100 1361 1166 ardescit
1390 1097 1724 1162 habendi?

788 1202 1150 1288 Nunquam
1181 1203 1368 1268 dives
1399 1200 1619 1284 agit‚¹⁸
1640 1207 1677 1235 ¹⁷
1722 1200 1839 1284 qui
1866 1198 2170 1283 trepidus
2201 1216 2470 1279 gemens

869 1306 1036 1371 Sese
1068 1306 1284 1372 credit
1314 1311 1643 1387 egentem.

2652 791 2733 855 15

2647 1302 2732 1367 20

523 1475 825 1526 nihilominus
853 1484 963 1528 ante
1007 1478 1239 1544 acquisita
1257 1477 1406 1543 flocci
1435 1475 1722 1541 penduntur.
1792 1471 1924 1529 Quin
1961 1472 2199 1536 cupiditas
2236 1469 2456 1533 crudelis,
2487 1468 2731 1521 absumens

517 1547 679 1603 pareo,
693 1543 847 1606 aperit
866 1543 1123 1607 profundas
1141 1544 1410 1606 voragines.
1481 1542 1661 1596 Quales
1681 1553 1803 1589 nunc
1823 1538 2016 1587 habena·
2035 1537 2310 1587 contineant
2328 1535 2491 1585 stabili
2508 1537 2727 1598 termino,

520 1606 777 1656 avaritiam
798 1609 1189 1659 inconsideratam
1204 1626 1221 1658 .-
1255 1606 1619 1671 quandoquaiem
1656 1607 1801 1654 ardor
1845 1603 2048 1653 habendi
2090 1603 2260 1666 amplis
2299 1601 2436 1650 donis
2465 1602 2731 1650 cumulatus

518 1672 686 1720 crescit
706 1674 862 1735 mag-12³
890 1690 945 1722 ac
976 1674 1147 1736 mag-is.
1212 1669 1501 1735 Quicumque
1516 1670 1715 1734 pavidus
1735 1675 1781 1719 et
1803 1669 2049 1732 suspirans
2063 1682 2161 1717 sese
2184 1667 2429 1718 existimat
2453 1680 2727 1730 pauperent,

519 1734 598 1783 hic
619 1751 855 1800 nunquam
872 1738 990 1788 vicit
1011 1738 1157 1788 dives.

1443 1831 1504 1851 00
1511 1828 1809 1849 0000000000

588 1899 649 1945 17
679 1896 881 1947 Tbuan.
909 1897 1128 1962 primus,
1148 1897 1291 1948 Viet.
1315 1903 1554 1963 uterque,
1570 1902 1627 1945 et
1648 1896 1781 1959 Reg.
1818 1895 1956 1945 Alios
1969 1896 2287 1960 pandit.—18
2304 1893 2445 1942 Vict.
2465 1892 2728 1943 secundus

514 1962 644 2010 dives
663 1964 775 2011 erit.

1516 2042 1568 2093 N
1574 2041 1731 2092 01*AE

516 2153 620 2188 non
657 2140 835 2202 modo,
867 2139 959 2189 sed
1001 2139 1173 2191 verbis
1209 2140 1576 2204 cogitationem

518 2215 864 2266 referentibus
921 2218 1096 2267 Deum
1154 2218 1340 2281 saepius
1390 2219 1576 2279 rogetz‘

514 2306 677 2358 quare
716 2293 926 2344 virtutis
964 2292 1082 2355 fuit,
1115 2300 1172 2345 et
1214 2294 1424 2360 quidem
1457 2295 1577 2342 Deo

515 2369 857 2440 gratissimae;
887 2371 1023 2436 quod
1061 2371 1321 2436 Solomon,
1358 2372 1576 2434 optione

513 2442 764 2506 ejusmodi
786 2444 1036 2496 bonorum
1061 2445 1160 2497 sibi
1178 2447 1370 2509 delata,
1389 2446 1576 2497 iisdem

511 2522 788 2572 contemtis
819 2522 1128 2587 sapientiam
1152 2540 1183 2574 a
1205 2526 1324 2575 Deo
1357 2523 1577 2588 petierit

512 2611 599 2648 111.
623 2599 756 2663 Reg,
774 2613 890 2663 cap.
914 2605 964 2652 3.
984 2615 1142 2666 quare
1160 2601 1317 2651 etiam
1342 2601 1577 2651 Christus

509 2673 766 2723 Dominus
812 2676 1046 2739 pluribus
1088 2677 1407 2740 argumentis
1447 2677 1575 2727 illud

510 2747 826 2799 desiderium
867 2751 1108 2814 reprimit
1149 2754 1340 2804 Matth.
1361 2758 1410 2806 6.
1473 2753 1576 2803 ‘In

508 2832 623 2875 toto
643 2826 1217 2893 Evangelio‚'inquiunt
1236 2830 1574 2894 interpretes,

504 2904 520 2931 ‘
547 2904 714 2954 nullus
738 2905 893 2956 animi
912 2903 1131 2955 affectus
1150 2911 1296 2956 tanto
1316 2906 1487 2956 studio
1511 2921 1575 2956 ac

505 2987 589 3030 tot
619 2988 1037 3046 argumentorum
1070 2983 1320 3032 machinis
1344 2997 1374 3032 a
1396 2982 1573 3032 Chris-

505 3064 562 3106 to
584 3064 915 3122 oppugnatur
936 3065 992 3107 et
1012 3057 1282 3108 evellitur!
1333 3057 1409 3108 At
1432 3071 1576 3107 amor

502 3133 611 3198 ille,
633 3134 868 3201 adeoque
889 3135 1030 3184 bona
1063 3133 1384 3185 existimatio
1411 3133 1572 3182 homi-

502 3211 585 3261 nis
609 3210 663 3260 in
685 3211 897 3262 divitias
921 3217 977 3261 et
1004 3211 1305 3274 dignitates,
1327 3224 1432 3259 nou
1457 3225 1571 3260 ver-

502 3291 648 3334 satur
681 3285 777 3335 nisi
810 3286 951 3336 circa
989 3285 1244 3350 ejusmodi
1279 3285 1434 3348 bona,
1457 3301 1573 3351 quae

501 3360 727 3411 nondum
770 3361 1068 3412 habentur:
1117 3369 1390 3427 postquam
1429 3362 1570 3412 enim

499 3438 675 3500 homo,
696 3436 840 3488 facto
876 3439 1256 3504 experimento,
1277 3439 1442 3501 novit,
1458 3438 1571 3489 baec

498 3512 638 3562 bona
675 3527 869 3578 augere
914 3514 1104 3578 potius,
1139 3530 1295 3580 quam
1337 3515 1570 3565 minnere

495 3589 754 3652 miserias,
799 3590 977 3640 habita
1021 3591 1226 3654 temnit,
1263 3598 1566 3656 mutataque

494 3665 732 3728 subjecta
788 3681 894 3715 suae
940 3667 1339 3718 existimationis
1385 3670 1565 3735 suique

499 3744 689 3793 amoris
712 3744 949 3806 materia,
967 3744 1193 3796 nondum
1209 3747 1387 3797 habita
1409 3748 1565 3799 simili

498 3816 762 3868 desiderio
787 3818 1152 3885 prosequitur:
1190 3822 1206 3851 ‘
1228 3823 1301 3872 nil
1319 3823 1431 3887 jam
1451 3840 1569 3889 par-

495 3899 553 3942 ta
594 3892 878 3943 videntur.'
954 3894 1261 3950 Juvenalis:
1316 3901 1331 3929 ‘
1355 3901 1570 3952 Interea

495 3968 655 4031 pleno
669 3968 792 4019 dum
808 3971 999 4021 crescit
1014 3976 1252 4026 sacculus
1272 3991 1393 4039 aere,
1410 3978 1568 4028 Cres-

491 4043 570 4093 cit
611 4059 755 4096 amor
794 4049 1003 4112 nummi,
1041 4059 1293 4115 quantum
1329 4052 1441 4115 ipsa
1475 4056 1566 4114 pel-

497 4121 651 4171 cunia
701 4122 930 4173 crescit!
995 4125 1289 4190 Propterea
1333 4127 1570 4188 avaritia,

499 4211 616 4262 quae
660 4212 796 4250 nunc
838 4199 1030 4251 dicitur
1061 4201 1237 4252 ‘saeva
1275 4201 1568 4266 rapacitas‚’

1657 2137 1825 2188 instar
1843 2136 2112 2201 cujusdam
2147 2137 2363 2187 monstri
2394 2136 2729 2198 insatiabilis,

1660 2214 1965 2278 perhibetur
1985 2215 2001 2244 ‘
2019 2215 2241 2280 quaesita
2256 2228 2436 2263 vorare
2449 2213 2464 2235 '
2487 2221 2542 2263 et
2558 2213 2574 2241 ‘
2591 2213 2726 2262 altos

1655 2290 1827 2341 hiatus
1873 2290 2139 2355 pandere!
2228 2290 2523 2354 Propterea
2562 2289 2728 2339 etiam

1653 2366 1672 2396 ‘
1694 2368 1837 2417 nulla
1875 2366 2072 2418 fraena'
2104 2372 2325 2431 possunt
2354 2366 2369 2394 ‘
2391 2365 2726 2429 proecipitem

1657 2443 1954 2510 cupidinem
1979 2451 2124 2495 certo
2147 2443 2251 2494 fine
2269 2443 2497 2494 retinere
2517 2441 2551 2505 ;’
2585 2442 2724 2508 quod

1656 2521 1895 2571 nimirum
1921 2524 1937 2551 ‘
1959 2522 2074 2572 sitis
2097 2520 2324 2571 habendi
2346 2520 2576 2585 acceptis
2612 2534 2725 2570 mu·

1657 2599 1867 2648 neribus
1890 2613 2131 2649 crescens
2156 2595 2432 2647 ardescat.’

1721 2682 1755 2708 '¹
1777 2676 2036 2740 Nunquam
2070 2676 2203 2724 dives
2228 2673 2360 2737 agit]
2392 2673 2625 2721 Fortuna
2656 2686 2724 2720 ex

1656 2751 1810 2800 dictis
1849 2752 2029 2814 infert,
2065 2766 2174 2814 eos,
2211 2750 2300 2816 qui
2335 2749 2516 2799 haberi
2552 2750 2725 2798 solent

1658 2828 1870 2892 divites,
1921 2844 2105 2880 revera
2156 2829 2344 2879 divites
2398 2842 2502 2877 non
2542 2828 2722 2877 vivere

1656 2906 1701 2971 (ι
1724 2906 1913 2970 agere’
1946 2907 2084 2956 enim
2118 2906 2222 2969 bic,
2258 2911 2318 2954 ut
2353 2904 2494 2968 apud
2526 2905 2726 2954 Teren·

1655 2981 1803 3045 tium,
1828 2982 1966 3031 idem
1989 2988 2072 3033 est
2090 2981 2229 3047 quod
2261 2980 2277 3009 ‘
2296 2980 2470 3030 vivere
2483 2978 2524 3045 ’)
2560 2980 2724 3046 quod,

1654 3058 1846 3124 inquit,
1883 3059 2135 3123 ejusmodi
2167 3059 2334 3120 dives,
2369 3064 2722 3123 praeterquam

1655 3136 1791 3199 quod
1823 3138 1839 3165 ‘
1862 3150 1977 3187 sese
1998 3137 2170 3188 credit
2199 3135 2475 3200 egentem‚’
2508 3141 2563 3186 et
2593 3137 2610 3165 ‘
2628 3152 2719 3200 ge-

1653 3211 1782 3262 mit'
1828 3212 2040 3265 amissas
2081 3228 2227 3278 opes,
2275 3219 2333 3264 et
2384 3210 2721 3285 ‘timetss‘ne

1656 3295 1944 3353 praesentes
2000 3290 2246 3341 amittat:
2314 3290 2330 3316 ‘
2350 3287 2589 3351 trepidus
2634 3303 2728 3352 ge·

1654 3365 1837 3416 mens.’
1902 3365 1965 3415 Id
1990 3366 2134 3430 prius
2156 3369 2476 3429 exposuerat
2506 3363 2719 3413 Claudi-

1652 3455 1777 3491 anus
1803 3440 1938 3491 libro
1962 3456 2002 3492 1.
2024 3442 2076 3490 in
2100 3439 2236 3490 Rnff.
2272 3456 2351 3490 vs.
2373 3443 2491 3491 196.
2555 3441 2573 3468 ‘
2597 3441 2722 3493 Quo

1651 3530 1842 3566 vesane
1862 3517 2005 3566 ruis?
2029 3523 2209 3567 teneas
2231 3523 2509 3581 utrumque
2531 3515 2724 3567 licebit

1653 3591 1944 3654 Oceanum,
1983 3593 2128 3642 laxet
2170 3593 2352 3643 rutilos
2405 3591 2502 3643 tibi
2547 3593 2722 3656 Lydia

1650 3664 1844 3731 fontes,
1871 3667 2171 3731 Jungantur
2200 3668 2384 3717 solium
2408 3668 2588 3730 Croesi,
2611 3668 2720 3730 Cy·

1651 3743 1800 3808 rique
1838 3742 1987 3793 tiara.
2072 3744 2352 3809 Nunquam
2396 3743 2543 3794 dives
2585 3746 2719 3808 eris,

1651 3834 1910 3886 nunquam
1943 3819 2202 3871 satiabere
2236 3826 2457 3886 questu:
2491 3820 2720 3884 Semper

1650 3896 1803 3961 inops
1859 3897 2169 3962 quicumque
2230 3895 2416 3960 cupit!
2500 3895 2724 3948 Scilicet

1652 3990 1772 4025 cum
1796 3974 1959 4037 dives,
1981 3980 2041 4025 ut
2064 3974 2139 4024 ait
2154 3973 2324 4024 Varro
2347 3987 2428 4024 ιν.
2463 3973 2531 4023 de
2564 3974 2623 4022 L.
2648 3974 2718 4025 L.

1651 4064 1681 4098 a
1714 4050 1837 4100 divo
1859 4050 2085 4114 dicatur,
2102 4051 2190 4101 ille
2205 4056 2405 4101 tantum
2430 4049 2594 4113 dives,
2617 4051 2718 4114 qui

1652 4133 1892 4192 tanquam
1916 4127 2079 4191 Deus,
2102 4134 2159 4177 et
2200 4127 2314 4177 aliis
2351 4134 2409 4176 et
2440 4125 2540 4176 sibi
2576 4125 2720 4177 nihil

1647 4201 1886 4268 indigere
1903 4203 2125 4254 videtur.
