3049 4928
983 351 1430 402 PHILOSOPHl
1450 354 1505 400 AE
1556 349 1702 401 LlB.
1752 353 1797 400 Ι.

2364 340 2493 405 113

292 501 564 566 sceleris
628 519 873 587 poenas
933 484 1262 565 subimus,
1351 499 1439 566 Et
1485 498 1680 583 cujus
1739 518 2040 582 unquam
2087 500 2492 566 facinonsr¹

294 603 647 670 manifesta
677 603 1015 668 confessio
1046 604 1145 667 ita
1178 602 1446 688 Judices
1474 602 1710 668 habuit
1738 603 1804 666 in
1836 603 2188 689 severitate
2218 625 2492 670 concor-

293 707 472 786 deS‚¹¹¹
517 714 600 771 ut
645 727 775 771 non
821 706 1138 793 aliquos⁰
1182 718 1207 754 ⁹
1232 706 1340 771 vel
1369 707 1519 789 ipse
1551 706 1824 770 humani
1855 725 2033 771 error
2072 699 2342 792 insgenii,
2383 709 2496 774 vel

289 811 571 876 fortunae
594 810 896 875 conditio
920 810 1173 874 cunctis
1192 809 1588 874 mortalibus
1617 809 1871 875 incerta
1900 811 2386 877 summitteret?
2418 812 2495 877 Si

289 913 746 977 inflammare⁰
790 932 1021 978 sacras
1054 912 1235 978 aedes
1259 913 1581 990 voluisse,
1621 913 1680 977 si
1708 912 2090 979 sacerdotes
2135 915 2346 999 impio
2380 915 2494 1000 ju-

286 1017 516 1098 gulare
549 1016 794 1099 gladio,
833 1018 892 1080 si
923 1018 1114 1082 bonis
1146 1018 1461 1082 omnibus
1490 1037 1728 1082 necem
1752 1019 2081 1083 struxisse
2107 1018 2494 1097 diceremur,

288 1127 690 1201 praesentem
744 1127 968 1184 tamen
1013 1121 1345 1185 sententia
1396 1121 1801 1197 confessum,
1851 1122 2323 1185 convictumve
2371 1142 2505 1210 puff

351 1221 548 1287 sset.p
641 1222 842 1288 Nunc
896 1224 1278 1310 quingentis
1326 1223 1458 1289 fere
1509 1244 1830 1308 passuum
1878 1224 2219 1291 millibusq
2262 1226 2496 1308 procul

346 1425 376 1459 P
413 1418 668 1468 Granium
700 1420 898 1482 alicraejm
934 1422 1141 1472 sceleris.

1338 1430 1360 1462 ⁹
1402 1421 1468 1469 Ut
1489 1435 1549 1470 ne
1571 1434 1692 1469 unus
1708 1420 1894 1483 quidem
1913 1421 2066 1480 judex
2087 1438 2118 1470 a
2135 1421 2366 1470 communi
2385 1423 2497 1472 reli·

288 1495 481 1543 quorum
502 1486 759 1550 sententia,
782 1492 864 1536 aut
885 1487 1083 1537 hunuano
1104 1501 1281 1551 errore,
1302 1491 1387 1534 aut
1409 1486 1732 1536 misericordia
1753 1486 2025 1537 discederet.

1289 1599 1504 1651 NOTAE

348 1693 360 1726 ¹
399 1696 674 1762 Facinoris]
699 1699 1003 1751 Grandioris
1021 1700 1237 1764 alicujus
1251 1700 1352 1749 cri·

289 1772 441 1822 minis
468 1790 482 1823 ε
503 1775 520 1802 ‘
544 1772 771 1825 facinus’
789 1777 920 1827 enim
941 1778 1144 1828 averbo
1168 1777 1183 1805 ‘
1200 1774 1352 1825 facio’

293 1850 610 1900 deducitur:
652 1854 987 1917 quamobrem
1028 1860 1112 1904 est
1155 1853 1354 1916 insigne

289 1929 505 1994 aliquod
530 1928 753 1994 factum,
776 1931 886 1981 sive
909 1933 1097 1983 bonum
1122 1933 1230 1981 sive
1252 1946 1354 1981 ma-

286 2006 389 2054 lum
413 2022 425 2055 :
465 2006 519 2055 in
547 2006 733 2057 bonam
759 2008 967 2072 quidem
992 2017 1191 2073 partem
1224 2009 1357 2059 acci·

287 2082 433 2145 pitur
483 2097 515 2131 a
571 2084 821 2134 Sallustio
877 2086 929 2134 in
985 2086 1136 2135 Bello
1170 2085 1355 2149 Jugur.

286 2160 302 2185 ⁸
329 2158 544 2218 Multa,'
564 2159 754 2225 inquit,
772 2161 789 2189 ‘
809 2166 864 2210 et
886 2164 1143 2227 praeclara
1163 2164 1239 2212 rei
1263 2162 1356 2211 mi·

287 2235 459 2285 litaris
502 2234 743 2286 tacinora
775 2236 1024 2288 fecerat?
1075 2239 1128 2287 in
1170 2240 1356 2289 malam

289 2326 416 2362 vero
443 2327 475 2361 a
497 2313 675 2363 Tullio
701 2329 793 2364 111.
818 2314 975 2366 Offic.
996 2315 1013 2343 ‘
1033 2317 1099 2366 ab
1117 2316 1248 2378 hoc,’
1264 2317 1358 2381 ait,

288 2395 302 2419 ‘
318 2392 467 2440 nulla
492 2390 656 2456 fraus,
675 2393 873 2442 nullum
897 2392 1099 2443 facinus
1137 2394 1356 2444 aberit:’

289 2475 449 2533 atque
474 2469 576 2518 hoc
611 2469 793 2519 ultimo
837 2471 991 2521 modo
1042 2486 1180 2521 nunc
1222 2471 1356 2522 acei-

286 2547 450 2610 pitur.
836 2555 841 2560 ’

349 2631 385 2657 ¹¹²
418 2625 486 2672 Iu
530 2625 787 2674 severitate
820 2625 1091 2689 smerdes]
1123 2626 1359 2675 ‘Severi-

285 2701 382 2753 tas'
407 2703 627 2765 proprie
642 2701 838 2766 judicis
861 2710 958 2762 cst,
989 2710 1243 2769 quatenus
1275 2703 1360 2754 hic

285 2780 413 2828 nihil
438 2779 506 2828 de
532 2778 807 2843 supplicio,
827 2787 917 2831 aut
941 2781 1155 2830 levitate
1174 2785 1263 2829 aut
1284 2777 1357 2827 af-

288 2855 434 2907 fectu
459 2856 643 2919 animi,
674 2856 928 2916 remittit:
964 2864 1244 2922 propterea
1280 2870 1357 2904 se-

289 2933 506 2982 veritati
542 2938 600 2981 et
631 2931 860 2982 facilitas
903 2941 956 2983 et
1006 2934 1360 2985 misericordia

290 3016 635 3074 opponuntur
653 3027 665 3057 ε
703 3016 985 3074 propterea
997 3012 1180 3073 etiam,
1196 3012 1281 3077 qui
1306 3011 1359 3060 in

289 3103 382 3139 sua
399 3089 675 3138 sententia
708 3098 1005 3153 permanet,
1035 3090 1077 3140 is
1112 3106 1357 3155 perseve-

289 3179 409 3224 rare
446 3164 661 3216 dicitur.
730 3165 805 3216 At
836 3168 851 3194 ‘
871 3168 1179 3218 concordes’
1210 3169 1247 3218 ii
1270 3169 1360 3217 ha·

291 3242 505 3304 bentur,
540 3242 630 3307 qui
674 3242 814 3292 inter
865 3258 923 3294 se
967 3245 1360 3295 consentientes

293 3319 439 3367 unius
480 3317 728 3367 videntur
764 3333 877 3368 esse
915 3321 1105 3370 animi:
1146 3321 1281 3385 quod
1310 3337 1361 3370 e·

294 3394 419 3458 nim,
429 3392 615 3458 judice
645 3395 814 3444 Tullio
831 3411 869 3447 1.
889 3398 1040 3447 Tusc.
1058 3398 1360 3461 quibusdam

292 3470 307 3497 ⁸
326 3485 421 3520 cor
441 3472 613 3534 ipsum
644 3473 844 3522 animus
884 3470 1146 3537 videatur,
1172 3489 1240 3523 ex
1263 3476 1361 3525 boc

296 3547 573 3611 excordes,
594 3550 860 3613 vecordes,
874 3550 1266 3616 concordesque
1283 3551 1361 3600 di·

299 3623 524 3677 cuntur?
588 3627 677 3676 Sic
715 3628 864 3691 Virg.
910 3629 1024 3678 Ecl.
1068 3642 1150 3678 lv.
1173 3644 1247 3678 vs.
1277 3633 1361 3679 46.

295 3701 312 3726 ⁸
334 3702 483 3751 Talia
506 3703 688 3763 saecla,
709 3703 815 3751 suis
852 3704 1116 3766 dixerunt,
1146 3705 1365 3768 currite,

298 3775 423 3826 fusis
447 3778 748 3828 Concordes
788 3780 962 3829 stabili
999 3780 1227 3830 fatorum
1250 3782 1360 3831 Nu·

297 3857 440 3906 mine
461 3856 685 3907 Parcae!

362 3939 388 3965 ⁸
427 3934 496 3983 Ut
512 3950 607 3984 non
626 3934 831 4000 aliquos]
856 3936 1038 3987 Voluit
1060 3936 1263 3987 Auctor
1283 3936 1368 3986 hic

299 4015 488 4062 notare
529 4019 587 4062 et
621 4011 935 4063 facilitatem
974 4021 1032 4062 et
1076 4014 1367 4062 misericor-

303 4086 462 4148 diam,
485 4088 674 4154 quibus
695 4091 943 4140 severitas
957 4090 1154 4154 judicis
1177 4086 1369 4140 mutari

303 4170 498 4226 potest.
575 4166 825 4215 Facilitas
883 4167 1094 4231 quidem
1156 4172 1369 4216 notatur

1433 1714 1526 1749 sua
1550 1697 1875 1760 infirmitate,
1899 1699 2123 1749 errantis
2147 1698 2332 1761 instar,
2347 1698 2498 1748 modo

1434 1777 1718 1842 huc‚modo'
1729 1778 1853 1827 illuc
1868 1777 2175 1827 inclinatur:
2201 1790 2347 1826 error
2362 1776 2500 1824 enim

1438 1855 1653 1918 proprie
1675 1870 1854 1903 eorum
1874 1861 1972 1913 est,
1993 1854 2079 1917 qui
2101 1854 2198 1902 viae
2223 1852 2392 1916 ignari
2411 1866 2499 1901 ex-

1438 1938 1520 1982 tra
1543 1932 1841 1984 institutum
1866 1931 1967 1980 iter
2004 1928 2323 1980 deflectunt:
2362 1928 2501 1979 unde

1439 2009 1628 2073 Virgil.
1660 2025 1712 2059 v.
1739 2009 1855 2059 AEn.
1884 2024 1960 2058 vs.
1996 2013 2111 2058 690.
2179 2015 2192 2035 ‘
2216 2008 2369 2056 Mille
2404 2006 2503 2055 viis

1436 2087 1681 2137 habuisse
1705 2087 1899 2151 dolum,
1935 2102 2038 2151 qua
2075 2086 2223 2149 signa
2252 2083 2504 2149 sequendi

1437 2166 1668 2216 Falleret
1689 2165 2037 2229 indeprensus
2072 2171 2127 2213 et
2160 2160 2502 2211 irremeabilis

1438 2240 1621 2291 error?
1709 2240 2075 2290 Misericordia
2126 2253 2248 2288 vero
2293 2244 2503 2286 notatur

1439 2319 1454 2346 ‘
1482 2317 1707 2368 fortnuae
1731 2319 2029 2367 conditione
2049 2317 2251 2366 cunctis
2277 2315 2504 2364 mortaii-

1438 2395 1534 2445 bus
1557 2395 1757 2445 incerta
1780 2396 1816 2446 :’
1870 2412 1986 2445 nam
2033 2394 2391 2445 misericordia
2425 2398 2507 2442 est

1440 2471 1649 2523 affectio
1665 2473 1886 2523 hominis
1905 2473 2155 2523 adversas
2175 2471 2386 2520 alterius
2404 2484 2505 2532 res,

1442 2565 1533 2601 seu
1558 2566 1729 2614 casus,
1765 2551 1954 2616 quibus
1978 2556 2196 2614 propter
2231 2548 2503 2597 maximam

1442 2624 1668 2676 fortunae
1692 2626 2093 2676 inconstantiam
2119 2626 2228 2688 ipse
2250 2622 2505 2672 obnoxius

1443 2702 1531 2764 sit,
1549 2703 1790 2752 dolentis.

1506 2786 1531 2811 ⁰
1565 2779 1624 2828 Si
1646 2777 2082 2842 inflammat-estse]
2106 2776 2170 2845 In
2205 2790 2507 2825 enumeran-

1441 2855 1522 2904 dis
1543 2854 1824 2904 sceleribus
1838 2855 1951 2903 haec
1967 2853 2340 2903 crescitoratio
2358 2869 2370 2901 :
2391 2867 2507 2901 nam

1443 2946 1601 2995 grave
1626 2932 1818 2994 scelus,
1853 2933 1868 2960 ‘
1896 2929 2218 2981 inflammare
2237 2944 2412 2979 sacras
2439 2945 2508 2978 α».-

1442 3008 1536 3058 des
1552 3008 1584 3070 ς’
1621 3009 1844 3072 gravius,
1878 3007 2180 3058 sacerdotes
2207 3009 2221 3034 ‘
2242 3005 2402 3070 impio
2419 3005 2506 3066 ju-

1443 3088 1623 3151 gulare
1671 3087 1843 3150 gladio
1860 3086 1895 3148 ;'
1930 3084 2306 3149 gravissimum,
2327 3084 2341 3110 ‘
2362 3081 2510 3131 bonis

1442 3164 1677 3214 omnibus
1700 3178 1881 3212 necem
1898 3159 2189 3212 struxisse)

1506 3249 1533 3283 P
1565 3242 1863 3290 Proesentem
1883 3246 2040 3289 tamen
2068 3239 2306 3288 sententia
2326 3236 2508 3298 confes-

1441 3333 1564 3382 sum,
1599 3317 1917 3366 convictumve
1947 3314 2184 3380 punisset]
2225 3315 2397 3364 Homo
2427 3314 2512 3376 ju·

1444 3396 1549 3445 dex
1573 3395 1890 3445 sententiam
1928 3408 2029 3443 non
2053 3391 2176 3454 fert,
2202 3391 2301 3440 nisi
2337 3396 2513 3440 aucto·

1444 3474 1604 3523 ritate
1648 3473 1775 3537 Dei,
1808 3472 1958 3536 cujus
1981 3471 2123 3521 vices
2159 3470 2295 3534 agit:
2335 3482 2514 3532 quam-

1444 3549 1621 3598 obrem
1645 3549 1733 3598 ille
1778 3549 2093 3598 sententiam
2143 3547 2264 3596 Deo
2302 3544 2513 3607 diguam

1444 3624 1584 3677 ferat
1626 3640 1843 3676 necesse
1879 3631 1991 3675 est:
2028 3624 2169 3675 sicut
2203 3636 2329 3684 ergo
2365 3623 2514 3670 Deus

1444 3704 1705 3754 neminem
1731 3702 1829 3752 nisi
1845 3702 2142 3752 convictum
2166 3701 2378 3748 damnat
2399 3713 2412 3745 :
2439 3697 2515 3745 sic

1445 3782 1594 3832 homo
1633 3782 1831 3847 pariter
1874 3781 2132 3829 neminem
2167 3778 2269 3828 nisi
2313 3777 2519 3826 convic-

1448 3863 1559 3907 tum
1609 3858 1855 3907 damnare
1916 3857 2093 3906 debet.
2175 3854 2517 3906 convincitur

1449 3940 1622 3984 autem
1663 3948 1781 3983 reus
1819 3935 1903 3984 vel
1934 3948 2028 3982 sua
2062 3931 2404 3994 confessione,
2436 3929 2517 3978 vel

1449 4013 1565 4062 aliis
1608 4012 1937 4075 testimoniis,
1985 4011 2169 4076 quibus
2215 4007 2516 4058 satisfacere

1448 4090 1666 4155 nequit3
1701 4089 1839 4154 quod
1874 4103 1988 4138 cum
2032 4102 2134 4138 non
2182 4086 2346 4149 possit
2385 4081 2520 4142 fieri,

1449 4167 1550 4216 nisi
1596 4180 1686 4216 reo
1737 4173 2018 4232 praesente,
2069 4171 2354 4227 propterea
2397 4168 2516 4207 reus

304 4241 545 4291 ‘humani
570 4257 747 4292 errore
770 4242 1006 4307 ingenii,'
1030 4243 1167 4308 quod
1192 4243 1372 4293 innata
1444 4243 1690 4309 inprimis
1734 4241 1995 4302 citandus,
2055 4238 2247 4289 deinde
2295 4239 2518 4287 interro—

440 4325 612 4388 Delph.
633 4330 684 4373 et
704 4324 820 4373 Var.
838 4325 965 4376 Clas.

1321 4326 1500 4377 Bo'e'th.
2333 4319 2388 4368 Η
