3049 4928
652 463 961 512 ΒΟΕΤΗΙῙ
1013 461 1110 511 DE
1157 459 1466 511 CONSUL.
1509 461 1951 510 PHILOSOPH.
1998 462 2145 511 LIB·
2192 463 2239 510 1.

340 599 617 659 liothecar.
673 608 726 656 in
776 607 978 658 Joanne
1017 606 1067 656 1.
1112 613 1269 671 atque
1317 606 1406 657 alil

341 685 513 735 multi.
581 685 746 749 Cujus
767 683 903 733 filius
924 682 1046 747 fuit,

406 761 505 811 IV.
539 761 688 811 Anic-
729 761 886 811 Mane.
929 760 1144 811 severia.
1189 758 1408 822 Bo‘e’tias,

342 838 428 903 qui
454 853 587 902 puer
608 853 725 889 cnm
744 837 1053 902 Symmacho
1079 836 1245 886 fratre
1278 838 1410 888 item

343 929 503 979 puero
542 922 673 966 natu
710 915 921 980 majore,
961 914 1154 965 Consul
1185 912 1289 964 fnit
1325 928 1405 963 or-

341 993 571 1042 dinarius
617 1007 751 1042 anno
798 1004 983 1041 nxxn.
1038 991 1217 1042 Quem
1261 991 1406 1054 inge-

338 1069 425 1119 nio
448 1070 762 1119 excelluisse
785 1074 1034 1119 testatum
1066 1068 1157 1117 lib.
1177 1081 1240 1117 ιι.
1275 1068 1408 1118 Con·

342 1147 438 1196 sol.
460 1144 866 1195 modestissimus
892 1153 1043 1208 pater
1067 1144 1293 1209 reliquit.

404 1226 619 1274 Excons.
662 1222 805 1286 Oret]
839 1223 959 1273 Non
1000 1222 1218 1285 amplius
1251 1236 1405 1287 quam

339 1303 522 1366 semel,
566 1315 700 1351 anno
746 1300 992 1350 videlicet
1036 1314 1135 1350 nx·
1217 1301 1406 1365 Neque

340 1377 481 1426 enim
539 1375 715 1427 Boetii
767 1376 1066 1425 consulatus
1129 1374 1219 1425 ille
1285 1376 1403 1425 anni

340 1466 673 1504 cncxxxvn.
705 1454 871 1503 nostri
902 1452 1022 1515 fuit,
1050 1458 1110 1501 ut
1133 1451 1283 1501 multi
1316 1464 1405 1501 ex-

339 1529 659 1592 istimavere,
696 1529 787 1579 sed
822 1528 1009 1593 patris.
1075 1527 1201 1590 Ejus
1235 1540 1406 1592 neque

339 1608 455 1673 ipse
477 1608 729 1672 meminit,
765 1608 891 1657 data
925 1620 1029 1657 non
1059 1606 1220 1656 semel
1257 1620 1408 1655 occa·

342 1685 508 1743 sione,
526 1699 625 1734 nec
649 1685 970 1748 propinquus
985 1682 1270 1744 Ennodius‚
1292 1697 1407 1746 gra-

341 1763 542 1813 tulatus
569 1762 644 1812 illi
679 1761 746 1811 de
786 1762 940 1812 unico
980 1762 1094 1825 ejus
1128 1761 1407 1811 Consulatu

341 1839 465 1889 anni
512 1853 612 1889 nx.
659 1839 892 1903 longiore
950 1837 1205 1903 Epistola,
1258 1838 1407 1901 primi

342 1918 487 1968 illius
520 1919 817 1968 memoriam
855 1918 1045 1984 alioqui
1077 1931 1180 1967 non
1200 1918 1409 1967 omissu-

338 2011 449 2047 rus.

408 2074 623 2135 Exmug.
652 2072 783 2137 Off]
821 2073 1110 2122 Monuerat
1138 2072 1247 2135 jam
1285 2071 1406 2120 olim

343 2150 380 2202 J
385 2166 435 2201 o.
451 2151 760 2201 Bernartius
771 2150 891 2200 cod.
906 2150 1008 2199 Ms.
1020 2149 1271 2213 optimum
1284 2150 1408 2216 Ber·

338 2228 687 2290 chemianum,
709 2242 811 2292 quo
834 2242 957 2276 usus
979 2226 1173 2288 fuerat,
1197 2226 1405 2275 titulum

339 2308 481 2356 hunc
505 2307 819 2372 praetulisse,
839 2306 923 2355 cui
946 2320 1037 2354 nos
1056 2318 1260 2369 quoque
1284 2318 1405 2353 cou-

340 2383 542 2433 sentire
565 2385 786 2433 alterum
808 2381 1094 2441 Turianam,
1129 2387 1183 2428 et
1205 2380 1259 2428 S.
1285 2379 1406 2429 Vic-

341 2459 477 2509 toris
500 2458 625 2510 item
652 2458 890 2522 alterum,
926 2457 1139 2522 optimae
1173 2462 1311 2505 notae
1345 2455 1405 2504 li-

341 2536 467 2584 bros
493 2548 873 2599 permonemus.
898 2533 1190 2597 Fuitigitnr
1210 2530 1406 2594 Magis-

345 2621 435 2662 ter
467 2611 771 2664 officiorum
822 2611 1061 2673 Boetius,
1102 2616 1158 2660 et
1197 2609 1406 2674 quidem

347 2704 444 2742 suo
470 2690 698 2740 maximo
721 2690 875 2739 malo.
943 2687 1072 2737 Cum
1096 2685 1254 2748 enim,
1271 2685 1411 2734 inter

347 2775 547 2818 caetera
579 2767 730 2830 hujus
753 2765 1088 2830 magistratus
1110 2763 1306 2825 munia,
1329 2763 1409 2812 in·

344 2844 624 2895 cumberet
662 2843 737 2892 illi
769 2843 964 2891 aulicos
1003 2854 1094 2890 seu
1138 2839 1410 2889 Palatinos

344 2935 487 2987 pene
510 2934 689 2968 omnes
713 2917 981 2968 Officiales
1005 2931 1098 2966 seu
1122 2918 1412 2980 Ministros,

339 2997 787 3061 Fabricarumqne
806 3008 1060 3045 armorum
1084 3009 1182 3060 per
1203 2996 1410 3059 provin-

346 3078 459 3125 cias
484 3073 778 3123 Praefectos
808 3072 1069 3136 judicare,
1105 3080 1160 3122 et
1183 3073 1410 3138 querelis

345 3151 744 3218 provincialium
812 3150 1068 3214 acceptis,
1127 3149 1193 3199 de
1247 3150 1308 3200 iis
1344 3151 1411 3202 ad

346 3231 666 3295 principem,
687 3229 834 3292 enjus
868 3229 921 3277 in
947 3229 1064 3277 aula
1088 3227 1412 3290 versabatur,

344 3306 586 3368 refert-eg
636 3305 758 3355 dum
816 3304 1053 3369 aeqnitati
1097 3305 1280 3355 studet
1332 3307 1411 3355 vir

346 3384 789 3449 sapientissimus,
810 3381 1103 3432 Gothorum
1128 3381 1410 3431 aulicorum

346 3460 592 3526 potentia
614 3465 741 3509 tunc
765 3465 821 3508 et
842 3457 1087 3521 avaricia,
1110 3457 1165 3506 in
1199 3458 1410 3507 miseros

351 3538 520 3588 Italos
543 3535 886 3592 saevientium,
932 3535 1411 3598 sceleratorumque

347 3616 582 3666 omnium
606 3611 906 3662 inimicitias
930 3610 1166 3661 incurrit.
1233 3610 1413 3674 thue

345 3706 404 3741 se
429 3704 549 3739 eum
573 3689 933 3752 magistratum
953 3687 1173 3751 gessisse¹
1192 3687 1413 3735 invitum

344 3769 438 3819 lib.
463 3780 552 3818 111.
596 3766 803 3815 Consol.
825 3765 938 3828 ipse
960 3762 1142 3826 refert,
1164 3778 1281 3814 cum
1320 3764 1412 3813 ali·

349 3847 510 3911 oquin
534 3844 798 3894 recusanti
819 3857 977 3907 grave
1009 3842 1297 3907 periculum
1321 3842 1412 3890 im-

348 3924 606 3983 mineret;
643 3921 736 3984 ita,
758 3927 817 3970 ut
832 3934 895 3969 eo
911 3920 1121 3968 minime
1136 3920 1201 3968 ad
1221 3917 1414 3969 fastum

352 4007 444 4048 aut
489 3997 730 4062 injuriam
771 3996 1008 4046 functum
1054 4011 1109 4046 se
1155 3997 1417 4061 ostendat,

346 4088 463 4140 quae
489 4088 642 4123 carisa
664 4087 764 4121 non
791 4074 1067 4123 recusandi
1089 4074 1205 4138 ejus
1236 4073 1414 4138 fuerit,

348 4152 423 4200 sic
471 4150 564 4199 lib.
609 4163 648 4199 1.
691 4149 979 4213 subjungit,
1027 4150 1413 4214 Philosophiam

351 4227 712 4291 compellans:
746 4228 762 4257 ‘
780 4227 942 4291 Atqui
966 4232 1025 4276 tu
1047 4227 1183 4277 hanc'
1205 4235 1413 4278 senten-

351 4307 478 4355 tiam
529 4305 769 4353 Platonis
807 4316 897 4352 ore
941 4304 1178 4367 sanxisti,
1222 4305 1416 4354 Beatas

351 4381 469 4431 fore
506 4381 850 4443 respublicae,
883 4380 925 4428 si
961 4394 1046 4430 eas
1078 4381 1161 4429 vel
1199 4381 1415 4431 studiosi

2411 446 2545 513 423

1484 605 1757 670 sapientias
1784 612 2047 671 regerent,
2086 608 2169 658 vel
2214 622 2394 658 earnm
2429 611 2542 660 rec-

1486 688 1627 734 tores
1670 683 1883 734 studere
1918 686 2188 749 sapientie
2218 686 2545 749 contigisset.

1481 760 1560 809 Tu
1579 759 1814 826 ejusdem
1840 761 1937 811 viri
1959 775 2049 812 ore
2061 763 2195 813 hanc
2220 762 2541 826 sapientibus

1482 838 1820 902 capessendas
1857 839 2012 904 Reip.
2053 841 2396 890 necessariam
2420 855 2542 891 can·

1482 930 1591 965 sem
1626 929 1741 966 esse
1783 916 2043 981 monuisti,
2078 931 2145 966 ne
2170 916 2418 981 improbis
2449 915 2544 966 fla-

1483 993 1787 1059 gitiosisque
1836 993 2056 1057 civibus,
2118 993 2321 1043 urbium
2358 993 2545 1044 relicta

1481 1069 1850 1132 gubernacula,
1868 1077 2070 1134 pestem
2094 1070 2242 1120 bonis
2278 1085 2339 1119 ac
2364 1071 2540 1135 perni-

1482 1146 1616 1197 ciem
1639 1146 1917 1200 inferrent.
1984 1150 2135 1200 Hanc
2166 1150 2330 1214 igitur
2363 1155 2541 1198 aucto-

1481 1225 1691 1273 ritatem
1715 1232 1944 1289 secutus,
1975 1225 2114 1291 quod
2154 1241 2186 1275 a
2218 1233 2271 1276 te
2293 1226 2430 1276 inter
2464 1239 2544 1274 se·

1481 1308 1628 1351 creta
1670 1302 1778 1351 otia
1817 1301 2123 1364 didiceram,
2162 1299 2446 1351 transferre
2487 1301 2541 1349 in

1481 1387 1655 1428 actum
1693 1380 1919 1442 publicae
1955 1378 2418 1430 administrationis
2453 1392 2542 1441 op·

1481 1459 1611 1508 tavi.
1676 1460 1754 1507 Tu
1777 1457 1921 1520 mihi,
1945 1466 2018 1517 et,
2040 1456 2128 1522 qni
2151 1464 2205 1505 te
2229 1454 2542 1518 sapientium

1480 1534 1745 1585 mentibus
1763 1535 2001 1597 inseruit,
2024 1535 2187 1596 Deus,
2203 1531 2415 1593 conscii,
2434 1531 2547 1581 nul-

1481 1613 1585 1661 lum
1625 1627 1707 1662 me
1746 1611 1814 1661 ad
1848 1612 2232 1675 magistratum,
2265 1608 2363 1658 nisi
2403 1623 2543 1657 com-

1482 1703 1635 1737 mune
1661 1688 1912 1738 bonorum
1936 1687 2165 1737 omnium
2187 1684 2436 1746 studium,
2458 1684 2545 1734 de·

1482 1765 1695 1815 tulisse:
1755 1766 1878 1815 inde
1923 1780 2042 1815 cum
2077 1762 2326 1829 improbis
2360 1776 2545 1826 graves

1479 1842 1931 1908 inexorabilesque
1968 1841 2267 1904 discordiae,
2290 1846 2365 1904 et,
2403 1838 2543 1904 quod

1483 1923 1824 1973 conscientiae
1841 1922 2060 1972 libertas
2080 1920 2257 1984 habet,
2276 1932 2375 1984 pro
2396 1923 2544 1967 tuen·

1483 1998 1553 2048 do
1578 2000 1699 2063 jure
1742 2007 1921 2063 spreta
1953 2011 2156 2061 semper
2190 1995 2545 2058 potentiorum

1483 2075 1736 2128 offensio!
1803 2078 1935 2129 Quae
1955 2077 2127 2126 omnia
2142 2074 2278 2124 haud
2300 2073 2458 2123 dubie
2480 2086 2544 2122 eo

1480 2154 1791 2217 magistratu
1814 2154 1905 2204 abs
1926 2168 1981 2202 se
2003 2152 2151 2202 facta
2172 2149 2333 2201 fuisse
2347 2149 2544 2210 innuit3

1483 2231 1916 2296 Adjntoremqne‚
1940 2231 2017 2281 sic
2054 2230 2191 2280 enim
2233 2227 2546 2291 vocabatur,

1481 2309 1570 2372 qni
1596 2323 1659 2357 eo
1676 2309 1894 2360 absente
1902 2303 2180 2372 judicabat
2198 2310 2254 2355 et
2258 2305 2346 2370 jus
2370 2304 2544 2354 dicen·

1484 2386 1526 2435 ti
1566 2386 1768 2448 aderat,
1800 2384 1898 2435 sibi
1936 2382 2097 2433 fuisse
2126 2384 2177 2431 in
2218 2395 2283 2431 eo
2315 2383 2548 2430 Decora-

1484 2471 1613 2524 tum,
1649 2461 2014 2528 nequissimum
2056 2458 2314 2510 homiuem
2347 2458 2437 2508 lib.
2458 2471 2544 2508 m.

1483 2540 1838 2604 conqueritur.
1906 2538 1989 2588 De
2013 2550 2115 2601 quo
2149 2551 2213 2586 eo
2234 2535 2353 2585 ioci.
2422 2535 2547 2584 Non

1484 2614 1646 2679 igitur
1689 2613 1969 2664 absurdum
2015 2611 2241 2662 fortasse
2286 2609 2469 2671 fuerit,
2504 2610 2547 2658 si

1482 2691 1593 2756 quis
1615 2704 1774 2754 supra
1810 2705 1908 2755 pro
1946 2689 2125 2741 nauum
2161 2702 2237 2737 me
2272 2690 2336 2736 ud
2360 2687 2549 2749 Magis-

1485 2774 1665 2819 tratum
1687 2775 1927 2833 reponat,
1946 2769 2127 2818 nullum
2143 2781 2217 2816 me
2228 2767 2290 2815 ad
2309 2765 2546 2828 Magiste-

1482 2847 1695 2896 riotum:
1731 2853 1791 2896 ut
1812 2850 1869 2895 et
1888 2845 1980 2894 lib.
2004 2857 2092 2892 ιιι.
2122 2857 2288 2904 gerere
2311 2842 2549 2904 Magiste-

1483 2924 1681 2973 riatum.
1769 2922 1847 2972 Ea
1909 2920 2044 2970 enim
2091 2918 2320 2983 dignitas
2358 2917 2547 2980 passim

1483 3000 1807 3064 Magisteria,
1845 2996 2259 3062 Magisteriatus,
2296 2993 2548 3058 Magiste-

1485 3079 1618 3127 rium
1639 3093 1655 3139 3
1692 3084 1746 3126 et
1772 3076 1857 3140 qni
1876 3073 2030 3138 geri—t,
2045 3071 2304 3136 Magister
2317 3070 2550 3135 appella·

1487 3160 1591 3204 tur.

1560 3228 1790 3292 Patricii]
1816 3230 1891 3278 Ut
1910 3226 2106 3276 diserte
2130 3222 2354 3273 affirmat
2377 3224 2549 3272 Enno-

1483 3309 1599 3358 dius
1624 3304 1888 3358 Paraeuesi
1908 3301 2245 3363 didascalica,
2265 3305 2281 3329 ‘
2300 3303 2396 3350 Est
2412 3299 2548 3350 Boe‘·

1487 3387 1594 3436 tius
1632 3383 1915 3445 Patricius,
1952 3382 2002 3430 in
2043 3395 2145 3445 quo
2182 3380 2271 3428 vix
2314 3378 2547 3427 discendi

1485 3477 1647 3512 anuos
1675 3460 1913 3523 respicis,
1933 3464 1989 3507 et
2023 3457 2272 3519 intelligis
2306 3455 2549 3519 peritiam

1483 3537 1725 3589 sufficere
1759 3538 1867 3601 jam
1894 3533 2153 3583 docendi.⁹
2217 3532 2286 3581 Et
2321 3533 2434 3596 ipse
2462 3531 2550 3581 lib.

1485 3629 1548 3664 ιι.
1580 3616 1799 3664 innuere
1837 3611 2046 3662 videtur
2071 3610 2191 3659 dum
2230 3610 2331 3670 ait;
2369 3608 2551 3657 ‘Pru--

1484 3699 1652 3754 tereo,
1673 3689 1806 3739 libet
1837 3689 1973 3739 enim
2013 3686 2283 3750 praeterire
2322 3699 2551 3735 commu·

1483 3768 1591 3830 nia,
1616 3772 1848 3829 sumptas
1882 3765 1937 3815 in
1959 3762 2312 3812 adolescentia
2333 3769 2550 3825 negatas

1487 3843 1696 3893 senibus
1741 3838 2057 3904 dignitates?
2148 3837 2302 3891 Quod
2368 3851 2549 3886 omnes

1488 3928 1696 3970 veteres
1719 3917 1838 3967 libri
1861 3913 2186 3965 confirmant.
2227 3912 2398 3963 Vallia.

1537 3994 1755 4046 Seuer-ivd
1777 3992 1997 4054 Roma]
2030 3992 2267 4041 Manuss,
2288 3988 2546 4054 ἐπιγραφὴ,

1487 4081 1549 4124 ut
1565 4080 1747 4123 exerte
1786 4070 1951 4120 demi-t
1973 4070 2100 4119 illud
2123 4067 2183 4116 τὸ
2206 4069 2450 4130 Torquati,
2474 4068 2550 4116 ita

1488 4150 1720 4200 disertim
1763 4147 1910 4198 addit
1949 4146 2231 4196 Exconsulis
2250 4144 2483 4192 ordinarii
2504 4148 2551 4191 et

1493 4226 1738 4276 Patriciir
1786 4223 1912 4289 quin
1975 4220 2378 4272 Berchemianus
2416 4221 2551 4282 opti-

1490 4317 1603 4352 mus
1627 4301 1795 4351 codex
1823 4296 2060 4362 praefert,
2099 4298 2306 4346 Excons.
2335 4295 2548 4344 ordinar.

1493 4381 1708 4441 Exmag.
1734 4377 1870 4442 Offio.
1905 4380 2045 4437 atque
2068 4373 2295 4423 Patricii.
2356 4372 2552 4423 Notum
