3049 4928
550 414 854 462 BOE'I'HII
906 413 1003 464 DE
1053 413 1362 463 coNSOJ„
1411 413 1858 463 PfflLoSoPH.
1907 417 2051 466 Lus.
2102 416 2211 465 111.

293 557 513 620 hominm
544 557 657 622 sed,
688 555 826 625 quod
860 558 1138 608 dolendum
1179 563 1277 621 est,
1310 556 1342 618 ἡ

294 637 453 688 σκοτία
486 638 601 688 αὐτὸ
638 639 693 688 οὔ
734 635 1016 701 κατέλαβεν,
1068 638 1083 665 ‘
1107 638 1337 687 tenebrae

295 731 400 767 enm
435 731 533 766 uon
572 716 1076 781 comprehenderunt
1092 715 1123 765 :'
1155 721 1341 780 quotus

293 795 422 842 enim
477 794 691 859 quisque
749 795 848 842 hoc
906 792 1178 856 agnoscit?
1232 792 1343 857 quis

296 872 423 921 enim
460 886 515 921 es
554 872 702 921 homo
741 872 903 935 bulla,
936 871 1024 936 qui
1064 884 1201 919 nunc
1239 882 1344 918 non

295 962 425 1010 eras,
457 948 546 997 vix
573 948 686 1013 jam
708 963 784 1011 es,
817 961 934 997 mox
964 960 1066 996 non
1095 946 1215 1009 eris,
1246 945 1343 995 nisi

295 1038 385 1078 our
419 1037 513 1074 esa·
545 1026 821 1075 abeuntem
857 1024 910 1074 in
944 1024 1155 1073 nihilum
1198 1030 1342 1072 tuum

295 1102 602 1151 sustineret?
685 1103 814 1152 Cum
858 1102 1157 1151 Ciceronem
1196 1099 1344 1150 audis

295 1186 605 1230 asserentem
631 1179 647 1206 ‘
668 1193 778 1227 esse
798 1180 852 1227 in
876 1178 1058 1227 animis
1075 1178 1223 1242 quasi
1248 1177 1346 1226 vir-

297 1263 454 1322 tutum
475 1256 728 1319 igniculos
753 1262 808 1306 et
829 1258 1055 1306 semina:
1084 1271 1200 1319 quae
1226 1255 1345 1305 ado·

293 1333 483 1383 lescere
503 1335 547 1383 si
580 1335 784 1396 liceret,
818 1347 916 1383 nec
952 1347 983 1381 a
1023 1331 1200 1395 pravis
1234 1332 1345 1395 opi-

295 1411 519 1460 nionibus
563 1425 656 1461 sen
691 1410 853 1474 spinis
896 1409 1345 1459 succrescentibus

297 1485 687 1549 suffocarentur,
733 1486 849 1549 ipsa
887 1499 981 1536 nos
1025 1486 1092 1535 ed
1140 1486 1346 1535 beatam

298 1565 446 1614 vitam
498 1565 849 1629 perducerent
867 1564 901 1613 :’
956 1575 1059 1613 non
1112 1564 1348 1627 agnoscis

295 1645 456 1695 lumen
480 1646 609 1695 iilud
634 1644 956 1695 descendens
980 1659 1011 1695 a
1035 1650 1186 1709 patre
1204 1643 1349 1694 lumi·

296 1724 443 1772 num?
485 1723 664 1773 Vallia.

354 1799 550 1863 δοκέει]
581 1801 681 1849 Est
703 1797 839 1848 enim
859 1801 1007 1848 Deus
1029 1798 1144 1863 ipsa
1165 1798 1348 1848 eadem

296 1878 560 1941 snpientia,
594 1877 830 1938 scientis,
863 1876 1085 1938 bonitas,
1126 1875 1349 1936 veritas3

295 1955 474 2018 quibus
497 1956 560 2003 nd
587 1952 810 2004 eundern
836 1953 1003 2015 ipsum
1028 1951 1349 2015 pervenitur.

297 2030 446 2080 Philo
469 2030 556 2081 lib.
580 2029 657 2079 ὅτι
675 2028 904 2092 ἄτρεπτον
917 2028 975 2077 τὸ
996 2031 1132 2077 θεῖον.
1198 2025 1351 2076 Korre-

300 2112 447 2172 φθειρε
484 2109 622 2157 πᾶσα
658 2107 774 2170 σὰρξ
813 2105 905 2164 τὴν
935 2106 1024 2154 τοῦ
1062 2103 1242 2154 αἰωνίου
1273 2104 1353 2153 καὶ

298 2184 527 2252 ἄφθαρτον
565 2184 758 2235 τελείαν
808 2183 915 2233 ὁδὸν
952 2182 1042 2242 τὴν
1078 2183 1193 2248 πρὸς
1248 2182 1353 2232 θεὸν

297 2261 514 2323 ἄγουσαν.
550 2260 732 2321 ταύτην
773 2263 868 2310 root
917 2258 1105 2322 σοφίαν.
1152 2259 1230 2308 διὰ
1261 2258 1355 2323 ’γὰρ

294 2338 464 2398 ταύτης
503 2342 530 2388 ὁ
573 2340 683 2389 νοῦς
721 2336 1137 2398 ποδηγετούμενος,
1179 2335 1355 2386 εὐθείας

298 2414 369 2466 καὶ
387 2416 630 2483 λεωφόρου
658 2413 974 2480 ὑπαρχούσης,
993 2413 1106 2479 ἄχρι
1134 2415 1230 2462 τῶν
1249 2431 1353 2478 τερ·

296 2494 449 2554 μιίτων
467 2496 746 2561 ἀφικνεῖται.
779 2494 840 2542 τὸ
870 2492 920 2542 δὲ
956 2491 1103 2557 τέρμα
1122 2495 1208 2551 τῆς
1229 2492 1354 2553 ὁδοῦ,

297 2572 463 2632 ’γνῦσίς
499 2574 608 2622 ἐστι
644 2571 722 2620 καὶ
756 2570 990 2631 ἐπιστήμη
1026 2571 1144 2620 θεοῦ.
1176 2567 1358 2627 ταύτην

298 2650 383 2708 τὴν
402 2651 614 2715 ἀτραπὸν
647 2651 780 2709 μισεῖ
809 2647 885 2697 καὶ
920 2645 1241 2711 προβέβληται
1279 2644 1358 2694 καὶ

299 2727 490 2791 φθείρειν
512 2728 739 2790 ἐπιχειρεῖ
756 2726 848 2776 πᾶς
877 2726 903 2772 ὁ
930 2726 1110 2789 σαρκῶν
1144 2723 1354 2785 ἑταῖροςε

297 2807 315 2832 ⁴
334 2805 580 2869 Corrupit
599 2804 762 2852 omnis
781 2818 902 2852 caro
921 2801 1054 2850 iliius
1070 2799 1359 2863 incorrupti

300 2882 581 2947 aeterniquc
605 2879 890 2944 perfectam
917 2880 1049 2927 viam
1074 2891 1188 2942 quae
1213 2877 1361 2926 ducit

301 2958 362 3007 ad
401 2961 602 3009 Deum:
651 2958 780 3006 hanc
819 2956 952 3006 scito
995 2968 1109 3004 esse
1157 2955 1361 3016 sapien-

302 3034 442 3085 tiam.
491 3035 613 3084 Hac
631 3034 767 3081 enim
786 3032 1097 3094 deducente,
1121 3039 1267 3079 recta
1290 3028 1361 3078 ni-

300 3113 480 3160 mirum
504 3118 562 3161 et
584 3109 810 3173 publica,
840 3110 1137 3158 intellectus
1161 3108 1224 3156 sd
1250 3107 1367 3156 des-

304 3190 520 3239 tinatum
565 3187 720 3237 finem
763 3188 1031 3251 pervenit:
1063 3194 1144 3236 est
1189 3193 1362 3235 autem

300 3265 416 3314 finis
440 3273 685 3328 metaque
725 3263 873 3328 hujus
909 3262 1029 3323 viae,
1064 3261 1281 3311 scientia
1310 3270 1365 3312 et

303 3343 529 3406 cognitio
551 3341 675 3392 Dei.
707 3341 837 3390 hanc
859 3342 1091 3389 semitam
1114 3338 1245 3399 odit,
1279 3353 1365 3387 ca-

307 3420 588 3468 lumniatur
632 3424 687 3466 et
749 3430 1082 3478 corrumpere
1148 3423 1367 3463 conatur

305 3496 537 3560 quisquis
562 3494 731 3544 carnis
757 3494 951 3542 amicus
974 3493 1089 3541 est!
1134 3492 1240 3540 Ista
1259 3492 1366 3540 He-

306 3572 492 3632 braeus,
525 3571 625 3621 hoc
657 3585 781 3620 vero
800 3571 1033 3620 ethnicus
1069 3568 1160 3618 sed
1197 3569 1367 3618 Chris·

308 3650 467 3713 tinne,
525 3649 779 3700 Arrianus
845 3662 1032 3710 nempe
1092 3660 1157 3695 ex
1195 3652 1369 3694 mente

308 3728 544 3791 Epicteti
579 3727 670 3776 lib.
703 3741 768 3776 11.
816 3738 931 3789 cap.
960 3729 1038 3774 16.
1087 3723 1157 3773 Τὰ
1195 3723 1373 3771 σαυτοῦ

306 3801 507 3867 κάθαρον
543 3799 681 3853 κακά.
716 3802 927 3850 ἐντεῦθεν
959 3801 1014 3849 ἐκ
1048 3801 1137 3858 τῆς
1174 3799 1372 3848 διανοίας

309 3879 484 3938 ἔκβαλε
504 3880 680 3946 λύπην,
702 3881 870 3944 φόβον,
910 3879 1165 3941 ἐπιθυμίαν,
1191 3876 1372 3941 φθόνον,

310 3958 699 4023 ἐπιχαιρεκακίαν,
749 3955 1071 4022 φιλαργυρίαν,
1121 3956 1372 4021 μαλακίαν,

310 4038 553 4101 ἀκρασίαν·
585 4041 736 4089 ταῦτα
774 4040 813 4088 δ’
833 4041 931 4091 οὐκ
964 4038 1094 4089 ἔστιν
1114 4039 1273 4090 ἄλλως
1296 4040 1370 4089 ἐκ-

311 4118 492 4175 βαλεῖν,
512 4115 551 4164 εῖ
568 4116 633 4178 μὴ
653 4117 766 4182 πρὸς
780 4115 920 4178 μόνον
937 4115 1024 4166 τὸν
1040 4116 1143 4166 θεὸν
1164 4115 1373 4175 ἀποβλέ-

313 4211 482 4256 ποντα,
508 4195 664 4256 ἐκείνῳ
700 4194 823 4256 μόνῳ
853 4194 1253 4259 προσπεπονθότα,
1276 4198 1374 4245 τοῖς

315 4269 489 4319 ἐκείνου
502 4269 829 4335 προστάγμασι
843 4271 1209 4333 καθωσιωμένονι
1234 4273 1249 4299 ‘
1264 4274 1375 4321 Tua

314 4347 476 4410 ipsius
499 4350 631 4398 mals
656 4357 907 4413 purgato:
947 4364 1012 4398 ex
1047 4350 1217 4398 animo
1240 4349 1374 4413 ejice

443 4431 619 4494 Delph.
643 4437 689 4480 et
714 4431 828 4481 Var.
850 4432 976 4481 Clas.

1337 4432 1508 4480 Bo'e'th.

2345 401 2475 467 513

1420 558 1667 623 dolorem,
1690 558 1944 625 timorem,
1967 561 2327 626 cupiditatem,
2347 562 2479 612 iuvi·

1417 636 1576 700 dism,
1592 638 2022 702 malevolentiam,
2047 639 2334 703 avaritiam,
2356 642 2483 690 moi-

1417 713 1603 777 litiem,
1634 715 2103 779 intemperantiam.
2176 716 2307 766 Hoec
2352 731 2476 766 vero

1417 791 1571 840 aliter
1592 791 1710 855 eJici
1729 804 1830 841 non
1855 797 2088 855 possunt,
2103 791 2202 840 nisi
2221 791 2287 841 ad
2311 793 2476 842 solum

1420 868 1668 932 respicias
1694 869 1881 929 Deum,
1916 868 2069 932 eique
2091 868 2184 918 soli
2207 868 2277 917 sis
2300 867 2479 917 addic-

1420 953 1527 1007 tus,
1581 952 1638 995 et
1687 944 1821 995 illius
1882 944 2137 996 mandatis
2192 945 2425 997 initiatus
2443 944 2477 994 :’

1420 1037 1636 1088 quorum
1660 1024 2022 1075 observatione
2039 1025 2106 1076 sd
2126 1027 2346 1077 eundem
2368 1040 2484 1089 per-

1421 1102 1614 1150 venias.
1650 1102 1803 1167 Idem.

1487 1175 1779 1245 Geometroe]
1800 1181 2118 1231 Geometriae
2139 1195 2286 1231 nsum
2303 1187 2360 1231 et
2378 1182 2483 1229 isu-

1420 1256 1514 1307 des
1537 1257 1694 1307 habes
1716 1259 1854 1321 apud
1878 1259 2110 1308 Cassiod.
2134 1272 2223 1308 111.
2258 1258 2380 1308 Ver.
2400 1263 2481 1308 52.

1421 1335 1593 1385 Sitzm.

1487 1411 1601 1462 Sive
1621 1413 1923 1463 corollarium
1943 1413 2102 1463 vocari
2137 1410 2313 1475 mavis]
2348 1411 2483 1461 Con-

1423 1492 1536 1541 sule
1577 1492 1859 1541 Vsrronem
1895 1491 1982 1541 lib.
2016 1503 2096 1541 ιν.
2183 1492 2267 1540 De
2311 1489 2485 1554 lingua

1425 1567 1630 1617 Latina.
1668 1568 1901 1618 Bernart.

1492 1646 1668 1694 Tamen
1702 1648 1746 1694 si
1785 1657 1882 1696 esse
1916 1645 2192 1710 uideantur]
2230 1645 2334 1695 ΜΒ.
2368 1644 2484 1694 Rit-

1424 1723 1586 1772 tersh.
1601 1722 1874 1772 tamen-etsi
1890 1738 1988 1772 esse
2009 1723 2276 1773 videantur.
2311 1723 2489 1771 Proba

1424 1800 1603 1849 lectio.
1685 1800 1823 1850 Vide
1866 1802 2173 1866 particulam
2222 1799 2490 1852 'I’amenetsi

1427 1877 1575 1927 bonis
1601 1877 1898 1927 auctoribus
1920 1883 2169 1929 assertam
2200 1893 2231 1927 a
2269 1877 2489 1941 Cancio

1426 1968 1465 2004 1.
1501 1956 1762 2007 observet.
1808 1959 1888 2005 14.
1948 1957 2162 2006 Mureto
2200 1969 2239 2006 1.
2288 1954 2492 2003 variar.

1426 2034 1553 2083 lect.
1576 2038 1651 2083 17.
1671 2040 1726 2083 et
1746 2034 2095 2084 Rittershnsio
2115 2035 2243 2084 Not.
2263 2033 2329 2082 ad
2348 2032 2492 2082 Gun-

1430 2110 1632 2160 therum
1658 2111 1749 2160 lib.
1773 2125 1853 2163 nr.
1886 2126 2004 2176 cap.
2028 2115 2078 2161 2.
2114 2126 2162 2161 n.
2203 2115 2282 2161 12.
2315 2117 2370 2159 et
2405 2113 2488 2159 1³.

1428 2201 1526 2238 nec
1557 2202 1657 2238 non
1678 2188 1822 2240 Frid.
1843 2190 2127 2239 Tnuhmoni
2155 2195 2492 2238 commentar.

1421 2267 1609 2319 Plaut.
1653 2269 1719 2318 ad
1759 2268 1875 2320 Mn.
1919 2270 2066 2320 Gior.
2111 2269 2176 2320 A.
2217 2275 2268 2320 4.
2319 2270 2406 2321 Sc.
2440 2275 2490 2319 5.

1429 2345 1602 2397 Sitzm.

1495 2424 1680 2475 ΜΕΤΒ.
1729 2429 1808 2476 10.
1884 2425 2114 2475 Terrenus
2165 2424 2382 2473 habitans
2433 2423 2492 2473 12·-

1430 2501 1540 2550 bido
1574 2503 1770 2564 mentes]
1807 2502 1887 2551 ΑΙ.
1922 2503 2158 2552 hebetans.
2224 2503 2408 2551 Senec.
2441 2502 2494 2548 in

1428 2576 1650 2641 Thyest.
1677 2593 1750 2628 vs.
1773 2583 1890 2630 917.
1920 2579 1935 2605 ‘
1954 2578 2183 2627 Pectora
2217 2578 2383 2640 longis
2406 2577 2495 2625 he·

1433 2653 1612 2702 betata
1657 2655 1820 2716 maiis,
1862 2655 1981 2706 Jam
2020 2655 2270 2703 sollicitas
2317 2654 2496 2717 ponite

1434 2727 1617 2779 curas-⁹
1702 2730 1948 2778 Manilius
2004 2731 2093 2779 lib.
2141 2743 2215 2778 nr.
2270 2730 2285 2756 ‘
2306 2728 2499 2778 Condit

1435 2808 1572 2856 enim
1609 2806 1853 2872 quicquid
1894 2814 2041 2857 vasto
2076 2814 2260 2855 natura
2293 2819 2499 2854 recessu

1433 2884 1692 2932 Terrenus
1736 2883 1950 2932 hebetat
1995 2885 2149 2946 visus,
2191 2891 2245 2932 et
2289 2891 2501 2946 pectora

1436 2960 1652 3009 nostra!
1687 2960 1954 3010 claudian.
1999 2959 2065 3010 de
2105 2959 2322 3008 Laudib.
2357 2959 2500 3007 Stili-

1438 3050 1556 3086 con.
1580 3036 1711 3086 libro
1739 3050 1801 3085 11.
1828 3051 1899 3086 vs.
1923 3040 2038 3085 133.
2058 3037 2345 3084 ‘Luxuries
2364 3050 2503 3098 prae·

1438 3113 1590 3162 dulce
1633 3115 1852 3163 malnmz
1905 3128 2020 3177 quae
2077 3112 2258 3162 dedita
2299 3126 2503 3176 semper

1440 3190 1682 3254 Corporis
1740 3190 1970 3239 arbitriis
2015 3189 2230 3239 hebetat
2281 3190 2500 3253 caligine

1439 3272 1655 3317 sensim-J
1686 3268 1853 3316 Sitzm.

1507 3346 1636 3395 Heic
1657 3346 1747 3395 erit
1770 3346 1898 3395 vobis
1916 3344 2100 3408 requies
2120 3343 2349 3406 laborum]
2375 3344 2505 3392 Lac·

1443 3432 1573 3474 tant.
1596 3424 1660 3473 de
1684 3425 1831 3473 Pass,
1855 3422 2079 3472 Christi:
2108 3423 2123 3450 ‘
2141 3420 2256 3471 Nec
2276 3422 2504 3485 requiem

1444 3507 1697 3550 terrarum
1734 3501 1787 3550 in
1826 3499 2013 3548 finibus
2051 3512 2261 3562 usquam
2304 3498 2509 3559 Inveni,

1445 3580 1537 3628 sed
1576 3579 1762 3644 ubique
1797 3577 1979 3641 minas,
2018 3575 2108 3626 sed
2150 3576 2341 3640 ubique
2366 3574 2508 3624 iabo-

1446 3654 1566 3703 res!
1604 3656 1750 3704 Idem.

1511 3731 1639 3781 Heio
1678 3737 1845 3795 portas
1877 3732 2062 3794 placida
2105 3744 2297 3780 manens
2333 3727 2510 3792 quiete]

1445 3809 1631 3871 Senec.
1667 3808 1719 3857 in
1745 3807 2052 3872 Agamemn.
2091 3823 2170 3858 vs.
2201 3811 2314 3856 592.
2349 3809 2364 3833 ‘
2388 3806 2509 3854 Por·

1447 3893 1532 3935 tus
1580 3892 1778 3935 aeterna
1809 3887 2042 3949 placidus
2080 3885 2291 3950 quiete.’
2356 3884 2425 3932 Et
2446 3880 2509 3930 ‘in

1448 3963 1639 4014 Octav.
1663 3978 1738 4014 vs.
1759 3968 1875 4014 706.
1897 3967 1912 3994 ‘
1938 3965 2052 4015 Nee
2072 3965 2161 4014 diu
2187 3963 2393 4028 placida
2408 3961 2510 4011 frui

1448 4042 1641 4092 Quiete
1666 4040 1853 4091 licuit!
1890 4040 2040 4092 Idem.

1529 4118 1639 4166 Non
1693 4117 1910 4179 quicquid
1968 4116 2150 4180 Tagus]
2216 4118 2402 4166 Senec.
2460 4114 2511 4163 in

1450 4195 1666 4258 Thyest.
1693 4208 1764 4242 vs.
1785 4197 1897 4243 352.
1935 4193 1951 4220 ‘
1970 4193 2087 4242 Non
2108 4194 2352 4256 quicquid
2379 4192 2515 4241 fodit

1453 4269 1739 4332 Occidens,
1779 4269 1890 4318 Aut
1940 4267 2078 4318 unda
2127 4270 2302 4331 Tagus
2357 4282 2516 4315 aurea

1453 4349 1606 4398 Claro
1632 4348 1842 4398 devehit
1873 4347 2055 4396 alveo.’
2136 4346 2199 4394 In
2223 4347 2378 4395 Herc.
2403 4347 2512 4396 OEt.

2269 4430 2385 4477 2ss
