3049 4928
631 406 929 454 ssoE'rffll
979 408 1076 456 DE
1123 408 1428 458 coNsot..

339 550 524 609 rietur,
547 555 604 600 et
619 551 1064 602 innocentissimus
1080 560 1262 604 contra
1273 570 1397 605 nox·

337 628 505 677 iorum
529 643 673 677 more
698 629 994 691 plectatur.'
1042 631 1161 680 Non
1188 632 1393 682 videtur

338 705 422 755 hic
442 704 594 753 nobis
615 705 897 754 omittenda
935 713 1084 756 vetus
1117 707 1322 769 pictura
1345 715 1400 757 et

337 782 610 845 sculptura
647 783 908 845 Fortunae,
931 798 1081 847 qnam
1112 785 1190 833 liis
1230 786 1398 835 verbis

341 857 594 919 exprimit
627 857 856 907 Isidorus
890 860 1159 909 Pelusiota
1195 861 1288 911 lib.
1316 875 1398 910 ιιι.

342 933 518 995 Epist.
543 938 654 984 154.
706 936 793 993 τῆς
822 933 976 996 τύχης
1011 936 1102 996 τὴν
1138 938 1398 1002 μοχθηρίαν

339 1012 553 1068 δηλῶσαι
568 1009 878 1071 ἐθελήσαντες
892 1013 937 1061 οἷ
961 1012 1218 1078 ’γράφοντές
1233 1035 1287 1064 τε
1319 1014 1398 1064 καὶ

312 1089 317 1092 ’
339 1084 650 1150 πλάττοντες,
665 1088 720 1136 οὗ
737 1086 878 1150 μόνον
895 1089 1001 1138 εἴδει
1030 1090 1249 1152 ’γυναικὸς
1269 1092 1397 1155 &pref-
1458 1107 1461 1112 ·

341 1168 529 1221 σθησαν
545 1163 719 1228 (καίτοι
739 1165 815 1214 καὶ
827 1167 950 1215 τοῦθ’
967 1166 1123 1217 ἱκανὸν
1130 1167 1188 1226 ἦν
1203 1168 1397 1229 ἀλογισ-

316 1263 319 1266 ·
339 1240 450 1291 τίας
482 1240 562 1291 καὶ
579 1242 734 1293 ἀνοίας
759 1243 1043 1309 τεκμήριον)
1062 1246 1193 1295 ἀλλὰ
1209 1248 1286 1295 καὶ
1303 1267 1397 1306 πη-

340 1316 506 1368 δάλιον
536 1317 703 1368 ἔδοσαν
738 1322 789 1369 ἐν
814 1325 974 1386 χεροῖν
1010 1321 1137 1384 ἔχειν
1166 1324 1300 1389 αὐτῇ,
1322 1323 1400 1373 καὶ

339 1397 447 1443 τοῖν
481 1397 642 1445 ποδοῖν
677 1395 903 1447 ὑπέθεσαν
953 1396 1095 1455 βάσιν
1136 1400 1399 1463 σφαιρικήν·

342 1470 602 1535 ἐστέρησαν
619 1471 671 1522 δὲ
691 1473 768 1522 καὶ
787 1477 892 1524 τοῖν
911 1475 1182 1538 ὀφθαλμοῖν*
1206 1478 1277 1526 διὰ
1294 1476 1400 1526 τού-

340 1567 440 1597 των
458 1548 675 1600 ἁπάντων
694 1551 1016 1615 ἐνδεικνύμενοι
1035 1553 1091 1604 τὸ
1107 1554 1304 1613 ἀνόητον
1325 1555 1401 1604 καὶ

341 1624 617 1687 ἔμπληκτον
636 1628 714 1677 καὶ
728 1625 909 1692 τυφλὸν
927 1629 1005 1679 καὶ
1018 1631 1223 1680 ἄστατον
1243 1632 1400 1689 αὐτῆς.

345 1702 419 1751 Et
463 1719 583 1752 mox
629 1706 909 1756 Fortunam
945 1717 1098 1758 vocat
1136 1709 1403 1771 φαντασίαν

339 1778 534 1840 τυφλὴν
565 1779 645 1829 καὶ
673 1781 879 1832 ἄστατον
911 1783 990 1833 καὶ
1025 1787 1280 1850 μοχθηρὰν,
1319 1789 1402 1837 cui

342 1858 565 1919 opponit
580 1858 741 1916 τὴντὰ
753 1858 907 1909 πάντα
925 1865 1218 1927 κυβερνῶσαν
1240 1864 1404 1928 δεξιὰν,

344 1946 460 1995 quae
484 1940 567 1982 est
591 1933 763 1984 divina
783 1937 1135 1989 Providentia.
1171 1941 1322 1990 Idem.

412 2008 578 2072 Neque
599 2013 718 2073 qaod
739 2016 850 2061 ante
887 2015 1036 2062 oculos
1067 2016 1232 2079 situm]
1280 2018 1403 2066 Cas-

344 2083 539 2134 siodor.
578 2101 665 2136 111.
700 2089 825 2137 Var.
871 2091 1034 2154 Epist.
1075 2097 1158 2142 48.
1226 2095 1242 2121 ‘
1267 2095 1400 2143 Pru·

343 2160 542 2211 dentiae
567 2164 893 2214 nihilomiuus
916 2176 992 2216 est
1027 2183 1211 2218 cavere
1246 2172 1401 2219 etiam'

343 2252 462 2302 quae
485 2254 586 2288 non
628 2250 878 2303 putantur
920 2246 1220 2308 emergere.'
1284 2248 1401 2299 Quo

344 2314 552 2363 nomine
590 2316 828 2368 laudatur
871 2321 1123 2383 Ulpianus
1158 2324 1257 2375 JC.
1284 2340 1401 2375 nam

318 2407 325 2411 ⁴
346 2397 406 2438 et
440 2398 590 2440 recte
632 2394 782 2442 rebus
815 2398 892 2445 nti
937 2401 1300 2463 praesentibus,
1340 2404 1401 2450 ac

342 2467 522 2518 futura
565 2473 860 2536 prospicere
909 2476 1127 2526 solerter
1176 2487 1400 2542 poterat.

338 2544 431 2594 Ita
448 2547 586 2595 enim
606 2548 840 2599 Zosimus
864 2551 1000 2601 Hist.
1022 2553 1110 2602 lib.
1136 2568 1172 2602 ι.
1197 2555 1263 2602 de
1287 2554 1400 2616 ipso

342 2622 600 2685 praedicat
619 2642 632 2673 ε
667 2625 748 2674 καὶ
760 2627 1007 2688 νομοθέτης
1023 2628 1081 2687 ἦν
1099 2628 1304 2692 ἄριστος,
1321 2630 1400 2679 καὶ

340 2697 404 2781 ab
417 2699 564 2763 παρὸν
578 2698 631 2749 εὖ
647 2705 866 2765 διαθῆναι,
883 2705 960 2753 καὶ
976 2705 1034 2753 τὸ
1046 2704 1224 2767 μέλλον
1239 2706 1402 2756 εὐστό-

344 2788 447 2837 χως
458 2780 655 2828 συνιδεῖν
669 2779 877 2831 δυνατός.
914 2783 947 2831 Ι
944 2785 1063 2832 dem.

325 2870 329 2875 ·
410 2855 720 2917 Impatieatia
740 2864 910 2906 sortem
927 2860 1243 2921 exacerbabis,
1263 2876 1401 2924 quam

338 2940 614 2996 permutare
633 2951 724 2984 non
738 2938 910 3001 possis]
960 2938 1144 2987 Horat.
1167 2952 1203 2988 1.
1227 2938 1398 2988 Carm.

346 3008 452 3058 od.
475 3013 556 3059 24.
603 3013 618 3041 ⁸
652 3013 835 3062 Levius
860 3015 918 3062 fit
958 3015 1206 3077 patientia
1245 3014 1401 3066 Quic-

346 3085 474 3148 quid
499 3087 761 3150 corrigere
780 3098 859 3138 est
884 3089 1065 3140 nefas!
1102 3091 1253 3141 Idem.

411 3161 469 3210 Si
496 3164 627 3213 arvis
643 3169 819 3215 semina
836 3169 1063 3227 crederes,
1072 3168 1260 3228 feraces
1277 3169 1403 3217 inter

282 3236 287 3241 '
343 3240 582 3302 uanam]
633 3243 805 3291 Editio
841 3245 1070 3296 Norimb.
1094 3246 1137 3293 si
1170 3247 1304 3295 arvis
1331 3261 1402 3295 se·

323 3315 476 3363 vvm‘ua
497 3317 724 3377 traderes,
752 3317 950 3378 fertiles
988 3321 1114 3371 inter
1148 3338 1216 3373 se.
1270 3323 1402 3374 Quae

326 3392 506 3440 lectio
529 3407 628 3442 non
651 3396 858 3444 omuino
894 3394 1230 3449 fastidienda.
1298 3401 1404 3450 Ne·

326 3471 458 3519 *scio
495 3477 687 3534 tamen,
717 3474 969 3536 quomodo
992 3477 1155 3538 magis
1191 3486 1406 3540 recepta

348 3546 540 3608 placet.
610 3548 742 3596 Nam
761 3556 818 3598 et
856 3565 1013 3613 supra
1053 3553 1222 3602 Carm.
1246 3568 1322 3604 vl.
1345 3556 1406 3604 li·

348 3620 447 3671 bro
472 3622 636 3684 primo
659 3623 824 3673 dixit:
872 3627 887 3654 ‘
913 3626 1015 3676 Qui
1040 3629 1183 3689 larga
1212 3643 1405 3693 negan-

348 3697 487 3747 tibus
508 3699 675 3748 Sulcis
699 3702 891 3751 semina
914 3703 1174 3753 credidit!
1208 3706 1360 3755 Idem.

417 3777 620 3825 Feraces
634 3778 759 3827 inter
771 3794 821 3827 se
836 3795 1000 3840 annos,
1013 3781 1280 3844 sterilesque
1293 3797 1404 3844 peu-

345 3854 499 3917 nares]
544 3855 630 3903 Sic
666 3855 800 3918 Imp.
845 3855 1143 3906 Alexander
1180 3860 1408 3922 loquitur

347 3932 405 3981 in
431 3933 462 3980 1.
483 3945 607 3981 vm.
631 3933 770 3981 licet.
787 3934 846 3982 C.
871 3934 937 3982 de
961 3935 1154 3984 Locato
1173 3944 1228 3984 et
1253 3937 1402 3985 cond.

349 4011 368 4041 ί
393 4009 445 4057 Si
472 4023 774 4071 expressum
816 4024 913 4058 non
948 4019 1028 4059 est
1064 4012 1114 4058 in
1148 4012 1405 4060 locatione

347 4085 435 4150 (nt
460 4100 566 4135 mos
591 4085 810 4147 regionis
830 4086 1148 4150 postulabat)
1165 4097 1222 4135 ut
1244 4089 1406 4151 siqua

348 4163 434 4210 lue
473 4164 817 4224 tempestatis,
861 4166 939 4213 vel
987 4165 1088 4212 alio
1128 4166 1243 4214 caeli
1284 4165 1406 4215 vitio

348 4239 538 4287 damna
562 4239 888 4298 accidissent,
908 4240 971 4289 ad
989 4257 1114 4289 onus
1134 4250 1406 4304 tunmper-

349 4315 598 4380 tinerent,
620 4322 675 4366 et
697 4331 814 4380 quae
853 4318 1407 4368 evenerunt-sterilita-

1474 407 1914 462 PH1LOSOPH.
1963 416 2109 463 mn.
2157 418 2236 466 ιι.
2406 405 2536 469 455

1473 565 1573 619 tes,
1616 557 1856 608 ubertate
1902 562 2115 610 aliorum
2162 577 2408 613 annorum
2451 581 2532 615 re-

1472 644 1703 704 pensatoe
1728 651 1829 684 non
1855 638 2239 701 probabuntur,'
2262 643 2355 690 &c.
2391 642 2529 691 Vide

1471 713 1581 761 etl.
1609 726 1703 761 xv.
1727 728 1790 760 ex
1815 716 2085 762 conducto.
2112 718 2158 779 ς.
2195 717 2528 780 Papinianus.

1473 792 1541 839 D.
1563 793 1679 843 eorl.
1738 794 1870 841 Item
1891 796 2100 842 Pindar.
2129 797 2279 844 Nem.
2307 796 2409 845 0d.
2434 795 2527 848 ult.

1473 868 1653 917 Manil.
1681 870 1766 917 lib.
1787 885 1860 918 ιν.
1891 874 2044 919 Arist.
2071 872 2156 920 lib.
2176 887 2234 922 11.
2262 872 2527 924 Rhetoric.

1473 953 1527 994 et
1555 945 1810 996 Ambrosi.
1830 957 2009 997 contra
2028 950 2196 997 Relat.
2219 949 2530 1014 Symmachi.

1472 1023 1625 1072 Idem.
2279 1025 2282 1030 ’

1537 1101 1721 1149 METR.
1748 1107 1795 1149 1.
1840 1102 2302 1165 Superba...dextra]
2338 1102 2525 1153 Senec-

1474 1176 1524 1223 in
1563 1178 1704 1226 Med.
1732 1193 1805 1225 vs,
1828 1185 1940 1226 205.
1993 1182 2007 1206 ‘
2031 1180 2259 1240 sceptris
2282 1180 2530 1241 superbas

1474 1253 1706 1316 quisquis
1727 1254 1954 1302 admovit
1980 1254 2189 1302 manus!
2236 1254 2384 1304 Idem.

1543 1330 1607 1376 Et
1630 1330 1898 1392 rusticantis]
1957 1332 2054 1377 Ms.
2073 1329 2293 1379 *Erfurt.
2317 1339 2369 1380 et
2407 1331 2534 1381 edit.

1473 1404 1745 1454 Basiliens.
1786 1408 2129 1466 Exaestuautis,
2153 1422 2266 1469 quae
2292 1422 2389 1455 vox
2416 1408 2531 1456 red-

1474 1481 1644 1530 denda
1670 1481 1874 1531 Βοὲῑίο.
1939 1484 2024 1531 Ita
2044 1486 2107 1534 Q.
2130 1485 2277 1534 Curt.
2301 1485 2438 1532 libro
2456 1498 2534 1535 tx.

1476 1557 1539 1605 de
1561 1559 1716 1608 rebus
1754 1566 1886 1621 gest.
1929 1561 2075 1607 Alex.
2111 1560 2324 1623 Magni:
2361 1562 2376 1588 ‘
2401 1562 2528 1609 Ter-

1477 1634 1549 1682 tia
1590 1633 1756 1683 ferme
1788 1635 1909 1682 hora
1944 1643 2073 1696 erat,
2107 1649 2220 1683 cum
2257 1642 2394 1683 stata
2416 1635 2529 1684 vice

1476 1712 1721 1762 Oceanus
1744 1719 2033 1761 exaestuans
2073 1711 2241 1772 invehi
2280 1712 2458 1775 coepit,
2477 1719 2535 1776 et

1478 1797 1621 1838 retro
1664 1788 1854 1837 flumen
1896 1802 2099 1851 urgere.
2163 1788 2318 1839 Quod
2364 1791 2531 1851 primo

1476 1864 1782 1925 coercitum,
1819 1863 2005 1913 deinde
2037 1864 2386 1912 vehementius
2426 1864 2535 1926 pnl-

1477 1955 1609 1997 sum,
1646 1942 1839 2005 majore
1871 1942 2067 2003 impetu
2104 1939 2373 1989 adversum
2415 1954 2536 2008 age·

1480 2017 1652 2078 batur,
1671 2032 1822 2081 quam
1838 2017 2090 2066 torrentia
2109 2017 2371 2081 praecipiti
2387 2017 2533 2066 alveo

1476 2094 1781 2144 incurrunt.'
1818 2095 1966 2143 Idem.

1544 2170 1936 2235 More...Euripi]
2021 2169 2142 2219 Huc
2208 2167 2535 2218 referendum

1477 2246 1719 2296 Gra’cum
1777 2247 2121 2311 proverbium,
2166 2246 2301 2309 quod
2361 2251 2538 2294 exstat

1479 2325 1613 2387 apud
1637 2324 1846 2373 Suidam
1867 2341 1880 2372 ς
1924 2321 2057 2389 Τύχη
2079 2323 2277 2386 εὔριπος,
2313 2322 2329 2348 ‘
2353 2323 2539 2370 Fortu·

1476 2414 1545 2447 na
1567 2400 1826 2462 Euripus!
1859 2401 2042 2449 Seuec.
2060 2400 2112 2447 iu
2138 2400 2295 2447 Herc.
2321 2398 2429 2447 OEt.
2455 2412 2533 2448 vn.

1475 2481 1589 2526 7⁷9.
1639 2479 1654 2505 ‘
1678 2479 1899 2540 Euripus
1936 2476 2098 2524 undas
2132 2473 2298 2524 flectit
2322 2473 2535 2523 instabi-

1474 2553 1549 2600 les
1570 2568 1751 2615 vagus,
1785 2553 2100 2616 Septeunque
2134 2565 2309 2600 cursus
2330 2548 2497 2602 flectit
2516 2567 2535 2612 ς

1476 2636 1531 2676 et
1550 2629 1769 2677 totidem
1788 2626 1986 2676 refert!
2025 2627 2177 2675 Idem.

1541 2703 1759 2774 Dacium]
1812 2701 2081 2764 Significat
2103 2702 2187 2750 hic
2218 2701 2411 2762 subito,
2434 2701 2534 2750 illi-

1476 2794 1556 2838 co,
1580 2781 1773 2827 statim.
1843 2779 1928 2827 Sic
1967 2780 1983 2806 ‘
2016 2778 2323 2841 jamdudum
2347 2777 2361 2798 '
2394 2792 2535 2841 saepe

1477 2857 1615 2921 apud
1633 2865 1871 2904 auctores
1897 2855 2170 2918 accipitur.
2215 2855 2383 2904 Unius
2406 2854 2533 2903 dun-

1478 2941 1625 2982 taxat
1666 2943 1781 2996 utar
1837 2933 2150 2981 testimonio.
2237 2932 2436 2980 Seneca
2483 2933 2537 2980 iu

1476 3011 1693 3070 Medea,
1717 3026 1790 3059 vs.
1833 3013 1946 3058 191.
1982 3012 1996 3036 ‘
2017 3009 2411 3071 Monstrumque
2443 3002 2536 3056 sae·

1478 3087 1901 3148 vumsliorribile,
1912 3086 2215 3151 jamdudum
2235 3083 2426 3133 avelle!
2461 3084 2539 3132 Ia.

1548 3166 1826 3214 Tremendos
1845 3178 1971 3211 saeva
2007 3161 2206 3224 proterit
2239 3157 2396 3220 reges]
2440 3157 2537 3206 Aa·

1479 3243 1674 3292 cribam
1715 3246 1880 3290 locum
1928 3238 2184 3289 Ammiani
2230 3235 2543 3296 Marcellini,

1481 3334 1548 3368 ex
1583 3321 1671 3369 lib.
1697 3332 1817 3368 xiv.
1843 3318 1909 3366 de
1932 3316 2153 3377 fortunae
2191 3313 2541 3362 inconstantia

1482 3403 1536 3445 et
1558 3397 1679 3444 ludo
1720 3396 1969 3443 insolente
1992 3407 2141 3458 quem
2176 3391 2355 3439 ludere
2379 3388 2541 3453 perti-

1480 3487 1582 3521 nax
1622 3473 1772 3527 solet,
1809 3471 1897 3535 qui
1932 3468 2152 3518 mirifice,
2176 3469 2332 3516 hosce
2364 3479 2543 3514 versus

1478 3548 1835 3598 illustraverit.
1870 3546 2124 3611 Loquitur
2146 3552 2317 3593 autem
2337 3543 2402 3591 de
2426 3543 2538 3591 Cae·

1483 3640 1597 3674 sare
1620 3626 1773 3675 Gallo
1798 3641 1812 3673 ε
1848 3624 1864 3652 ‘
1883 3623 2195 3686 Assumptus
2218 3621 2270 3669 in
2294 3617 2542 3682 amplissi-

1481 3717 1619 3750 mum
1656 3701 1875 3750 fortunae
1934 3699 2217 3761 fastigium,
2261 3695 2539 3746 versabile·

1480 3780 1595 3840 ejus
1618 3788 1787 3826 motus
1827 3783 2073 3840 expertus
2111 3782 2211 3836 est,
2246 3774 2330 3838 qni
2357 3771 2541 3820 ludunt

1479 3855 1887 3902 mortalitatem:
1922 3866 2057 3901 nunc
2087 3849 2365 3899 evehentes
2388 3861 2539 3911 quos-

1480 3929 1599 3977 dam
1625 3930 1676 3976 in
1700 3930 1889 3990 sidera,
1928 3943 2064 3976 nunc
2102 3928 2164 3974 ad
2200 3924 2383 3986 Cocyti
2422 3936 2543 3986 pro-

1479 4004 1639 4055 funda
1676 4016 2004 4066 mergentes:
2056 4003 2201 4066 cnjus
2225 4001 2299 4048 rei
2323 4015 2437 4049 cum
2463 3999 2541 4047 in·

1478 4096 1691 4131 munera
1724 4083 1826 4129 siut
1867 4082 2125 4142 exempla,
2166 4092 2331 4142 pauca
2366 4084 2539 4125 tractu

1481 4172 1677 4206 summo
1722 4165 2087 4205 transcurram.
2155 4156 2288 4203 Haec
2330 4151 2539 4200 fortuna

1480 4237 1744 4285 mutabilis
1767 4243 1821 4283 et
1857 4236 2148 4281 inconstans
2164 4230 2294 4280 fecit
2320 4229 2541 4292 Agatho·

1481 4314 1614 4362 clem
1633 4312 1862 4362 Siculum
1885 4324 1951 4358 ex
1972 4309 2128 4373 figulo
2164 4322 2356 4371 regem,
2376 4314 2429 4356 et
2447 4306 2540 4355 Di-
