3049 4928
991 439 1514 494 Pfflnosm’mffl
1563 445 1705 497 mn.
1753 449 1821 501 V.

653 580 803 646 Nec
832 581 1103 665 penitus
1134 592 1353 653 tamen
1382 592 1609 657 omnia
1637 596 1890 662 nescit:
1915 607 1937 635 ¹

650 683 807 761 Sed,
839 705 1042 769 quam
1067 690 1358 756 retinens
1381 695 1701 775 meminit,
1733 718 2060 766 summam

650 785 1006 868 Consulit,⁸
1046 791 1175 855 alte
1204 792 1356 858 visa
1381 802 1769 880 retractam,

648 890 744 955 Ut
774 895 1063 960 servatis
1091 907 1307 981 queat¹
1325 900 1572 967 oblitas

644 992 913 1061 Addere
940 1005 1251 1083 parteS.¹⁹

2401 916 2488 981 30

423 1188 474 1232 at
491 1184 677 1236 omnint
707 1191 789 1238 sed
809 1192 1009 1241 consulit
1029 1208 1258 1244 summam
1286 1195 1418 1258 cidus
1438 1213 1615 1256 memor
1634 1203 1931 1265 recordatur,
1951 1217 2285 1265 recog-noscens
2307 1221 2362 1257 ea
2380 1223 2485 1273 quoe

292 1246 517 1321 divinitus
544 1252 697 1318 novit,
739 1259 794 1303 ut
830 1261 1141 1319 cognoscendo
1178 1262 1329 1324 possit
1370 1265 1545 1315 addere
1588 1266 1741 1331 rebus,
1779 1283 1895 1331 quas
1926 1271 2159 1334 meminit,
2192 1286 2267 1321 res
2290 1288 2484 1336 quarum

1211 1405 1568 1430 mm&

292 1472 332 1521 si
350 1477 646 1531 nescia—19
677 1482 695 1511 ‘
713 1483 864 1535 Mens
887 1500 991 1537 non
1013 1490 1179 1541 male:
1213 1491 1404 1545 Dedere
1418 1494 1618 1560 partes!
1661 1496 1904 1547 Bernart.

1276 1638 1490 1690 NOTAE

292 1726 398 1769 tore
417 1722 587 1773 Tullio
609 1739 674 1775 11.
692 1726 758 1776 de
787 1729 903 1780 Iuv.
927 1730 944 1760 ‘
969 1731 1021 1781 in
1040 1732 1213 1800 aliqua
1229 1749 1343 1799 per-

286 1792 421 1846 fecta
435 1804 491 1849 et
520 1806 785 1854 constanti
805 1806 961 1856 animi
992 1817 1083 1860 aut
1104 1814 1338 1877 corporis

289 1873 607 1928 absolutione
665 1883 902 1934 consistit
917 1884 952 1936 :'
1004 1891 1339 1953 quamobrem

286 1947 478 2003 habitus
502 1959 813 2024 generatim,
837 1968 993 2024 prout
1015 1964 1100 2014 hic
1121 1966 1226 2016 dici
1249 1983 1338 2032 po-

286 2031 386 2079 test
401 2037 457 2081 et
478 2033 546 2084 de
569 2035 913 2103 cogitatione,
935 2048 993 2093 et
1014 2041 1079 2092 de
1102 2047 1340 2110 opposita

285 2104 383 2168 ejus
400 2107 713 2175 privatione,
727 2113 949 2182 intelligi
966 2127 1141 2183 potest
1155 2125 1337 2174 modus

284 2179 332 2230 in
352 2198 440 2233 suo
463 2200 661 2249 genere
685 2190 978 2247 absolutus:
1015 2212 1117 2262 qua
1137 2202 1336 2251 ratione

282 2269 417 2309 mens
454 2274 598 2312 nnnc
631 2262 823 2317 dicitnr
858 2271 1080 2322 ‘neutro
1106 2274 1335 2339 habitu3’

281 2334 408 2396 quod
428 2336 683 2391 videlicet
716 2357 863 2394 mens
895 2347 1132 2414 hnmana,
1163 2366 1336 2419 neque

279 2408 327 2457 in
369 2412 610 2467 absoluta
651 2432 825 2471 rerum
871 2424 1095 2476 omnium
1130 2429 1334 2490 notitia,

279 2499 436 2554 neque
469 2492 523 2541 in
546 2493 792 2547 absoluta
821 2513 990 2551 rerum
1014 2506 1239 2559 omnium
1260 2508 1335 2573 ig-

279 2567 540 2620 noratione
561 2578 830 2625 versetur-2
865 2591 988 2628 nam

334 2646 557 2712 *Neque
589 2652 739 2715 novit,
789 2654 896 2706 Nee
947 2658 1138 2720 penitus
1174 2667 1332 2715 tamen

277 2722 424 2772 omnia
439 2725 617 2789 nescit]
673 2728 867 2781 Contra
904 2731 1251 2789 Academicos
1273 2747 1331 2791 et

274 2794 625 2862 Dogmaticos.
700 2805 1004 2861 Academici
1054 2815 1212 2878 enim,
1251 2816 1327 2866 illi

269 2875 505 2930 videlicet
539 2881 775 2934 Platonis
813 2885 1076 2953 discipuli,
1120 2893 1209 2957 qui
1258 2895 1326 2944 ab

272 2951 565 3022 Academia,
609 2960 842 3027 collegio
885 2964 1210 3032 Atheniensi,
1250 2973 1326 3023 ita

274 3033 434 3082 vocati
456 3041 599 3099 sunt,
635 3037 764 3087 nihil
788 3039 853 3090 ab
888 3041 1180 3097 hominibus
1218 3049 1325 3100 evi-

271 3103 445 3158 denter
466 3111 611 3175 sciri,
635 3113 870 3179 adeoque
899 3120 1097 3171 nullum
1134 3123 1201 3173 ab
1236 3126 1327 3176 ho·

269 3183 480 3237 minibus
518 3203 700 3239 verum
739 3197 1040 3261 certumque
1062 3198 1323 3262 judicium

268 3256 439 3312 haberi
498 3279 656 3328 posse
709 3268 1132 3325 arbitrabantur:
1186 3276 1324 3341 quod

267 3334 413 3386 etiam
436 3340 779 3406 Pyrrhoneis,
812 3359 941 3411 qnos
965 3348 1144 3401 Graeci
1176 3368 1320 3402 σκεπ-

265 3411 413 3464 τικοὺς
466 3421 913 3484 contemplatores
967 3426 1320 3493 appellabant,

266 3488 469 3549 placuit.
524 3496 834 3560 Dogmatici
849 3513 991 3566 vero,
1007 3501 1087 3551 nti
1104 3503 1319 3568 loquun-

267 3571 364 3630 tur,
399 3584 428 3618 e
463 3572 727 3623 contrario
769 3575 1106 3642 arbitrantur,
1146 3579 1319 3629 omnia

266 3650 364 3696 tam
402 3650 676 3702 evidenter
706 3652 774 3703 ab
796 3653 1015 3705 bomine
1056 3659 1322 3722 cognosci,

264 3725 423 3774 nullus
446 3733 506 3777 ut
540 3730 607 3778 sit
641 3729 706 3779 de
743 3744 1066 3798 quacumque
1100 3735 1320 3785 materia

268 3797 531 3853 dubitandi
552 3806 716 3856 locus.

325 3882 344 3908 ⁸
366 3880 521 3937 Quam
561 3884 773 3934 retinens
811 3885 1052 3951 meminit,
1091 3903 1320 3940 summam

274 3951 506 4024 Consulit]
549 3959 769 4014 Insitam
803 3963 1053 4017 videlicet
1084 3974 1140 4017 et
1174 3966 1317 4018 inna-

1425 1744 1531 1789 tam
1565 1740 1713 1791 nobis
1752 1740 1859 1791 Dei
1900 1739 2182 1791 notionem.
2248 1740 2482 1791 Primum

1423 1817 1560 1870 enim
1603 1819 1736 1869 hanc
1771 1820 2032 1871 notionem
2072 1834 2216 1869 mens
2255 1820 2481 1870 hnmana

1420 1910 1627 1960 semper
1646 1899 1662 1926 ‘
1686 1898 1917 1949 retinens
1941 1898 2171 1949 meminit
2186 1896 2221 1948 :'
2257 1899 2483 1962 quando·

1419 1974 1625 2039 quidem
1660 1976 1806 2026 notio
1838 1977 1969 2040 haec,
2000 1976 2236 2039 extingui
2280 1975 2477 2036 nescia,

1419 2051 1617 2101 tamdiu
1635 2051 1811 2115 durat,
1825 2052 2070 2119 quamdiu
2083 2068 2226 2102 mens
2243 2053 2485 2115 hnmana,

1417 2145 1605 2196 nempe
1624 2138 1893 2183 aternum.
1957 2130 2166 2182 Deinde
2183 2130 2365 2180 eadem
2390 2145 2480 2178 no-

1419 2208 1493 2258 tio
1510 2216 1654 2260 recte
1674 2209 1866 2260 dicitur
1886 2208 1902 2238 ‘
1919 2207 2139 2259 summa’
2163 2212 2480 2268 ceterorum,

1419 2302 1536 2353 quae
1590 2288 1658 2337 ab
1717 2288 1940 2338 humana
1998 2291 2170 2337 mente
2231 2285 2478 2349 cognosci

1417 2372 1684 2427 possuntt
1748 2364 2002 2429 siquidem
2064 2363 2211 2413 notio
2265 2362 2479 2425 mentis,
2555 2389 2556 2392 =

1415 2443 1561 2494 notio
1592 2443 1845 2508 corporis,
1878 2442 2024 2493 notio
2056 2441 2150 2506 rei,
2187 2440 2344 2490 immo
2389 2453 2477 2489 no-

1412 2520 1487 2571 tio
1552 2522 1690 2571 entis
1757 2521 2064 2584 generatim,
2132 2525 2192 2567 nt
2262 2517 2478 2581 loquun-

1413 2603 1498 2645 tur
1529 2595 1730 2660 Logici,
1765 2595 1889 2644 nihil
1928 2593 2066 2643 aliud
2104 2598 2204 2654 est,
2226 2605 2377 2655 qnam
2400 2593 2477 2640 in-

1411 2671 1590 2734 genita
1618 2670 1730 2720 haec
1768 2669 1875 2719 Dei
1908 2669 2074 2731 notio,
2096 2667 2206 2716 sive
2229 2666 2476 2731 simplici-

1408 2753 1512 2810 ter,
1534 2746 1644 2796 sive
1682 2745 1995 2797 modificata.
2063 2743 2305 2808 Denique
2324 2757 2474 2793 mens

1405 2823 1631 2873 humana
1671 2821 1965 2886 generalem
2019 2820 2155 2868 hane
2207 2819 2471 2868 notionem

1406 2898 1550 2962 prins
1570 2900 1588 2929 ‘
1613 2896 1869 2961 consulit,’
1891 2903 1951 2946 ut
1982 2895 2105 2963 qnid
2129 2895 2182 2944 in
2213 2895 2308 2944 bac
2330 2894 2472 2944 clare

1405 2982 1464 3027 et
1521 2975 1769 3027 distincte
1840 2973 2268 3038 comprehensum
2328 2972 2469 3034 prins

1405 3060 1772 3117 cognoscatur,
1819 3065 1970 3115 quam
2002 3048 2260 3113 judicium
2296 3046 2466 3132 ferat:

1405 3130 1544 3195 quod
1589 3128 1828 3178 nimirum
1869 3126 1958 3175 illa
1993 3124 2138 3174 notio
2181 3122 2349 3188 prima
2398 3128 2470 3171 sit

1403 3208 1515 3258 veri
1540 3207 1771 3270 certique
1787 3202 1974 3269 Jndicii
1995 3216 2174 3251 norma
2193 3205 2218 3261 εξ
2239 3201 2373 3250 sicut
2389 3198 2466 3249 fn-

1403 3283 1508 3335 slus
1532 3283 1653 3333 alibi
1680 3282 1947 3347 probatur.
2013 3277 2313 3332 Quinetiam
2336 3278 2467 3327 hanc

1401 3355 2466 3422 notionemmenshumanamagisacmagis

1400 3438 1724 3490 attendendo
1757 3437 1775 3466 ‘
1795 3442 2086 3488 retractans
2104 3434 2119 3454 ⁹
2151 3433 2355 3484 doctior
2383 3430 2466 3493 fit,

1399 3524 1457 3568 et
1478 3516 1642 3567 oblita
1665 3519 1755 3566 aut
1777 3529 1809 3563 a
1831 3513 1998 3578 primo
2025 3518 2259 3575 parente,
2288 3516 2380 3559 aut
2397 3510 2465 3559 ab

1399 3605 1710 3658 unoquoque
1730 3590 1933 3641 homine
1949 3589 1965 3617 ‘
1980 3594 2242 3638 momento
2272 3588 2463 3636 creati·

1396 3671 1544 3730 onis‚'
1560 3677 1620 3720 ut
1644 3674 1799 3735 putat
1820 3666 2061 3716 Vallinns
2082 3665 2184 3727 hic,
2200 3664 2362 3712 veluti
2377 3677 2465 3711 vre-

1397 3748 1658 3800 cordatur.
1715 3752 1732 3776 ‘
1756 3741 1974 3795 Oblita'
2015 3756 2171 3806 porro
2217 3741 2462 3791 dicuntur

1397 3826 1605 3891 passive
1623 3824 1779 3874 etiam
1806 3838 1838 3875 a
1859 3820 2043 3885 Virgil.
2068 3820 2249 3882 Eclog.
2274 3830 2356 3905 rx..
2384 3831 2458 3867 vs·

1397 3907 1481 3956 53.
1533 3903 1551 3932 ‘
1569 3901 1726 3953 Nunc
1750 3898 1914 3950 oblita
1936 3896 2061 3948 mihi
2083 3901 2166 3946 tot
2188 3895 2456 3945 carmina.'
