3049 4928
947 416 1470 467 rmnosopmsu
1521 417 1664 464 me.
1714 418 1763 464 1.
2356 401 2486 468 141

285 585 372 631 ιω
397 563 628 631 tendat
679 563 1012 630 intentio‘l
1102 562 1497 642 Audieram,
1556 565 1873 648 inquam,‘
1919 562 2044 628 sed
2093 563 2482 629 memoriam

282 685 514 732 moeror
569 667 940 731 hebetavit.
1025 665 1123 731 At
1164 668 1329 751 qui·⁸
1390 667 1551 744 sciS,
1609 665 1788 731 uude
1837 673 2083 731 cuncta
2128 685 2480 751 processe·-

283 770 492 836 rint'l·
581 771 795 849 Novi,
843 772 1171 856 inquam?
1217 772 1572 856 Deumque
1617 789 1767 835 esse
1797 770 2140 854 respondi.
2230 771 2322 837 Et
2368 772 2483 855 qui

285 872 412 936 fieri
442 882 702 958 potest,
729 885 803 938 ut
830 877 1161 960 principio
1191 875 1485 957 cognito,
1516 872 1671 959 quis
1705 874 1794 938 sit
1818 893 2036 938 rerum
2067 873 2247 953 finis,
2296 875 2484 956 igno—

283 977 428 1043 res?
451 988 477 1013 ⁸
562 977 819 1041 Verum
850 979 917 1041 hi
949 978 1518 1062 perturbationum
1574 994 1795 1041 mores
1825 982 2003 1055 sunt,
2032 996 2114 1041 ea
2154 978 2487 1042 valentias

282 1086 456 1159 est,¹⁵
513 1087 594 1145 ut
643 1099 912 1145 movere
957 1080 1227 1166 quidem
1281 1080 1439 1145 loco
1482 1080 1822 1145 homiuem
1865 1081 2172 1164 possint3
2217 1082 2485 1147 convel-

281 1181 407 1247 lere
437 1191 686 1262 autem,
742 1185 1003 1268 sibique
1035 1189 1248 1248 totum
1277 1181 1617 1264 extirpare
1646 1201 1773 1245 non
1804 1183 2095 1266 possint.
2185 1183 2320 1247 Sed
2355 1184 2482 1247 hoc

179 1351 196 1374 ο
282 1304 538 1370 quoque
569 1288 986 1371 respondeas
1017 1285 1259 1366 velim3
1303 1287 1725 1349 hominemne
1755 1291 1819 1350 te
1850 1304 2001 1349 esse
2030 1286 2389 1350 meministi
2409 1288 2438 1349 ‘l
2459 1294 2484 1321 ⁰

340 1470 356 1500 ⁸
387 1470 495 1531 Ego
515 1470 775 1520 Boethius.

284 1540 308 1563 ⁸
335 1533 496 1597 Inquit
515 1536 850 1600 Philosophi«.

893 1479 920 1503 ⁸⁸
958 1471 1213 1526 Quomodo.

982 1543 1008 1577 ⁹
1052 1536 1234 1587 Virtus.

1199 1648 1565 1667 OOOOOOOOOOOO

1312 1478 1337 1503 ν
1368 1469 1537 1534 Inquit
1578 1470 1904 1535 Philosophia.
2011 1479 2047 1504 ¹⁰
2085 1472 2192 1533 Ego
2237 1470 2484 1521 Boethius.

282 1729 382 1778 sine
418 1735 719 1794 praep.—l5
751 1733 766 1759 ‘
792 1731 968 1781 Verum
1000 1730 1053 1779 1ιί
1079 1728 1487 1794 perturbationum
1521 1744 1691 1791 mores,
1711 1736 1758 1779 et
1781 1746 1836 1781 ea
1867 1730 2072 1779 valentia
2096 1729 2189 1794 est]
2223 1729 2486 1779 Phoenicis

283 1793 462 1858 Belgii,
483 1796 756 1845 clarissimi
776 1796 1000 1845 virorum
1020 1795 1073 1847 J.
1089 1795 1270 1858 Lipsii,
1294 1794 1443 1842 amici
1469 1803 1518 1845 et
1547 1798 1755 1859 cognati
1776 1796 1938 1845 nostri
1961 1795 2188 1859 scriptus
2210 1795 2396 1858 codex,
2418 1795 2485 1844 ad

284 1858 425 1908 alium
470 1875 683 1910 sensum
730 1862 917 1925 praeit:
964 1862 1138 1911 Verum
1176 1861 1251 1909 his
1278 1859 1685 1922 perturbationum
1701 1862 1874 1910 morbis
1895 1876 1949 1909 ea
1969 1862 2178 1910 volentia
2199 1867 2302 1911 est:
2339 1860 2487 1923 quid-

283 1924 330 1971 ni
364 1934 508 1975 recte
527 1926 564 1974 ?’
613 1927 851 1976 Bernurt.
884 1927 1012 1975 Mss-
1053 1924 1304 1975 Rittersb.
1346 1924 1487 1973 vict.
1526 1926 1786 1975 secundus
1825 1927 1945 1976 edd.
1984 1927 2177 1989 Delpb.
2211 1935 2266 1976 et
2311 1924 2484 1976 Hack.

283 1997 496 2040 nostram
521 1992 652 2041 lect.
678 1992 943 2055 exhibent,
979 2006 1133 2057 quam
1168 1991 1327 2039 etiam
1348 1990 1600 2052 optimam
1621 1998 1803 2041 censet
1827 1992 2020 2042 Vallin.
2045 1993 2216 2042 citans
2242 1998 2299 2041 ut
2315 2006 2488 2041 emen·

1275 2127 1321 2177 N
1332 2125 1496 2176 OTAE

285 2222 443 2289 fateri,
460 2242 515 2277 se
539 2230 715 2279 Deum
737 2231 922 2294 partim
950 2230 1215 2293 ignorare.
1249 2227 1341 2277 Ni-

285 2302 453 2351 mirum
489 2319 636 2354 mens
678 2314 856 2357 nostra
895 2308 1065 2356 Deum
1104 2306 1240 2355 inter
1284 2311 1340 2354 et

1421 2225 1512 2274 illo
1537 2225 1728 2276 lumine
1749 2243 1763 2288 ;
1796 2241 1898 2276 non
1937 2228 1954 2255 4
1973 2225 2207 2276 advertit
2226 2241 2350 2276 vero
2374 2226 2488 2291 qui-

1422 2302 1518 2351 bus
1544 2303 1924 2368 gubernaculis’
1945 2304 2167 2353 mundus
2203 2304 2220 2332 ‘
2242 2302 2488 2367 regatur,'

285 2390 457 2442 corpus
478 2391 718 2432 nostrum
744 2384 935 2445 media,
959 2391 1015 2433 et
1038 2399 1069 2432 a
1089 2384 1209 2432 Deo
1232 2387 1285 2431 et
1309 2397 1340 2431 a

286 2468 489 2520 corpore
521 2469 708 2511 nostro
731 2461 1036 2527 quibusdam
1062 2460 1339 2525 cogitatio-

286 2533 426 2585 nibus
462 2538 797 2590 informatur.
883 2538 933 2589 A
968 2541 1084 2590 Deo
1127 2539 1337 2604 quidem

287 2612 469 2676 accipit
510 2618 733 2679 primam
775 2617 1040 2665 notionem
1084 2616 1338 2678 veritatis,

287 2687 598 2756 primumque
628 2690 896 2742 felicitatis
922 2692 1238 2756 appetitum,
1265 2693 1340 2740 its

286 2771 340 2813 ut
358 2765 499 2815 Deus
542 2768 745 2832 primus
781 2769 848 2817 sit
881 2758 1066 2818 mentis
1102 2770 1339 2817 humanae

289 2843 521 2904 magister
560 2851 622 2894 et
655 2845 967 2895 moderator.
1031 2845 1082 2896 A
1120 2858 1341 2909 corpore

288 2931 400 2967 vero
439 2923 639 2985 accipit
671 2937 788 2971 cum
823 2937 1051 2985 sensum,
1084 2929 1193 2971 tum
1232 2935 1344 2985 per-

292 2995 649 3059 turbationes;
705 2999 894 3062 quibus
941 3014 1084 3048 mens
1121 2999 1233 3063 ipsu
1268 2998 1343 3047 itu

290 3068 547 3134 aliquando
607 3080 923 3137 occaecatur,
971 3075 1084 3124 haec
1138 3083 1197 3124 ut
1241 3075 1343 3123 illis

290 3145 340 3195 in
374 3163 573 3201 errores
615 3162 673 3200 et
707 3152 854 3214 vitia,
899 3168 1016 3217 quae
1062 3153 1342 3203 voluntarii

293 3232 399 3276 sunt
411 3230 605 3278 mentis
629 3230 865 3279 bumanae
889 3230 1080 3293 morbi,
1114 3231 1341 3280 deduca-

292 3307 381 3354 tur.
433 3307 734 3370 Propterea
752 3308 833 3357 ‘hi
858 3308 1344 3372 perturbationum,’

292 3385 345 3426 ut
359 3394 489 3431 nunc
511 3383 732 3445 dicitur,
770 3386 785 3411 4
803 3399 972 3433 mores
1001 3392 1140 3447 sunt,
1171 3399 1234 3433 ea
1259 3399 1343 3433 va·

293 3451 440 3505 lentio
474 3467 577 3521 est,
620 3467 677 3507 ut
722 3473 933 3508 movere
978 3459 1188 3524 quidem
1226 3461 1342 3509 loeo

294 3527 535 3584 hominem
574 3535 809 3598 possin&
841 3535 1169 3585 obscurando
1203 3550 1339 3599 prae-

296 3603 451 3657 dietas
482 3610 855 3675 cogitationes,
885 3614 900 3640 ‘
927 3613 1225 3662 convellere
1256 3627 1344 3661 nu·

297 3685 412 3747 tem,
432 3686 638 3751 sibique
660 3688 845 3737 totum'
863 3689 1120 3738 hominem
1145 3694 1159 3718 4
1182 3691 1345 3739 extir-

296 3771 524 3821 parenon
545 3764 786 3827 possint,’
805 3767 1161 3830 extinguendo
1183 3768 1343 3817 omni·

297 3847 356 3883 no
373 3839 654 3900 praedictas
676 3841 1024 3904 cogitationes
1053 3859 1065 3891 :
1100 3843 1344 3907 quamdiu

300 3914 426 3964 enim
447 3932 593 3966 mens
612 3918 834 3967 humana
858 3934 890 3967 a
911 3919 1045 3983 Deo,
1067 3935 1098 3968 a
1116 3935 1219 3983 quo
1243 3920 1344 3982 pri·

300 4004 426 4041 mum
446 3995 660 4043 condita
679 3993 1062 4060 informataqu'e
1084 3994 1203 4056 fuit,
1224 4011 1345 4045 con-

302 4069 600 4129 servabitur,
618 4071 814 4118 tamdiu
835 4072 1062 4120 naturali
1080 4079 1133 4121 et
1153 4073 1344 4122 lumine

303 4148 351 4188 et
388 4148 622 4206 appetitu
672 4144 943 4197 afficietur.
1021 4148 1164 4198 Hinc
1209 4147 1345 4198 Boe·

303 4217 425 4267 thius
444 4223 459 4250 4
479 4224 651 4288 a·Deo
674 4223 916 4274 amodum
943 4224 1091 4289 regi,’
1116 4234 1173 4274 ut
1190 4217 1347 4275 etiam

306 4291 500 4359 dicitur,
515 4303 529 4326 ‘
553 4315 657 4349 non
672 4300 926 4364 ambigit,'
948 4304 1158 4366 vigente
1180 4302 1349 4354 adhue

1421 2385 1900 2447 perturbationibus
1950 2385 2192 2435 tenebras
2238 2384 2489 2433 inducen-

1420 2445 1592 2511 tibus:
1634 2460 1772 2511 idem
1808 2462 1826 2491 4
1850 2463 1972 2525 scit,
1995 2461 2134 2512 unde
2158 2474 2347 2511 cuncta
2371 2476 2490 2525 pro·

1420 2538 1695 2601 cesserint,
1727 2541 2006 2605 Deumque
2028 2553 2143 2588 esse
2169 2537 2489 2603 respondit?

1420 2613 1704 2680 affulgente
1729 2618 1988 2681 praedicto
2014 2618 2238 2667 naturali
2260 2616 2450 2665 lumine
2471 2633 2486 2665 t

1421 2692 1436 2719 ‘
1457 2705 1560 2739 non
1604 2693 1843 2742 meminit
1883 2694 1998 2757 quis
2038 2693 2109 2742 sit
2139 2707 2312 2741 rerum
2352 2691 2492 2754 finis,

1424 2783 1594 2832 quove
1619 2770 1780 2819 totius
1797 2779 1997 2820 naturae
2021 2771 2206 2819 tendat
2228 2770 2487 2831 intentio,’

1421 2845 1841 2908 perturbatione,
1862 2846 2153 2909 praesertim
2179 2860 2302 2894 vero
2325 2852 2342 2874 ‘
2365 2860 2489 2893 moe-

1422 2935 1540 2970 rore
1580 2922 1880 2972 memoriam
1924 2920 2243 2971 hebetante!
2322 2921 2488 2984 Prop-

1422 3004 1571 3048 terea
1605 3000 1812 3049 ‘nescio
1834 2998 1959 3064 quid
1995 2997 2182 3058 abest?
2214 2998 2356 3046 clara
2391 2997 2487 3045 sci·

1421 3075 1552 3125 licet
1566 3083 1622 3126 et
1644 3076 1896 3126 distincta
1916 3076 2152 3140 cognitio
2174 3075 2294 3137 Dei,
2310 3081 2489 3140 qnate-

1421 3166 1517 3201 nus
1542 3153 1689 3201 Deus
1723 3152 1937 3201 ultimus
1977 3158 2065 3200 est
2098 3159 2156 3200 ut
2193 3158 2489 3199 ceterarum

1423 3228 1502 3277 sic
1520 3229 1860 3278 humanarum
1879 3243 2050 3278 rerum
2069 3227 2365 3290 fini8,cujus
2380 3227 2489 3292 qui·

1424 3303 1544 3353 dem
1561 3305 1678 3354 finis
1692 3306 1971 3354 maximum
1984 3312 2063 3354 est
2080 3305 2133 3354 in
2144 3304 2371 3354 moribus
2386 3319 2492 3353 mo·

1423 3389 1658 3433 mentum
1682 3399 1696 3434 ε
1733 3383 1872 3449 quod
1905 3384 2152 3448 quicquid
2178 3392 2259 3434 est
2283 3385 2492 3433 virtutis

1423 3467 1514 3510 aut
1539 3460 1652 3510 vitii
1673 3461 1726 3509 in
1742 3460 1908 3524 nobiS,
1928 3461 2056 3510 illud
2077 3477 2109 3510 a
2123 3461 2258 3511 bono
2282 3462 2364 3509 vel
2384 3475 2491 3509 ma*

1423 3538 1474 3586 lo
1508 3535 1612 3587 fine
1638 3538 1789 3602 cujus
1822 3539 1993 3603 gratia
2028 3540 2225 3599 agimus
2260 3539 2487 3586 oriatur:

1424 3620 1582 3679 atque
1620 3615 1636 3642 ‘
1663 3629 1758 3678 per
1800 3615 1900 3663 hoe
1935 3614 2073 3679 quod
2117 3615 2284 3674 abest,
2327 3613 2490 3661 veluti

1422 3689 1604 3738 hiante
1620 3691 1744 3739 valli
1765 3690 1985 3751 robore,’
2005 3698 2064 3739 ut
2086 3690 2248 3739 etiam
2273 3689 2487 3750 dicitnr,

1421 3767 1438 3794 4
1457 3766 1509 3814 in
1530 3766 1773 3814 animum’
1789 3765 2001 3815 Bo‘e'thii
2015 3764 2489 3828 ‘perturbationum

1427 3843 1634 3891 morbus
1650 3843 1862 3906 irrepsit
1882 3842 1914 3892 :'
1933 3843 2019 3891 ille
2035 3843 2171 3892 enim
2189 3841 2342 3891 animi
2356 3856 2491 3891 mor·

1427 3919 1523 3968 bus
1548 3920 1672 3968 nihil
1692 3927 1772 3968 est
1790 3919 1949 3982 aliud,
1977 3934 2131 3984 quam
2164 3932 2312 3968 error
2340 3925 2398 3970 et
2418 3920 2492 3968 vi-

1428 3994 1578 4056 tium,
1597 4009 1714 4058 qum
1738 4010 1803 4044 ex
1823 3996 1902 4044 his
1925 3997 2162 4045 tenebris
2199 3997 2309 4045 sive
2345 3996 2491 4059 igno·

1426 4072 1632 4123 ratione
1666 4082 1973 4124 nascuntur.
2040 4075 2122 4124 De
2144 4075 2243 4124 hoc
2266 4075 2495 4136 nomine,

1425 4149 1721 4212 ‘valentia‚'
1745 4150 1943 4200 dictum
1963 4158 2044 4201 est
2066 4151 2230 4199 Prosa
2245 4164 2283 4199 1.
2300 4150 2425 4198 Not.
2453 4155 2494 4197 ⁰.

1493 4234 1518 4258 ⁰
1540 4227 1854 4277 Hominemne
1876 4233 1925 4275 te
1959 4241 2057 4276 esse
2075 4222 2376 4284 meministi]
2416 4237 2493 4273 ιν.

1431 4303 1769 4366 Philosophia
1802 4301 1955 4350 addit
1990 4300 2269 4351 Boethimn
2304 4308 2492 4349 semet-
