3049 4928
965 421 1479 498 ruinosopmffi
1529 448 1672 496 ms.
1720 448 1785 493 v.
2341 431 2471 496 409

290 603 512 660 notum
546 600 676 671 est,
706 593 950 676 nequit.
1039 594 1176 659 Sed
1213 594 1362 659 haec
1393 592 1694 658 conditio
1724 591 1999 656 minime
2031 610 2252 656 secum
2287 592 2472 656 illam

292 697 691 781 simplicem²
733 695 952 761 trahit.
1042 696 1243 761 Hanc
1276 697 1453 761 enim
1501 695 1974 761 necessitatem
2024 713 2158 757 non
2204 696 2474 778 propria

289 798 442 864 facit
467 806 727 875 natura,
758 796 876 861 sed
905 796 1315 862 conditionis
1341 797 1661 883 adjectio.
1753 796 1962 862 Nulla
2013 797 2190 861 enim
2239 817 2474 861 neces-

293 902 449 965 sitas
521 902 701 983 cogit
760 901 1067 965 incedere
1119 901 1493 966 voluntarie
1548 901 2025 985 gradientem,¹'·
2047 907 2105 937 ²0
2164 899 2476 982 quamvis

292 1024 436 1069 eum
462 1010 734 1082 tamen,¹
771 1022 923 1068 cum
950 1004 1301 1086 gradium*
1343 1005 1646 1069 incedere
1670 1004 2128 1069 necessarium
2160 1005 2275 1068 sit.
2346 1003 2479 1068 Eo-

293 1105 439 1171 dem
466 1106 666 1189 igitur
694 1105 921 1182 modo,
941 1106 1000 1170 si
1032 1105 1197 1189 quid
1227 1105 1662 1171 Providentia
1692 1127 1991 1191 praesens
2007 1107 2211 1184 videt,
2234 1106 2303 1171 id
2330 1124 2479 1179 esse

292 1228 567 1274 necesse
596 1217 726 1287 est,
755 1208 1023 1272 tametsi
1052 1208 1302 1273 nnllam
1351 1209 1589 1274 habeat
1640 1215 1890 1274 naturae
1911 1216 1936 1246 ²
1980 1210 2480 1274 necessitatem.

294 1308 494 1395 Atqui
525 1312 722 1377 Deus
752 1330 834 1375 ea
863 1309 1107 1389 futura,
1137 1330 1291 1394 quae
1325 1330 1415 1376 ex
1445 1312 1704 1376 arbitrii
1734 1312 2029 1376 libertate
2060 1312 2480 1395 proveniunt,

293 1414 654 1494 praesentia
682 1418 1058 1479 contuetur.
1149 1413 1328 1479 Haec
1358 1414 1581 1496 igitur,
1613 1413 1700 1478 ad
1729 1413 2040 1478 intuitum
2071 1412 2284 1477 relata
2313 1412 2484 1476 divi·

293 1521 464 1592 num,
492 1515 886 1581 necessaria
912 1514 1077 1579 fiunt
1104 1534 1222 1599 per
1249 1516 1707 1581 conditionem
1729 1515 1979 1580 divinae
2007 1516 2340 1580 notionis:
2369 1534 2488 1597 per

293 1635 363 1680 se
385 1636 543 1682 vero
575 1618 1019 1694 considerata,
1048 1620 1135 1683 ab
1162 1619 1476 1683 absoluta
1503 1626 1760 1683 naturae
1811 1639 1956 1684 suae
2007 1619 2319 1682 libertate
2351 1636 2489 1681 non

296 1718 648 1784 desinunt.⁰
738 1721 943 1785 Fiunt
962 1728 981 1766 ³
1030 1720 1234 1801 igitur
1262 1721 1710 1804 proculdubio
1759 1728 1998 1786 cuncta
2053 1740 2208 1804 quae
2251 1720 2481 1783 sutura

298 1819 482 1885 Deus
513 1841 672 1886 esse
702 1823 1086 1905 praenoscit,
1119 1820 1238 1885 sed
1268 1842 1494 1886 eorum
1529 1823 1840 1905 quaedam
1893 1823 1977 1887 de
2026 1824 2234 1887 libero
2284 1820 2490 1906 profi·

297 1922 641 1988 ciscuntnr
666 1926 970 1990 arbitrio:
998 1944 1152 2008 quae
1182 1927 1486 2008 quamvis
1517 1926 1832 1991 eveniant
1854 1925 2230 2002 existendO,
2264 1933 2490 1988 tamen

296 2026 635 2109 propriam
665 2033 969 2091 naturam
996 2045 1127 2091 non
1151 2027 1494 2097 amittunt:
1541 2029 1702 2111 quia
1731 2030 1964 2111 prius*
2006 2047 2204 2111 quam
2233 2027 2492 2101 fierent,

301 2128 494 2192 etiam
524 2147 662 2192 non
689 2129 950 2193 evenire
980 2129 1382 2212 potuissent.
1474 2129 1661 2209 Quid
1711 2133 1908 2213 igitur
1942 2131 2143 2196 refert
2182 2149 2313 2193 non
2342 2147 2492 2193 esse

299 2230 704 2309 necessaria,
725 2251 878 2296 cum
905 2239 1180 2315 propter
1207 2231 1451 2304 divinae
1473 2235 1781 2300 scientiae
1806 2233 2247 2299 conditionem
2279 2229 2500 2294 modis

300 2335 638 2410 omnibuS,
701 2332 1132 2397 necessitatis
1184 2333 1416 2411 instar,
1475 2337 1835 2401 eveniant?
1978 2335 2138 2400 Hoc
2208 2332 2496 2409 scilicet,

304 2436 477 2519 quod
508 2456 593 2500 ea
623 2454 777 2520 quae
803 2435 1014 2519 paulo
1047 2443 1204 2500 ante
1236 2439 1611 2520 proposui,⁵
1645 2438 1764 2504 Sol
1794 2439 2039 2515 oriens,
2060 2444 2125 2502 et
2151 2435 2501 2519 gradiens?

300 2537 511 2619 homo,
540 2559 702 2623 quae
730 2539 888 2605 dum
915 2539 1101 2616 fiunt,
1130 2559 1262 2603 non
1290 2540 1429 2604 fieri
1458 2560 1595 2605 non
1621 2548 1955 2626 possunt:
2001 2559 2235 2604 eorum
2273 2545 2501 2603 tamen

305 2658 501 2706 unum
532 2643 728 2727 prius
756 2661 1023 2726 quoque
1052 2662 1252 2726 quam
1282 2643 1496 2720 fieret,
1526 2663 1805 2708 necesse
1837 2649 1980 2708 erat
2022 2642 2348 2707 existere:
2400 2637 2502 2704 al·

306 2748 506 2808 terum
531 2763 694 2809 vero
725 2745 1018 2809 minime.
1107 2744 1451 2829 Ita-etiam
1483 2765 1642 2829 quae
1675 2747 2040 2829 praesentia
2063 2746 2253 2810 Deus
2282 2741 2502 2816 babet,

307 2848 533 2927 procul
562 2846 773 2912 dubio
801 2848 1137 2913 existimt:
1168 2847 1289 2911 sed
1319 2867 1551 2912 eorum
1578 2847 1706 2912 hoc
1739 2847 2014 2932 quidem
2040 2846 2124 2910 de
2152 2864 2366 2910 rerum
2387 2861 2510 2905 ne-

309 2950 630 3014 cessitate
680 2949 1050 3029 descendit,
1110 2949 1283 3016 illud
1353 2970 1513 3016 vero
1576 2950 1660 3023 de
1718 2955 2045 3035 potestate
2096 2946 2510 3012 facientium·

312 3048 521 3116 Haud
546 3051 749 3134 igitur
768 3063 794 3100 ⁹
833 3051 1072 3136 injuria
1100 3052 1427 3132 diximuS,
1454 3052 1629 3131 haec,
1662 3053 1722 3116 si
1750 3051 1836 3117 ad
1867 3051 2167 3117 divinam
2202 3047 2506 3112 notitiam

307 3153 697 3232 referantur,
726 3155 1143 3236 necessaria3
1190 3155 1251 3219 si
1298 3174 1420 3238 per
1463 3174 1537 3219 se
1569 3153 2088 3231 considerentur,
2139 3148 2509 3214 necessita-

358 3350 373 3384 1
408 3352 769 3403 Necessitatem.
916 3361 956 3385 ’¹⁸
986 3353 1334 3404 Arabum-tem.
1485 3363 1514 3387 ⁸
1545 3353 1787 3406 Ambulat.
1915 3360 1937 3386 ⁰
1970 3353 2083 3402 Non
2099 3351 2352 3417 privantur
2371 3346 2503 3398 abso-

317 3415 414 3465 laea
435 3418 655 3468 libertate
674 3433 770 3467 suoe
790 3422 998 3469 παίωνα.
1144 3428 1175 3462 P
1208 3419 1488 3470 Ambracus.
1618 3428 1642 3461 ⁹
1677 3420 1791 3468 Non
1811 3420 2061 3468 iinmerita-

314 3644 413 3692 que
430 3631 629 3681 Τὴιιαιι.
650 3631 779 3694 Reg.
803 3636 857 3680 et
875 3631 1019 3684 Viet.
1041 3633 1324 3684 secundus.
1360 3632 1929 3694 voluntategmdientm.
1931 3634 2027 3679 —1
2060 3629 2202 3679 vict.
2223 3627 2440 3692 primus,
2460 3633 2517 3678 et

319 3695 427 3757 Reg
395 3709 444 3757 g.
487 3710 593 3746 eum
634 3700 753 3746 tum.
756 3699 854 3745 —2
888 3697 1092 3746 Natura
1135 3698 1304 3749 habeat
1341 3700 1484 3762 Delp
1486 3700 1539 3748 h.
1580 3698 1749 3749 Hack.
1753 3700 1849 3746 —8
1888 3695 2033 3745 Fient
2072 3694 2194 3743 edd.
2233 3693 2518 3743 effidem-

288 3762 349 3807 4
383 3761 500 3816 Quoe
530 3775 665 3824 pnas
686 3759 806 3812 edd.
828 3760 1043 3813 eaedem.
1078 3762 1315 3829 Uterque
1336 3765 1536 3815 Thuan.
1559 3779 1652 3828 qua
1669 3763 1917 3827 prium—5
1951 3760 2155 3810 Thuan.
2177 3759 2403 3824 primus:
2433 3773 2518 3822 po-

1303 3908 1516 3959 NOTAE

326 4019 445 4070 bere
478 4024 685 4083 agente,
708 4016 872 4065 illaesa
904 4024 1171 4067 remaneat
1206 4024 1382 4082 potes·
1462 4024 1630 4068 testas
1676 4017 1742 4067 ad
1785 4015 2116 4082 utrumlibet)
2159 4022 2242 4065 est
2287 4014 2522 4083 evidens,

326 4101 404 4144 tss
425 4095 488 4144 ad
526 4088 853 4154 utrumlibet)
875 4097 956 4141 est
978 4091 1209 4154 evidens,
1239 4108 1381 4157 vera,
1463 4110 1608 4157 vera,
1639 4104 1695 4144 et
1716 4101 1859 4144 certa
1882 4094 2116 4144 scientia.
2179 4091 2354 4156 Atque
2386 4092 2435 4139 id
2458 4107 2523 4142 eo

326 4177 380 4220 et
402 4179 546 4221 certa
569 4166 806 4229 scientia,
829 4167 903 4217 sic
932 4168 1090 4217 etiam
1132 4170 1382 4233 praenotio
1463 4173 1657 4236 potius,
1684 4172 1820 4236 quod
1853 4170 2081 4236 quamvis
2103 4183 2219 4219 mee
2239 4167 2431 4217 locutio
2455 4168 2524 4217 sit

328 4247 499 4297 divina
520 4245 808 4295 futurorum
821 4243 1077 4307 (quamvis
1100 4244 1153 4293 in
1175 4246 1381 4297 homine
1461 4263 1615 4300 causa
1659 4250 1898 4312 notionis,
1932 4263 2031 4314 qus
2069 4261 2208 4296 nunc
2250 4244 2524 4308 cognoscis

331 4327 445 4377 olim
462 4332 640 4376 acturo
658 4324 960 4373 intemerata
976 4334 1272 4387 perseveret
1287 4340 1378 4395 po·
1459 4328 1741 4400 me'loqui3
1773 4327 1915 4379 nulls
1938 4333 2109 4376 tumen
2129 4337 2231 4388 res,
2257 4321 2365 4372 sive
2389 4337 2528 4391 μω·
