3049 4928
1023 392 1145 438 PH}
1161 390 1544 441 LOSOPHIAE
1596 392 1739 440 LIB.
1792 393 1892 439 lv.

2428 379 2558 457 357

796 537 1061 602 Bellum
1086 536 1346 603 discors
1378 536 1613 601 exulat
1643 538 1797 603 oris,

797 641 978 707 Haec
1009 641 1402 707 concordia⁵
1448 647 1771 727 temperat
1799 644 2009 737 aequis

791 745 1138 812 Elementa
1162 747 1407 824 modis,
1437 753 1513 811 ut
1543 749 1916 835 pugnantia

782 847 1075 915 Vicibus
1106 849 1346 916 cedant
1374 849 1652 917 humida
1680 851 1906 929 siccis,

783 952 1214 1038 «Iungantque
1244 951 1446 1031 fidem
1479 955 1725 1038 frigora
1754 955 2081 1036 flammis3

788 1056 1136 1122 Pendulus
1164 1058 1336 1142 ignis
1367 1066 1598 1145 surgat
1624 1060 1696 1124 in
1726 1059 1962 1138 altum,

785 1158 1149 1245 Terraeque
1179 1181 1413 1245 graves
1440 1161 1736 1248 pondere
1769 1161 2011 1229 sidant.

784 1262 1038 1347 Iisdem
1067 1267 1296 1345 causis
1317 1267 1335 1302 ⁸
1381 1286 1534 1333 vere
1564 1267 1819 1352 tepenti

2468 1265 2558 1330 25

784 1367 1015 1451 Spirat
1042 1368 1293 1449 florifer
1321 1388 1537 1436 annus
1563 1370 1830 1453 odoreS,

782 1471 1017 1537 AEstas
1047 1471 1355 1539 Cererem
1383 1473 1644 1539 fervida
1665 1475 1901 1550 siccat,

780 1571 1074 1640 Remeat
1103 1578 1323 1660 pomis
1352 1577 1577 1660 gravis
1608 1583 1995 1654 autumnuS,

778 1674 1117 1759 Hyemem
1150 1676 1408 1761 defluus
1437 1679 1666 1765 irrigat
1690 1681 1929 1745 imber.

778 1779 957 1846 Haec
988 1781 1347 1867 temperies
1369 1791 1399 1818 ¹⁸
1442 1783 1587 1863 alit,
1618 1802 1699 1848 ac
1731 1783 1984 1868 profert

2458 1781 2552 1848 30

778 1882 1128 1969 Quicquid
1161 1886 1372 1953 vitam
1403 1889 1618 1972 spirat
1647 1887 1716 1952 in
1751 1888 1950 1952 orbe:

341 2113 420 2163 bus
439 2114 707 2178 stelliferis.
778 2116 1042 2166 Concordia
1062 2117 1158 2167 ieta
1179 2119 1447 2168 moderatur
1475 2119 1702 2168 elementa
1717 2119 1871 2181 justis
1905 2117 2108 2180 legibus,
2137 2122 2192 2166 ut
2225 2116 2419 2166 humida
2443 2132 2553 2166 con-

340 2180 490 2230 traria
512 2182 716 2230 alternis
748 2182 914 2231 cedant
945 2182 1102 2244 siccis,
1133 2188 1183 2231 et
1200 2183 1395 2248 frigida
1418 2185 1580 2234 ineant
1595 2199 1760 2249 pacem
1780 2199 1885 2233 eum
1906 2184 2115 2240 calida,-
2147 2183 2277 2245 ignis
2295 2197 2547 2244 suspensus

338 2248 479 2295 evolet
500 2262 708 2310 sursum,
743 2254 791 2296 et
827 2252 957 2296 tetra
990 2251 1249 2316 ponderosa
1285 2249 1512 2299 subsistat
1548 2252 1763 2298 deorsum
1799 2264 1885 2300 sua
1917 2248 2175 2311 grauitate.
2244 2247 2344 2298 His
2365 2248 2549 2308 legibus

337 2325 483 2360 onnus
512 2313 700 2377 florum
736 2327 905 2376 parens
938 2313 1120 2363 emittit
1152 2308 1315 2364 odores
1352 2320 1628 2392 tempestate
1658 2316 1819 2378 tepida
1859 2314 2016 2376 Veris,
2039 2319 2181 2364 (θείω
2199 2315 2358 2363 calida
2388 2313 2548 2376 coquit

336 2390 539 2439 messem,
556 2382 817 2427 autumnus
837 2379 1092 2428 revertitur
1110 2385 1306 2429 onustus
1322 2381 1490 2443 pomis,
1507 2381 1671 2444 pluvia
1691 2382 1863 2430 cadem
1890 2380 2104 2444 aspergit
2126 2381 2351 2444 hyemem.
2421 2379 2546 2428 Hoee

337 2444 578 2507 temperies
622 2444 781 2495 nutrit
808 2446 1115 2510 premitque
1149 2461 1315 2511 corpus
1350 2460 1484 2496 omne
1518 2447 1642 2511 quod
1661 2447 1768 2509 agit
1790 2446 1939 2504 vitam
1959 2446 2014 2496 in
2036 2449 2240 2496 mundo-
2221 2482 2236 2505 ,
2258 2447 2352 2498 rsed
2383 2445 2544 2495 eadem

1337 2625 1552 2676 NOTAE

394 2764 411 2789 ⁸
443 2757 567 2811 Hoec
616 2758 879 2822 concordia,
919 2757 1027 2822 ξω]
1074 2772 1137 2808 11.
1178 2757 1393 2808 Eaedem

331 2834 467 2896 leges
503 2835 872 2885 Providentiae
898 2842 1171 2887 servantur
1205 2834 1257 2884 in
1291 2834 1395 2883 ele-

330 2912 534 2968 mentis.
607 2913 936 2963 Elementum
976 2912 1170 2963 dicitur
1208 2925 1395 2976 corpus

331 2985 616 3052 dividuum,
635 2989 773 3053 quod
812 2990 889 3039 ita
910 2988 1187 3039 formatum
1212 2995 1313 3050 est,
1336 2995 1396 3038 ut

330 3078 391 3113 ex
414 3065 526 3129 ipso
550 3074 734 3124 cetera
763 3073 1160 3131 componantur.
1223 3067 1395 3131 Vulgo

327 3149 543 3205 quatuor
563 3142 919 3204 admittuntur
942 3143 1221 3205 elementa,
1256 3157 1398 3192 nem·

277 3246 282 3254 ·
329 3234 393 3281 pe
431 3221 590 3283 iguis,
633 3218 743 3283 aer,
776 3235 929 3284 aqua,
968 3227 1023 3269 et
1066 3226 1243 3282 terra3
1276 3236 1391 3285 quae

329 3300 431 3344 tum
454 3296 814 3361 qualitatibuS,
835 3310 961 3360 quas
999 3303 1185 3346 vocant
1208 3298 1393 3346 altera·

329 3372 500 3433 trices,
523 3388 641 3422 cum
676 3372 1035 3437 qualitatibus,
1061 3387 1189 3436 quas
1211 3372 1394 3424 dicunt

328 3450 589 3511 motriceS,
612 3451 749 3499 inter
771 3464 827 3499 se
858 3464 1094 3514 pugnare
1117 3450 1392 3514 perhiben-

329 3534 429 3578 tur.
495 3529 794 3581 Qualitates
837 3527 1184 3592 alteratriceS,
1227 3529 1393 3593 inqui-

330 3611 439 3667 unt,
461 3611 587 3655 sunt
612 3604 778 3666 calor,
792 3602 977 3667 frigus,
997 3604 1196 3668 humor,
1218 3612 1273 3654 et
1294 3606 1391 3655 sic-

330 3679 471 3742 citas.
535 3680 835 3740 Qualitates
898 3686 1071 3731 autem
1144 3681 1389 3732 motrices

329 3765 445 3808 sunt
466 3758 657 3810 levitas
678 3764 735 3807 et
756 3756 1003 3821 gravitas.
1070 3757 1190 3808 Nou
1219 3760 1391 3822 agitur

328 3832 408 3884 hie
450 3834 549 3884 nisi
587 3832 655 3883 de
686 3832 967 3884 concordia
999 3831 1251 3897 ejusmodi
1286 3833 1389 3883 ele-

330 3916 638 3973 mentorum,
683 3909 792 3959 eive
836 3908 1037 3958 ratione
1082 3911 1398 3974 qualitatum.

329 3985 717 4050 alterautricium,
768 4000 885 4051 quae
936 3986 1012 4035 sic
1058 3986 1387 4052 exprimitur,

328 4063 343 4089 ‘
369 4064 557 4120 cedant
588 4064 800 4114 humida
832 4064 1005 4126 sicciS,
1046 4065 1388 4131 Jungantque

330 4137 481 4191 fidem
513 4141 706 4206 frigora
734 4140 1001 4203 flammise
1038 4142 1147 4192 sive
1186 4143 1387 4194 ratione

331 4218 630 4278 qualitatum
662 4219 973 4280 motricium,
996 4234 1110 4283 quae
1145 4220 1221 4269 ita
1242 4227 1387 4270 nota·

334 4299 431 4357 tur,
450 4296 466 4322 ‘
490 4296 744 4361 pendulus
775 4296 909 4364 ignis
933 4302 1110 4359 surgat
1132 4296 1183 4346 in
1206 4298 1387 4364 altum,

1474 2757 1755 2820 Terraeque
1779 2768 1963 2822 graves
1987 2755 2220 2817 pondere
2244 2752 2455 2803 sidant.’

1541 2834 1558 2866 t
1587 2834 1762 2883 Iisdem
1817 2833 1990 2902 causis,
2039 2831 2145 2900 δῖα]
2201 2845 2288 2882 ur.
2345 2829 2542 2881 Iisdem

1475 2910 1836 2966 Providentiae
1874 2910 2092 2978 ,legibus
2146 2916 2367 2975 quatuor
2421 2909 2541 2958 anni

1475 2994 1842 3053 tempestates,
1863 2988 2102 3038 nimirum
2126 3000 2234 3048 ver,
2256 2992 2427 3045 aestas,
2454 2999 2542 3032 au-

1476 3073 1704 3130 tumnus,
1731 3072 1786 3116 et
1818 3067 1998 3129 hyems
2034 3063 2134 3113 sibi
2168 3062 2392 3111 invicem
2426 3074 2540 3110 suc-

1476 3144 1690 3196 cedunt.
1757 3146 1865 3194 Ver
1891 3158 1985 3194 suo
2026 3150 2208 3205 tepore
2240 3138 2394 3189 flores
2418 3139 2540 3188 odo-

1472 3234 1664 3285 resque
1708 3219 1920 3269 emittit.
1985 3218 2156 3285 AEstas
2197 3231 2290 3266 suo
2335 3214 2540 3266 fervore

1474 3311 1668 3347 messes
1683 3297 1859 3348 siccat.
1890 3278 2185 3346 Autumnus
2200 3293 2364 3364 pomis
2386 3307 2539 3343 onus-

1476 3380 1560 3424 tus
1583 3373 1754 3436 subit3
1789 3372 2104 3437 tandemque
2127 3371 2328 3436 Hyems
2358 3370 2459 3421 ab
2448 3386 2539 3420 rm-

1473 3451 1674 3514 bribus,
1693 3452 1803 3504 sive
1825 3449 1917 3500 ἀπὸ
1929 3452 2016 3514 τρΰ
2032 3448 2145 3513 ὕειν,
2163 3448 2541 3515 pluere,dicta‚

1475 3529 1665 3595 pluviis
1688 3544 1838 3593 agros
1861 3529 2077 3600 irrigat:
2103 3544 2223 3593 quae
2240 3526 2411 3578 omnia
2433 3526 2540 3576 evi-

1476 3606 1777 3656 dentissime
1799 3605 1884 3676 hic
1909 3613 2289 3674 proponuntur.

1539 3690 1562 3715 ¹¹
1594 3684 1719 3733 Haec
1737 3683 1999 3748 temperies,
2012 3682 2117 3748 ξφ]
2149 3697 2223 3732 ut.
2256 3680 2354 3734 His
2376 3679 2538 3729 etiam

1471 3758 1664 3809 divinae
1701 3759 2054 3824 Providentiae
2077 3758 2280 3822 legibus
2316 3771 2542 3822 corpora

1471 3835 1704 3885 viventia
1722 3836 1942 3900 primum
1960 3833 2237 3900 quidemin
2260 3841 2408 3882 utero
2431 3830 2538 3880 for-

1469 3918 1614 3966 mata
1648 3911 1876 3975 aluntur,
1904 3910 2094 3976 deinde
2119 3911 2171 3960 in
2196 3924 2348 3959 auras
2382 3908 2536 3973 prod-

1470 3997 1618 4053 eunt,
1640 3989 1956 4053 tandemque
1983 3995 2199 4053 peracto
2232 3987 2354 4036 vitae
2379 4000 2537 4036 cursu

1466 4067 1788 4130 moriuntur:
1827 4065 1964 4130 quod
1989 4063 2292 4114 admirabile
2327 4061 2534 4125 quidem

1467 4151 1551 4212 est
1588 4143 1899 4208 generatim,
1929 4141 2020 4190 sed
2062 4142 2216 4203 longe
2261 4136 2536 4189 admirabi-

1465 4223 1563 4288 lius
1586 4220 1860 4287 speciatim
1884 4224 2196 4282 spectatum.
