3049 4928
492 373 626 441 342
1198 387 1499 438 ΒΟΕΤΗΙΙ
1551 388 1649 437 DE
1694 387 2006 438 CONSOL.

492 533 837 614 hendatur,
898 533 1060 618 quid
1101 539 1207 599 est
1262 534 1445 618 quod
1505 553 1549 599 a
1591 532 1888 600 fortuitis
1945 533 2218 599 casibus
2278 528 2538 602 differre
2596 536 2697 603 vi-

493 638 774 704 deatur?
863 637 1011 703 Nec
1040 638 1333 716 mirum,y
1376 636 1618 721 inquit,
1668 636 1728 701 si
1777 635 1944 722 quid
1973 636 2226 702 ordinis
2253 637 2564 720 ignorata
2589 660 2694 705 ra-

489 739 671 805 tione
697 743 1114 806 temerarium
1145 740 1629 825 confusumque
1659 739 1990 806 credatur.
2080 739 2218 804 Sed
2270 748 2346 806 tu
2379 744 2692 826 quamvis

488 860 763 910 causam
795 850 998 910 tantae
1030 842 1510 927 dispositionis
1537 843 1826 926 ignor-ee,
1873 849 2087 909 tamen
2121 844 2433 926 quoniam
2470 844 2692 909 bonus

487 946 806 1012 mundum
833 953 1050 1013 rector
1077 951 1432 1033 temperat,
1457 951 1636 1011 reete
1665 944 1809 1010 fieri
1837 952 2088 1009 cuncta
2112 964 2199 1010 ne
2226 945 2517 1011 dubites.

1480 1130 1533 1183 N
1541 1129 1699 1182 01·AE

486 1240 692 1293 infinite
742 1243 968 1309 sapiens,
1006 1245 1194 1311 bonus,
1238 1252 1293 1298 et
1343 1252 1549 1312 potens,
1604 1246 1831 1313 “piorum
1870 1258 2139 1313 prospera,
2172 1247 2304 1298 bene
2340 1253 2424 1297 est
2455 1246 2697 1298 omnibus

486 1320 732 1371 mundum
758 1328 932 1386 regat:
967 1322 1112 1373 Dens
1146 1324 1282 1374 enim
1316 1324 1551 1376 accusari
1630 1325 1720 1390 qui
1741 1325 2149 1390 praevaricantur
2169 1331 2223 1374 et
2243 1325 2412 1390 inique
2437 1325 2663 1389 agunt?

484 1409 590 1447 non
632 1404 808 1462 potest
841 1405 931 1449 ant
964 1400 1288 1465 ignorantiae,
1324 1417 1427 1467 qua
1456 1415 1546 1451 ne-

486 1474 623 1525 sciat
642 1473 736 1524 has
760 1476 934 1541 vices3
966 1483 1060 1527 aut
1091 1478 1320 1543 maiitiae,
1337 1495 1440 1544 qua
1462 1494 1555 1528 ve-

484 1551 580 1613 lit;
617 1558 709 1602 aut
739 1552 1088 1619 impotentiae,
1118 1571 1218 1621 qna
1253 1556 1422 1607 sciens
1459 1571 1547 1607 vo·

485 1623 704 1695 Iensque
744 1630 833 1680 has
876 1630 1017 1682 vices
1058 1639 1289 1698 nequeat
1327 1642 1548 1684 mutare.

485 1703 552 1754 Id
576 1705 863 1756 mirabatur
891 1707 1050 1756 etiam
1083 1707 1261 1758 David
1295 1708 1438 1759 Psal.
1461 1713 1546 1759 72.

483 1781 503 1811 ⁴
525 1782 640 1832 Mei
673 1789 848 1833 autem
883 1798 1034 1849 paene
1053 1785 1180 1834 moti
1215 1791 1335 1834 sunt
1364 1786 1548 1850 pedes,

481 1871 639 1922 poene
677 1856 830 1908 effusi
866 1864 988 1907 sunt
1023 1873 1230 1924 gressus
1264 1860 1385 1920 mei,
1424 1861 1548 1928 qnia

489 1935 651 1984 zelavi
680 1950 838 2000 super
878 1936 1103 2002 iniquos,
1137 1953 1321 2000 pacem
1360 1954 1545 2003 pecca·

485 2016 654 2062 torum
688 2012 905 2063 videns.'
968 2013 1033 2063 Id
1067 2014 1223 2064 etiam
1258 2015 1546 2066 mirabatur

481 2087 737 2140 Jeremias
772 2104 889 2155 esp.
928 2093 1008 2142 12.
1071 2094 1089 2122 ⁸
1124 2092 1300 2144 Quare
1335 2094 1422 2143 via
1449 2093 1543 2144 irn-

1692 1407 1716 1443 1
1740 1401 1843 1450 Nec
1876 1401 2067 1464 mirum,
2099 1398 2210 1464 mu]
2248 1414 2332 1449 ur.
2354 1400 2697 1465 Philosophia

1629 1478 1934 1544 respondet,
1979 1478 2111 1526 hane
2165 1476 2578 1538 admirationem,
2637 1483 2696 1526 nt

1628 1565 1851 1619 ceteras,
1881 1556 2008 1607 oriri
2042 1570 2108 1605 ex
2137 1555 2460 1619 ignoratione
2484 1568 2696 1603 cansaez

1626 1635 1718 1685 sed
1757 1634 2134 1700 ignorationem
2167 1633 2299 1682 hanc
2336 1646 2440 1681 non
2475 1645 2593 1682 esse
2616 1632 2698 1682 le-

1628 1714 1868 1780 gitimum
1910 1717 2287 1775 argumentum,
2318 1725 2393 1760 ex
2432 1726 2534 1775 qno
2572 1725 2700 1761 con·

1627 1791 1768 1841 cludi
1791 1791 1974 1853 possit,
2008 1791 2178 1840 Deum
2213 1803 2317 1838 non
2351 1802 2466 1838 esse
2502 1787 2696 1837 bonurn

1625 1866 1803 1918 mundi
1820 1874 2099 1929 rectorem,
2116 1874 2207 1917 aut
2224 1864 2395 1915 omnia
2417 1879 2519 1914 non
2545 1873 2697 1916 recte

1623 1945 1768 1995 fieri:
1804 1944 1941 1994 sicut
1962 1944 2213 2009 deinceps
2235 1941 2419 1995 eadem
2453 1942 2696 1993 Philoso-

1623 2019 1742 2087 phia
1759 2020 2019 2087 probabit.

1302 2588 1728 2658 METRUM
1774 2589 1864 2656 V.

914 2755 993 2823 Sl
1028 2760 1185 2842 quis
1214 2756 1529 2825 Arcturi⁸
1571 2761 1795 2826 sidera
1821 2760 2036 2826 nescit

913 2862 1308 2947 Propinqua
1337 2882 1602 2930 summo
1634 2865 1906 2929 cardine
1936 2862 2098 2941 labi,

911 2964 1048 3031 Cur
1075 2965 1296 3050 legat⁸
1343 2965 1576 3030 tardus
1605 2967 1906 3051 plaustra
1934 2966 2218 3043 BooteS,

909 3068 1310 3153 Mergatque
1340 3087 1831 3152 serasaaequore
1861 3067 2210 3150 flammas3

560 3251 620 3303 Sa·
641 3253 746 3318 quis
764 3253 953 3317 ignoret
975 3256 1138 3305 stellas
1165 3256 1302 3306 Ursae
1320 3256 1446 3305 verti
1464 3269 1609 3319 prope
1627 3268 1891 3319 “premam
1911 3255 2084 3318 palm,
2110 3253 2189 3303 hic
2209 3250 2531 3302 adnuirobitsr
2553 3252 2691 3303 oshe-

477 3319 661 3368 flester
694 3319 842 3381 legem
875 3320 981 3370 coeli
1014 3321 1243 3386 sublimis,
1279 3337 1372 3387 qun
1410 3322 1606 3384 Bootes,
1638 3320 1721 3384 qui
1750 3320 1890 3371 habet
1910 3327 2064 3370 ortum
2086 3319 2373 3382 velociorem,
2394 3319 2551 3368 lentus
2570 3322 2692 3381 agot

538 3536 571 3579 8
610 3531 626 3560 ‘
645 3530 785 3583 Quid
804 3533 848 3583 si
888 3547 986 3597 pro
1006 3534 1136 3595 legat
1159 3546 1465 3597 reponamus
1500 3534 1688 3598 regat?
1719 3534 1899 3585 Sitzm.
1950 3532 2113 3599 Regae
2132 3530 2292 3582 habet
2315 3531 2399 3582 ed.
2420 3529 2691 3596 Delph.—-

1467 3665 1683 3718 No'm:

537 3766 559 3791 ²
578 3759 805 3825 Arcturi]
840 3758 1094 3810 Arcturus
1119 3761 1312 3812 dicitur
1332 3762 1397 3813 ab
1429 3761 1537 3829 ἄρκ-
1618 3764 1767 3828 mior,
1787 3762 1984 3813 idcireo
2002 3760 2154 3811 stella
2189 3761 2321 3823 haic,
2355 3774 2450 3810 een
2478 3759 2687 3825 antipo-

474 3854 557 3887 τος
579 3851 701 3887 ursa
738 3845 794 3887 et
831 3836 945 3901 οὒρὰ
977 3840 1161 3902 canda,
1206 3841 1349 3907 quasi
1383 3842 1535 3892 Ursae
1617 3841 1709 3891 das
1731 3842 1966 3904 horreat,
1985 3853 2243 3904 nunquam
2282 3837 2511 3887 oceidit:
2561 3837 2685 3887 binc

469 3913 655 3973 cauda,
676 3921 759 3964 est
788 3917 943 3965 stella
972 3918 1218 3981 omnium,
1248 3933 1314 3968 ex
1348 3921 1534 3985 quibus
1614 3919 1803 3983 Virgil.
1841 3918 2035 3981 Georg.
2074 3929 2114 3964 ι.
2151 3928 2227 3963 vs.
2262 3918 2379 3963 246.
2445 3915 2461 3942 ‘
2487 3911 2685 3964 Arctos

468 3991 634 4056 major
665 3991 802 4041 Ursa
821 4000 1045 4056 constat,
1064 3994 1289 4045 maxime
1313 3998 1433 4060 polo
1456 3997 1531 4045 vi·
1615 3994 1799 4046 oceani
1817 3999 2109 4043 metuentes
2127 4004 2334 4056 aequore
2358 3988 2529 4054 tingi?
2574 3990 2686 4040 Sci·

467 4071 615 4121 cina:
652 4069 788 4120 unde
812 4068 919 4120 dici
951 4072 1085 4122 solet
1117 4072 1271 4121 steila
1309 4073 1530 4135 polaris:
1612 4073 1737 4122 licet
1761 4077 1977 4136 propter
1996 4070 2170 4118 odium
2210 4067 2453 4128 Junonis,
2492 4072 2554 4116 ut
2586 4065 2686 4115 fin·

467 4163 628 4214 qnare
650 4164 767 4198 cum
791 4149 939 4213 polus
958 4152 1203 4212 arcticus,
1222 4148 1284 4199 ab
1310 4151 1406 4200 hac
1427 4152 1530 4202 Ur·-
1610 4153 1741 4213 gunt
1770 4147 1960 4212 poetae,
1982 4160 2118 4211 quae,
2147 4142 2284 4209 quod
2308 4143 2554 4206 majorem
2578 4141 2684 4191 Ur·

467 4240 532 4276 sa
566 4225 641 4275 sie
674 4233 906 4290 vocatus,
936 4225 1083 4276 nobis
1128 4240 1333 4290 semper
1367 4241 1529 4291 appa·
1610 4241 1718 4277 sam
1742 4226 1795 4276 in
1817 4226 2002 4276 coelum
2028 4221 2304 4272 admissam
2332 4234 2470 4285 a’gre
2493 4218 2685 4284 ferret,

468 4308 601 4366 rest,
638 4310 823 4370 utpote
858 4310 1040 4354 nostro
1073 4303 1343 4355 horizonte
1373 4304 1532 4355 subli-
1610 4303 1814 4373 Tethyn
1835 4301 2136 4366 rogavit,ne
2158 4298 2262 4349 suis
2283 4297 2417 4346 banc
2434 4295 2681 4360 pellicem
