3049 4928
552 389 682 455 500

551 549 694 613 Perp.
738 553 936 604 ratione.
982 551 1121 617 quod
1163 551 1268 602 Dei
1305 550 1459 601 solius
1498 558 1609 602 est:

552 627 819 691 ‘quippe‚’
854 630 927 678 ait
964 631 1314 680 Tertullianus
1344 629 1411 677 de
1436 627 1611 677 Pteni-

555 704 735 765 tentia‚
774 707 888 754 ‘res
934 708 1037 757 Dei
1085 707 1270 756 Ratio:
1310 706 1428 769 quia
1467 706 1610 753 Deus

551 781 773 830 omnium
809 784 1065 844 conditor,
1109 783 1234 832 nihil
1268 797 1369 831 non
1407 783 1611 830 ratione

553 858 797 923 providit,
836 860 1111 924 disposuit,
1149 859 1444 909 ordinavit:
1488 858 1613 907 nibil

554 946 655 982 non
681 937 888 985 ratione'
915 938 1128 986 tractari
1165 936 1490 1000 intelligique
1523 947 1613 983 vo-

552 1008 685 1059 luit!
749 1013 817 1062 Et
842 1013 1012 1074 Philo,
1034 1014 1200 1062 omnia
1223 1011 1357 1076 ἄρχει
1383 1014 1410 1060 ὃ
1430 1011 1564 1072 Θεὸς,
1583 1011 1615 1070 ἡ

554 1088 640 1134 τοῦ
675 1089 999 1152 πρεσβυτάτου
1039 1090 1187 1152 λόγου
1229 1090 1382 1152 πηγὴ,
1432 1091 1449 1119 ‘
1476 1090 1613 1153 regit

555 1164 722 1225 Dens,
745 1168 833 1229 qui
857 1167 1065 1216 rationis
1085 1167 1197 1217 fons
1221 1176 1303 1217 est
1320 1167 1615 1231 antiquissi-

556 1240 706 1289 mus!
749 1242 924 1293 Vallia.

621 1316 667 1363 0
687 1319 772 1381 qui
804 1325 1026 1383 perpetua
1053 1322 1277 1369 mundum
1313 1320 1498 1369 ratione
1523 1334 1615 1380 gu-

551 1393 739 1459 bernas]
765 1397 1009 1447 Manilius
1036 1400 1122 1448 lib.
1145 1412 1182 1447 ι.
1210 1398 1423 1448 Astron.
1470 1398 1486 1425 ‘
1506 1399 1616 1447 De-

557 1471 768 1532 prendit
811 1472 987 1522 tacitis
1040 1473 1361 1522 dominantia
1411 1472 1617 1536 legibus

553 1554 695 1596 astra
716 1549 785 1597 Et
818 1556 980 1599 totum
1022 1556 1219 1599 aeterna
1255 1550 1499 1598 mundum
1539 1565 1620 1598 ra-

556 1624 696 1673 tione
738 1625 971 1676 moveri.’
1050 1626 1357 1676 Lactantius
1404 1628 1487 1676 De
1530 1626 1619 1675 Ira

557 1700 677 1759 Dei,
700 1716 816 1765 cap.
837 1707 886 1752 9.
918 1703 934 1730 ‘
948 1705 1078 1753 Cum
1103 1702 1376 1751 sententiaa
1399 1702 1618 1765 philoso-

553 1776 769 1840 phorum
815 1779 1001 1842 prioris
1041 1780 1291 1843 temporis
1328 1780 1620 1828 consensis·
1686 1799 1689 1802 ·

557 1859 696 1914 sent,
735 1869 831 1904 nec
862 1856 968 1904 ulla
1002 1861 1142 1905 esset
1179 1856 1456 1917 dubitatio,
1495 1855 1620 1919 quin

558 1928 790 1978 Mundus
828 1947 860 1980 a
896 1932 1009 1981 Deo
1048 1938 1104 1981 et
1138 1932 1342 1981 ratione
1374 1938 1511 1981 esset
1543 1932 1619 1979 in-

557 2013 807 2064 structus,
845 2015 900 2056 et
935 2008 1136 2057 ratione
1177 2012 1476 2071 regeretur:
1516 2008 1619 2070 pri-

556 2095 669 2131 mus
692 2086 918 2133 omnium
940 2085 1252 2147 Protagoras
1269 2085 1476 2134 exstitit
1490 2090 1620 2134 tem-

558 2160 773 2221 poribus
794 2161 1043 2223 Socratis,
1065 2163 1152 2226 qui
1177 2162 1273 2211 sibi
1298 2162 1499 2211 diceret
1515 2177 1620 2211 non

555 2234 772 2300 liquere,
796 2245 963 2287 utrum
986 2247 1125 2288 esset
1159 2238 1333 2303 aliqua
1355 2237 1620 2299 divinitas,

558 2317 746 2362 necne.
814 2314 944 2364 Quae
992 2313 1285 2376 disputatio
1328 2314 1441 2378 ejus
1486 2314 1621 2365 adeo

558 2389 718 2453 impia
740 2398 796 2439 et
819 2399 1001 2441 contra
1022 2394 1300 2442 veritatem
1335 2400 1390 2442 et
1415 2393 1624 2456 religio-

558 2481 678 2516 nem
693 2469 935 2531 judicata
968 2478 1071 2531 est,
1107 2479 1167 2519 nt
1189 2476 1245 2519 et
1267 2471 1438 2533 ipsum
1459 2469 1624 2519 Athe-

557 2543 766 2595 nienses
792 2547 1086 2611 expulerint
1107 2547 1213 2596 suis
1236 2544 1445 2608 finibus,
1478 2553 1535 2596 et
1565 2547 1625 2596 li·

556 2621 679 2671 bros
723 2623 836 2687 ejus
888 2624 941 2672 in
977 2624 1248 2686 concione,
1285 2622 1470 2688 quibus
1511 2625 1625 2675 haec

559 2700 984 2765 continebantur,
1004 2701 1334 2752 exusserint!
1368 2700 1544 2750 Sitzm.

630 2778 882 2827 Terrarum
917 2781 1106 2842 caelique
1139 2776 1293 2840 sator]
1326 2778 1526 2841 Sibylla
1543 2780 1626 2828 E-

562 2854 810 2917 rythraea,
828 2857 964 2918 apud
980 2857 1215 2906 Lactant.
1230 2856 1365 2905 libro
1387 2868 1423 2904 1.
1448 2854 1627 2904 Divin-

563 2929 739 2980 Iustit.
758 2929 913 2980 Ἀλλὰ
934 2931 1035 2981 θεὸς
1065 2931 1204 2992 μόνος
1240 2928 1306 2980 εἷς
1332 2928 1627 2994 πανυπέρτα-

561 3026 663 3070 τος,
695 3007 748 3058 ὃς
781 3008 1032 3067 πεποίηκεν
1063 3007 1269 3073 Οὐρανὸν
1296 3004 1453 3065 ἠέλιόν
1470 3025 1528 3055 τε
1547 3006 1628 3056 καὶ

565 3081 770 3148 ἀστέρας
788 3083 871 3142 ἠδὲ
905 3083 1130 3145 σελήνην,
1153 3080 1461 3147 Καρποφόρον
1485 3081 1628 3144 ’γαῖάν

545 3178 616 3210 -τε
650 3160 729 3209 καὶ
775 3160 942 3211 ὕδατος
983 3161 1183 3220 οἴδματα
1222 3158 1415 3209 πόντου.
1486 3159 1626 3209 Hinc

563 3236 777 3299 propria
802 3238 906 3286 Dei
933 3238 1041 3286 veri
1067 3244 1191 3286 nota
1227 3243 1311 3285 est
1331 3250 1460 3299 opus
1485 3249 1626 3284 crea·

563 3312 716 3361 tionis
757 3327 948 3376 rerum,
989 3327 1090 3377 qua
1135 3316 1188 3363 in
1224 3312 1465 3372 PsalmiS,
1498 3313 1627 3360 item

545 3387 700 3450 -apud
725 3389 929 3437 Esaiam
957 3391 1188 3453 aliosque
1212 3389 1506 3452 Prophetas
1523 3387 1628 3436 dis-

567 3464 807 3521 cernitur
830 3464 894 3513 ab
919 3464 1086 3513 idolis·
1153 3464 1328 3515 Quid?
1363 3465 1501 3528 quod
1526 3463 1628 3526 Py-

564 3539 803 3600 thagoras
841 3553 1047 3603 quoque
1087 3539 1182 3588 hoc
1215 3539 1381 3602 ipsum
1417 3540 1631 3602 agnovit

569 3614 621 3663 in
649 3615 899 3678 versibus,
916 3629 1042 3678 quos
1063 3613 1225 3664 refert
1237 3614 1273 3666 J
1278 3617 1477 3665 ustinus
1493 3618 1633 3666 Mar·

571 3698 654 3754 tyr
684 3690 815 3738 libro
856 3690 921 3738 de
964 3690 1288 3753 Monarchia,
1326 3691 1507 3755 dignos
1547 3694 1631 3742 hic

568 3768 728 3817 etiam
763 3767 882 3831 legi.
947 3768 1081 3816 Sunt
1124 3776 1297 3817 autem
1343 3770 1427 3818 isti
1448 3787 1463 3819 ε
1508 3769 1633 3820 Εἵτις

570 3843 681 3905 ἐρεῖ,
711 3840 828 3892 Θεός
858 3840 968 3903 εἶμι,
991 3841 1137 3906 παρὲξ
1157 3842 1275 3906 ἑνὸς,
1295 3840 1430 3895 οὗτος
1450 3844 1635 3908 ὀφείλει

574 3917 766 3981 Κόσμον
786 3919 890 3969 ἴσον
908 3918 1063 3982 τούτῳ
1081 3918 1280 3984 στήσας,
1302 3920 1463 3984 εἰπεῖν,
1494 3921 1633 3984 ’nubs

568 3993 722 4048 οὗτος.
756 3996 907 4059 Κούχὶ
927 3998 1069 4060 μόνον
1089 3997 1288 4060 στήσας,
1303 3996 1466 4062 εἰπεῖν,
1480 3999 1634 4062 'Est-²²52

553 4076 704 4125 Ιἀλλὰ
724 4079 957 4126 κατοικεῖν
985 4076 1136 4127 Αὐτὸς
1155 4077 1206 4126 ἐν
1226 4074 1263 4138 ᾧ
1288 4077 1533 4138 πεποίηκε,
1549 4095 1631 4127 τε·

550 4152 759 4212 -vroim-ac
777 4154 817 4208 δ’
831 4153 925 4203 ἀπὸ
937 4153 1126 4204 τούτου.
1145 4154 1245 4203 boc
1267 4162 1368 4217 est,
1393 4160 1632 4203 vertente

569 4230 632 4280 C.
658 4230 1030 4280 Rittershusioz
1068 4231 1152 4279 ‘.Si
1176 4230 1290 4294 quis
1312 4231 1433 4292 erit,
1465 4231 1631 4294 quise

555 4348 562 4355 .
569 4324 665 4373 pro
684 4311 890 4359 numine
916 4315 1093 4373 poscat
1112 4308 1307 4371 baberi,
1323 4308 1465 4358 Huic
1487 4321 1632 4357 mun·

1209 398 1448 454 'No'rAE
1497 401 1901 453 VAlzloRuM
1954 401 2030 454 ΙΝ

1686 547 1752 597 do
1769 549 1988 598 similem
2011 548 2166 600 debet
2179 550 2467 613 producere
2485 549 2742 602 mundum.

1686 625 1769 674 De
1792 641 1895 689 quo
1930 626 2106 676 dicere
2129 627 2177 676 ei
2201 627 2373 690 liceat,
2402 628 2458 675 M
2464 639 2557 677 eus
2581 636 2747 679 exstat

1687 701 1769 751 bic
1787 702 1945 751 orbis.
2002 702 2116 752 Nec
2134 710 2332 752 tantum
2352 708 2592 752 statuens
2610 712 2747 753 mun·

1688 779 1828 841 dum,
1860 780 1933 828 sic
1973 779 2134 840 dicat,
2168 781 2274 829 Hic
2315 796 2344 829 a
2379 794 2463 828 me
2499 781 2748 829 Conditus

1689 867 1788 920 est,
1810 860 1900 908 sed
1924 874 2054 923 opus
2071 859 2214 907 simul
2234 859 2424 926 incolat
2443 858 2562 921 ipse
2580 872 2748 906 suum:

1690 939 1761 987 Et
1787 944 1910 987 tunc
1945 938 2110 987 Facta
2131 936 2286 985 tidem
2309 935 2533 996 facient,
2555 942 2754 984 certum

1689 1016 1791 1079 ipsi
1817 1030 2000 1065 numen
2026 1015 2231 1065 iuesse.’
2296 1015 2484 1077 Neque
2511 1014 2756 1062 omitten-

1690 1092 1756 1142 da
1777 1094 2085 1157 pulcerrima
2108 1092 2326 1141 Minucii
2352 1079 2546 1140 Felicis
2571 1091 2757 1140 verba:

1691 1171 1707 1198 ‘
1726 1170 1907 1219 Palam
1943 1169 2062 1232 est,’
2089 1170 2275 1234 inquit,
2309 1171 2324 1196 ‘
2346 1175 2624 1232 parentem
2659 1182 2758 1215 om·

1690 1247 1829 1295 nium
1850 1248 2041 1309 Deum,
2078 1261 2176 1295 nec
2203 1244 2517 1309 principium
2544 1243 2754 1305 habere,

1689 1329 1787 1372 nec
1812 1322 2084 1383 terminum
2107 1339 2120 1371 ι
2145 1322 2230 1386 qui
2248 1321 2585 1370 nativitatem
2606 1320 2763 1368 omni·

1688 1398 1784 1448 bus
1809 1406 2044 1461 proestet,
2071 1399 2168 1449 sibi
2192 1398 2605 1461 perpetuitatem
2626 1415 2640 1446 ε
2675 1398 2755 1461 qui

1690 1483 1812 1526 ante
1858 1478 2105 1526 mundum
2151 1476 2250 1525 sibi
2291 1475 2452 1524 fuerit
2504 1475 2622 1538 ipse
2667 1488 2756 1537 pro

1689 1553 1899 1615 mundo,
1922 1553 2008 1618 qui
2025 1554 2265 1602 universa
2280 1565 2608 1616 quaecunque
2625 1557 2757 1613 sunt,

1693 1629 1852 1678 verbo
1860 1630 2037 1695 jubet,
2054 1629 2251 1678 ratione
2266 1627 2552 1691 dispensat,
2568 1627 2760 1676 virtute

1693 1705 2051 1765 consummat,’
2071 1708 2170 1755 διο.
2205 1704 2382 1753 Sitzm.

1763 1780 1864 1836 Qui
1882 1785 2068 1843 tempus
2086 1782 2146 1830 ab
2164 1796 2262 1829 oevo
2282 1782 2358 1829 ire
2375 1778 2543 1842 jubes]
2597 1779 2758 1828 AEter·

1694 1856 1852 1919 nitas,
1871 1857 1967 1904 soli
1986 1857 2130 1905 Deo:
2159 1856 2359 1922 AEvum,
2377 1856 2596 1917 mundo,
2617 1857 2765 1916 coelo,

1693 1933 2064 1982 Daemonibus:
2089 1934 2338 1995 TempuS,
2354 1933 2511 1982 rebus
2529 1931 2673 1981 hisce
2691 1933 2764 1981 in-

1696 2006 1972 2073 ferioribus
1995 2009 2331 2059 mutabilibus
2355 2008 2631 2071 competit.
2684 2009 2762 2057 ΔΕ-

1696 2086 1915 2135 ternitas
1952 2086 2185 2150 ingenita
2222 2091 2337 2134 tota
2370 2085 2524 2133 simul
2566 2098 2767 2147 perma-

1696 2168 1823 2211 nett
1855 2178 2021 2211 aevum
2047 2161 2558 2225 nequeiugenitum,
2596 2174 2765 2224 neque

1696 2239 1849 2287 simul
1872 2246 2057 2301 totum,
2073 2252 2174 2286 non
2193 2238 2331 2286 enim
2348 2241 2469 2286 erat
2486 2244 2766 2301 antequam

1695 2314 1868 2372 fieret,
1890 2321 2162 2378 permanet
2185 2321 2387 2363 tamen:
2415 2321 2626 2375 tempus
2644 2327 2767 2360 vero

1684 2406 1870 2456 ‹neque
1893 2391 2174 2454 ingenitum
2200 2399 2302 2451 est,
2324 2403 2496 2453 neque
2515 2396 2686 2437 totum
2711 2389 2771 2436 si-

1684 2470 1805 2523 *mul
1839 2476 1938 2532 est,
1973 2482 2141 2533 neque
2183 2476 2481 2530 permanet,
2515 2466 2611 2514 sed
2649 2480 2768 2515 con-

1682 2546 1848 2596 tinno
1885 2544 2096 2595 labitur.
2161 2544 2258 2592 Est
2282 2550 2455 2593 tamen
2481 2548 2772 2606 tempnset

1701 2622 2012 2673 aeternitatis
2034 2627 2089 2670 et
2111 2620 2207 2669 aevi
2231 2621 2468 2684 quaedam
2493 2621 2684 2684 imago,
2713 2626 2771 2668 nt

1699 2699 1868 2764 inquit
1890 2698 2045 2747 Plato
2068 2697 2120 2746 iu
2141 2698 2371 2747 Timaeo:
2407 2710 2511 2746 non
2535 2697 2671 2761 quod
2697 2696 2772 2745 illi

1701 2776 2026 2839 praeteritum
2058 2784 2290 2838 *pt‘aeheus
2324 2774 2410 2836 sit,
2436 2775 2769 2838 quemadmo-

1700 2850 2048 2900 dum-aeterno
2085 2852 2234 2909 De03
2269 2864 2369 2898 non
2409 2851 2550 2914 quod
2589 2851 2659 2900 sit
2698 2852 2772 2899 illi

1701 2943 1931 2992 praeseus
1956 2942 2283 2991 permanenS,
2300 2937 2357 2976 ut
2386 2928 2598 2990 mundo,
2618 2929 2775 2989 coelo,

1699 3006 1889 3067 beatis,
1913 3007 2127 3069 angelis,
2163 3006 2253 3054 sed
2282 3007 2418 3070 quod
2446 3007 2514 3055 sit
2538 3007 2772 3070 ini-prae·

1688 3098 1817 3132 -sens
1838 3081 2018 3132 fluens.
2057 3082 2262 3131 Idcirco
2285 3079 2442 3131 Plaio
2465 3090 2619 3132 vocat
2645 3092 2772 3132 tem·

1701 3173 1799 3222 pus
1833 3156 2054 3219 μένοντος
2084 3156 2245 3208 αἷῶνος
2276 3158 2327 3206 ἐν
2356 3156 2423 3206 ἑνὶ
2460 3160 2566 3208 κατ’
2589 3159 2773 3223 ἀριθμὸν

1702 3233 1865 3285 ἰοῦσαν
1898 3234 2079 3284 αἰώνιον
2115 3233 2286 3296 εἰκόνα,
2323 3237 2339 3264 ‘
2366 3237 2685 3286 aeternitatis
2722 3239 2771 3285 iu

1705 3314 1906 3363 unitate
1942 3313 2194 3361 manentis
2233 3319 2478 3361 aeternam
2514 3316 2771 3376 quandam

1690 3389 1754 3438 in
1781 3400 1993 3438 numero
2014 3387 2257 3437 fluentem
2282 3387 2597 3450 imaginem!
2654 3390 2771 3442 Jam

1704 3464 1918 3515 veroab
1941 3479 2052 3513 aevo
2092 3472 2296 3527 tempus
2337 3464 2412 3511 ire
2446 3473 2650 3513 certum
2676 3470 2774 3513 e‘st.

1690 3541 1864 3590 Plato
1888 3541 1982 3601 ait,
2012 3537 2188 3603 Χρόνος
2220 3539 2315 3604 γὰρ
2346 3541 2451 3601 μετ’
2476 3542 2673 3605 οὐρανοῦ
2692 3541 2774 3604 ’γέ-

1703 3633 1858 3679 γονεν.
1888 3616 1952 3664 ἵν’
1981 3613 2078 3677 ἅμα
2103 3615 2182 3664 καὶ
2217 3614 2434 3666 λυθέντες
2463 3614 2561 3678 ἅμα
2589 3616 2671 3666 καὶ
2690 3626 2775 3667 λυ-

1707 3698 1834 3743 θῶσι.
1878 3693 2135 3756 ‘Tempus
2174 3693 2310 3743 enim
2343 3699 2515 3742 ortum
2549 3702 2635 3744 est
2671 3709 2775 3745 nna

1708 3786 1824 3822 cum
1847 3770 2010 3828 coelo;
2038 3777 2096 3817 ut
2111 3769 2260 3816 simul
2280 3775 2424 3830 nata,
2442 3771 2589 3818 simul
2613 3770 2772 3820 etiam

1708 3843 2091 3896 dissolvantur?
2148 3844 2489 3892 Durationem
2514 3859 2637 3893 vero
2656 3846 2775 3894 coeli

1707 3931 1763 3974 et
1788 3927 1884 3972 τῶν
1915 3921 2071 3972 ἀϊδίων
2091 3921 2217 3984 ζωῆς
2246 3923 2262 3950 ‘
2282 3928 2593 3971 ‘aeternornm
2619 3923 2772 3972 vitae’

1693 4014 1875 4052 ‘aevum
1919 4014 2034 4049 cum
2082 3997 2341 4048 veteribus
2385 3998 2625 4047 diximus.
2690 4000 2771 4048 Ex

1692 4093 1811 4144 qno
1833 4077 1995 4140 igitur
2018 4074 2187 4124 factus
2212 4074 2553 4135 estmundus,
2569 4075 2776 4138 coelum,

1691 4168 1907 4214 ·aevum;
1941 4166 2007 4200 ex
2028 4165 2093 4200 eo
2117 4149 2267 4199 fluxit
2300 4157 2358 4199 et
2393 4140 2619 4214 tempus,
2655 4150 2769 4213 ejus

1705 4231 1827 4282 ideo
1849 4231 1997 4278 velut
2019 4226 2258 4286 effectus,
2280 4228 2417 4275 sicut
2434 4240 2598 4275 aevum
2621 4233 2769 4276 aeter-

1707 4289 1926 4358 nitatiss
1969 4305 2110 4356 Hinc
2145 4303 2342 4370 optime
2384 4305 2607 4355 Hermes
2626 4304 2770 4353 Tris·
