<?xml version="1.0" encoding="UTF-8"?>
<!DOCTYPE html PUBLIC "-//W3C//DTD XHTML 1.0 Transitional//EN"
    "http://www.w3.org/TR/xhtml1/DTD/xhtml1-transitional.dtd">
<html xmlns="http://www.w3.org/1999/xhtml" xml:lang="en" lang="en">
 <head>
  <title>
</title>
<meta http-equiv="Content-Type" content="text/html;charset=utf-8" />
  <meta name='ocr-system' content='tesseract 3.04.00' />
  <meta name='ocr-capabilities' content='ocr_page ocr_carea ocr_par ocr_line ocrx_word'/>
</head>
<body>
  <div class='ocr_page' id='page_1' title='image "./deconsolationep00boetgoog_0506.png"; bbox 0 0 3049 4928; ppageno 0'>
   <div class='ocr_carea' id='block_1_1' title="bbox 560 387 692 459">
    <p class='ocr_par' dir='ltr' id='par_1_1' title="bbox 560 387 692 459">
     <span class='ocr_line' id='line_1_1' title="bbox 560 387 692 459; baseline 0 0"><span class='ocrx_word' id='word_1_1' title='bbox 560 387 692 459; x_wconf 68' lang='lat'>⁴96</span> 
     </span>
    </p>
   </div>
   <div class='ocr_carea' id='block_1_2' title="bbox 558 550 1655 4381">
    <p class='ocr_par' dir='ltr' id='par_1_2' title="bbox 562 550 1631 1151">
     <span class='ocr_line' id='line_1_2' title="bbox 562 550 1631 617; baseline -0.002 -15"><span class='ocrx_word' id='word_1_2' title='bbox 562 564 731 617; x_wconf 85' lang='lat' dir='ltr'>neque</span> <span class='ocrx_word' id='word_1_3' title='bbox 774 550 942 616; x_wconf 71' lang='lat' dir='ltr'>tangi,</span> <span class='ocrx_word' id='word_1_4' title='bbox 987 563 1150 616; x_wconf 88' lang='lat' dir='ltr'>neque</span> <span class='ocrx_word' id='word_1_5' title='bbox 1188 550 1407 615; x_wconf 85' lang='lat' dir='ltr'>adspici,</span> <span class='ocrx_word' id='word_1_6' title='bbox 1454 561 1631 614; x_wconf 81' lang='lat' dir='ltr'>neque</span> 
     </span>
     <span class='ocr_line' id='line_1_3' title="bbox 563 629 1625 694; baseline -0.001 -16"><span class='ocrx_word' id='word_1_7' title='bbox 563 629 930 694; x_wconf 87' lang='lat' dir='ltr'>comprehendi</span> <span class='ocrx_word' id='word_1_8' title='bbox 952 635 1147 693; x_wconf 90' lang='lat' dir='ltr'>potest,</span> <span class='ocrx_word' id='word_1_9' title='bbox 1180 629 1298 694; x_wconf 87' lang='lat' dir='ltr'>qnia</span> <span class='ocrx_word' id='word_1_10' title='bbox 1319 629 1453 678; x_wconf 86' lang='lat' dir='ltr'>latet</span> <span class='ocrx_word' id='word_1_11' title='bbox 1485 629 1625 677; x_wconf 82' lang='lat' dir='ltr'>intra</span> 
     </span>
     <span class='ocr_line' id='line_1_4' title="bbox 562 706 1621 774; baseline 0 -18"><span class='ocrx_word' id='word_1_12' title='bbox 562 707 660 757; x_wconf 84' lang='lat' dir='ltr'>hoc</span> <span class='ocrx_word' id='word_1_13' title='bbox 681 707 817 774; x_wconf 87' lang='lat' dir='ltr'>quod</span> <span class='ocrx_word' id='word_1_14' title='bbox 858 706 1096 758; x_wconf 69' lang='lat' dir='ltr'>videtur!</span> <span class='ocrx_word' id='word_1_15' title='bbox 1163 706 1431 756; x_wconf 75' lang='lat' dir='ltr'>claudian.</span> <span class='ocrx_word' id='word_1_16' title='bbox 1468 706 1560 755; x_wconf 88' lang='lat' dir='ltr'>lib.</span> <span class='ocrx_word' id='word_1_17' title='bbox 1583 718 1621 756; x_wconf 87' lang='grc' dir='ltr'>ι.</span> 
     </span>
     <span class='ocr_line' id='line_1_5' title="bbox 562 781 1624 847; baseline -0.002 -14"><span class='ocrx_word' id='word_1_18' title='bbox 562 783 650 833; x_wconf 89' lang='lat' dir='ltr'>De</span> <span class='ocrx_word' id='word_1_19' title='bbox 675 784 833 847; x_wconf 86' lang='lat' dir='ltr'>Rapt.</span> <span class='ocrx_word' id='word_1_20' title='bbox 854 783 1207 846; x_wconf 77' lang='lat' dir='ltr'>Proserpinoe‚</span> <span class='ocrx_word' id='word_1_21' title='bbox 1243 797 1313 831; x_wconf 82' lang='lat' dir='ltr'>vs.</span> <span class='ocrx_word' id='word_1_22' title='bbox 1334 786 1419 832; x_wconf 75' lang='lat'>68.</span> <span class='ocrx_word' id='word_1_23' title='bbox 1461 782 1476 809; x_wconf 88' lang='lat'>‘</span> <span class='ocrx_word' id='word_1_24' title='bbox 1496 781 1624 832; x_wconf 86' lang='lat' dir='ltr'>Cor-</span> 
     </span>
     <span class='ocr_line' id='line_1_6' title="bbox 563 857 1624 922; baseline 0 -14"><span class='ocrx_word' id='word_1_25' title='bbox 563 874 752 922; x_wconf 85' lang='lat' dir='ltr'>poreos</span> <span class='ocrx_word' id='word_1_26' title='bbox 794 861 980 909; x_wconf 81' lang='lat' dir='ltr'>animae</span> <span class='ocrx_word' id='word_1_27' title='bbox 1024 860 1297 909; x_wconf 86' lang='lat' dir='ltr'>mittuntur</span> <span class='ocrx_word' id='word_1_28' title='bbox 1340 859 1392 907; x_wconf 88' lang='lat' dir='ltr'>in</span> <span class='ocrx_word' id='word_1_29' title='bbox 1444 857 1624 908; x_wconf 86' lang='lat' dir='ltr'>artus.&#39;</span> 
     </span>
     <span class='ocr_line' id='line_1_7' title="bbox 564 933 1623 997; baseline -0.002 -13"><span class='ocrx_word' id='word_1_30' title='bbox 564 934 760 984; x_wconf 75' lang='lat' dir='ltr'><strong>Similia</strong></span> <span class='ocrx_word' id='word_1_31' title='bbox 779 939 900 984; x_wconf 86' lang='lat' dir='ltr'>sunt</span> <span class='ocrx_word' id='word_1_32' title='bbox 919 934 1059 997; x_wconf 86' lang='lat' dir='ltr'>apud</span> <span class='ocrx_word' id='word_1_33' title='bbox 1087 935 1359 983; x_wconf 80' lang='lat' dir='ltr'><strong>Platonem</strong></span> <span class='ocrx_word' id='word_1_34' title='bbox 1395 941 1451 982; x_wconf 94' lang='lat' dir='ltr'>et</span> <span class='ocrx_word' id='word_1_35' title='bbox 1472 933 1623 982; x_wconf 91' lang='lat' dir='ltr'>Cice·</span> 
     </span>
     <span class='ocr_line' id='line_1_8' title="bbox 563 996 1622 1073; baseline -0.001 -14"><span class='ocrx_word' id='word_1_36' title='bbox 563 996 674 1060; x_wconf 65' lang='lat' dir='ltr'>rod.</span> <span class='ocrx_word' id='word_1_37' title='bbox 711 1010 762 1059; x_wconf 75' lang='lat' dir='ltr'>in</span> <span class='ocrx_word' id='word_1_38' title='bbox 783 1011 992 1060; x_wconf 81' lang='lat' dir='ltr'>Somnio</span> <span class='ocrx_word' id='word_1_39' title='bbox 1011 1010 1286 1073; x_wconf 72' lang='lat' dir='ltr'>Scipionis.</span> <span class='ocrx_word' id='word_1_40' title='bbox 1350 1011 1446 1060; x_wconf 74' lang='lat' dir='ltr'>Est</span> <span class='ocrx_word' id='word_1_41' title='bbox 1484 1010 1622 1060; x_wconf 71' lang='lat' dir='ltr'>enim</span> 
     </span>
     <span class='ocr_line' id='line_1_9' title="bbox 562 1086 1500 1151; baseline -0.001 -15"><span class='ocrx_word' id='word_1_42' title='bbox 562 1086 661 1136; x_wconf 86' lang='lat' dir='ltr'>hoc</span> <span class='ocrx_word' id='word_1_43' title='bbox 683 1086 1003 1138; x_wconf 85' lang='lat' dir='ltr'>Socraticum</span> <span class='ocrx_word' id='word_1_44' title='bbox 1025 1087 1230 1151; x_wconf 83' lang='lat' dir='ltr'>dogma.</span> <span class='ocrx_word' id='word_1_45' title='bbox 1264 1087 1413 1142; x_wconf 72' lang='lat' dir='ltr'>Idem.</span> <span class='ocrx_word' id='word_1_46' title='bbox 1496 1091 1500 1098; x_wconf 66' lang='lat'><strong>⁴</strong></span> 
     </span>
    </p>

    <p class='ocr_par' dir='ltr' id='par_1_3' title="bbox 562 1160 1625 1382">
     <span class='ocr_line' id='line_1_10' title="bbox 626 1160 1625 1226; baseline 0.002 -16"><span class='ocrx_word' id='word_1_47' title='bbox 626 1161 847 1226; x_wconf 77' lang='lat' dir='ltr'>Animos]</span> <span class='ocrx_word' id='word_1_48' title='bbox 903 1163 964 1212; x_wconf 87' lang='lat' dir='ltr'>L.</span> <span class='ocrx_word' id='word_1_49' title='bbox 1003 1162 1203 1211; x_wconf 74' lang='lat' dir='ltr'>animas.</span> <span class='ocrx_word' id='word_1_50' title='bbox 1249 1162 1456 1211; x_wconf 87' lang='lat' dir='ltr'>Lucret.</span> <span class='ocrx_word' id='word_1_51' title='bbox 1490 1160 1625 1212; x_wconf 86' lang='lat' dir='ltr'>libro</span> 
     </span>
     <span class='ocr_line' id='line_1_11' title="bbox 562 1238 1624 1303; baseline -0.001 -15"><span class='ocrx_word' id='word_1_52' title='bbox 562 1251 650 1288; x_wconf 87' lang='grc' dir='ltr'><strong>ιιι.</strong></span> <span class='ocrx_word' id='word_1_53' title='bbox 677 1238 698 1292; x_wconf 74' lang='lat'>,‘</span> <span class='ocrx_word' id='word_1_54' title='bbox 717 1239 871 1289; x_wconf 89' lang='lat' dir='ltr'>Nunc</span> <span class='ocrx_word' id='word_1_55' title='bbox 886 1238 1082 1288; x_wconf 86' lang='lat' dir='ltr'>animas</span> <span class='ocrx_word' id='word_1_56' title='bbox 1103 1252 1304 1303; x_wconf 85' lang='lat' dir='ltr'>quoque</span> <span class='ocrx_word' id='word_1_57' title='bbox 1319 1238 1450 1287; x_wconf 87' lang='lat' dir='ltr'>utin</span> <span class='ocrx_word' id='word_1_58' title='bbox 1468 1252 1624 1287; x_wconf 87' lang='lat' dir='ltr'>mem-</span> 
     </span>
     <span class='ocr_line' id='line_1_12' title="bbox 566 1315 1571 1382; baseline 0.002 -18"><span class='ocrx_word' id='word_1_59' title='bbox 566 1315 672 1365; x_wconf 84' lang='lat' dir='ltr'>hris</span> <span class='ocrx_word' id='word_1_60' title='bbox 694 1331 1011 1381; x_wconf 74' lang='lat' dir='ltr'>cognoscere</span> <span class='ocrx_word' id='word_1_61' title='bbox 1031 1318 1196 1382; x_wconf 87' lang='lat' dir='ltr'>possis</span> <span class='ocrx_word' id='word_1_62' title='bbox 1223 1316 1387 1366; x_wconf 61' lang='lat' dir='ltr'>Esse?</span> <span class='ocrx_word' id='word_1_63' title='bbox 1420 1318 1571 1366; x_wconf 77' lang='lat' dir='ltr'>Idem·</span> 
     </span>
    </p>

    <p class='ocr_par' dir='ltr' id='par_1_4' title="bbox 558 1393 1655 1845">
     <span class='ocr_line' id='line_1_13' title="bbox 630 1393 1626 1457; baseline -0.001 -13"><span class='ocrx_word' id='word_1_64' title='bbox 630 1395 864 1444; x_wconf 70' lang='lat' dir='ltr'>Mortales</span> <span class='ocrx_word' id='word_1_65' title='bbox 881 1395 1038 1457; x_wconf 72' lang='lat' dir='ltr'>igitur</span> <span class='ocrx_word' id='word_1_66' title='bbox 1072 1399 1262 1443; x_wconf 73' lang='lat' dir='ltr'>cunctos</span> <span class='ocrx_word' id='word_1_67' title='bbox 1294 1393 1432 1456; x_wconf 71' lang='lat' dir='ltr'>Edit,</span> <span class='ocrx_word' id='word_1_68' title='bbox 1470 1393 1626 1443; x_wconf 79' lang='lat' dir='ltr'>nobile</span> 
     </span>
     <span class='ocr_line' id='line_1_14' title="bbox 558 1465 1655 1535; baseline -0.002 -13"><span class='ocrx_word' id='word_1_69' title='bbox 558 1471 775 1535; x_wconf 65' lang='lat' dir='ltr'>germen]</span> <span class='ocrx_word' id='word_1_70' title='bbox 821 1472 909 1522; x_wconf 86' lang='lat' dir='ltr'>Ita</span> <span class='ocrx_word' id='word_1_71' title='bbox 952 1472 1086 1534; x_wconf 80' lang='lat' dir='ltr'>lego,</span> <span class='ocrx_word' id='word_1_72' title='bbox 1134 1478 1193 1519; x_wconf 88' lang='lat' dir='ltr'>ut</span> <span class='ocrx_word' id='word_1_73' title='bbox 1235 1470 1304 1520; x_wconf 88' lang='lat' dir='ltr'>sit</span> <span class='ocrx_word' id='word_1_74' title='bbox 1347 1465 1655 1535; x_wconf 45' lang='lat' dir='ltr'>appositio(</span> 
     </span>
     <span class='ocr_line' id='line_1_15' title="bbox 564 1548 1627 1612; baseline -0.001 -12"><span class='ocrx_word' id='word_1_75' title='bbox 564 1549 855 1600; x_wconf 86' lang='lat' dir='ltr'>‘Germen’</span> <span class='ocrx_word' id='word_1_76' title='bbox 891 1550 1193 1612; x_wconf 78' lang='lat' dir='ltr'><strong>metaphora</strong></span> <span class='ocrx_word' id='word_1_77' title='bbox 1231 1549 1447 1612; x_wconf 87' lang='lat' dir='ltr'>pulchra</span> <span class='ocrx_word' id='word_1_78' title='bbox 1496 1548 1627 1599; x_wconf 90' lang='lat' dir='ltr'>dicit</span> 
     </span>
     <span class='ocr_line' id='line_1_16' title="bbox 564 1625 1623 1690; baseline 0.002 -15"><span class='ocrx_word' id='word_1_79' title='bbox 564 1639 660 1690; x_wconf 89' lang='lat' dir='ltr'>pro</span> <span class='ocrx_word' id='word_1_80' title='bbox 683 1625 875 1676; x_wconf 88' lang='lat' dir='ltr'>sobole.</span> <span class='ocrx_word' id='word_1_81' title='bbox 938 1626 1073 1675; x_wconf 89' lang='lat' dir='ltr'>Vide</span> <span class='ocrx_word' id='word_1_82' title='bbox 1112 1641 1211 1675; x_wconf 93' lang='lat' dir='ltr'>non</span> <span class='ocrx_word' id='word_1_83' title='bbox 1250 1625 1484 1690; x_wconf 80' lang='lat' dir='ltr'>vulgaria</span> <span class='ocrx_word' id='word_1_84' title='bbox 1527 1627 1623 1677; x_wconf 83' lang='lat' dir='ltr'>hac</span> 
     </span>
     <span class='ocr_line' id='line_1_17' title="bbox 564 1701 1623 1758; baseline 0.003 -7"><span class='ocrx_word' id='word_1_85' title='bbox 564 1703 629 1752; x_wconf 85' lang='lat' dir='ltr'>de</span> <span class='ocrx_word' id='word_1_86' title='bbox 673 1717 728 1752; x_wconf 88' lang='lat' dir='ltr'>re</span> <span class='ocrx_word' id='word_1_87' title='bbox 767 1703 816 1758; x_wconf 82' lang='lat' dir='ltr'>in</span> <span class='ocrx_word' id='word_1_88' title='bbox 853 1703 1146 1752; x_wconf 79' lang='lat' dir='ltr'>comment.</span> <span class='ocrx_word' id='word_1_89' title='bbox 1189 1703 1437 1753; x_wconf 79' lang='lat' dir='ltr'>Rittersh.</span> <span class='ocrx_word' id='word_1_90' title='bbox 1477 1701 1542 1753; x_wconf 85' lang='lat' dir='ltr'>ad</span> <span class='ocrx_word' id='word_1_91' title='bbox 1581 1717 1623 1754; x_wconf 90' lang='grc' dir='ltr'>ι.</span> 
     </span>
     <span class='ocr_line' id='line_1_18' title="bbox 566 1779 1252 1845; baseline -0.003 -15"><span class='ocrx_word' id='word_1_92' title='bbox 566 1781 815 1845; x_wconf 83' lang='lat' dir='ltr'>Cyneget.</span> <span class='ocrx_word' id='word_1_93' title='bbox 841 1779 1069 1843; x_wconf 84' lang='lat' dir='ltr'>Oppian.</span> <span class='ocrx_word' id='word_1_94' title='bbox 1101 1779 1252 1828; x_wconf 61' lang='lat' dir='ltr'>Mem„</span> 
     </span>
    </p>

    <p class='ocr_par' dir='ltr' id='par_1_5' title="bbox 563 1856 1637 3982">
     <span class='ocr_line' id='line_1_19' title="bbox 633 1856 1627 1921; baseline 0.001 -17"><span class='ocrx_word' id='word_1_95' title='bbox 633 1857 766 1912; x_wconf 75' lang='lat' dir='ltr'>Quid</span> <span class='ocrx_word' id='word_1_96' title='bbox 816 1870 983 1918; x_wconf 66' lang='lat' dir='ltr'>genus,</span> <span class='ocrx_word' id='word_1_97' title='bbox 1040 1861 1091 1905; x_wconf 79' lang='lat' dir='ltr'>et</span> <span class='ocrx_word' id='word_1_98' title='bbox 1140 1870 1337 1920; x_wconf 81' lang='lat' dir='ltr'>proavos</span> <span class='ocrx_word' id='word_1_99' title='bbox 1388 1856 1627 1921; x_wconf 75' lang='lat' dir='ltr'>strepitis]</span> 
     </span>
     <span class='ocr_line' id='line_1_20' title="bbox 564 1932 1624 1996; baseline -0.001 -14"><span class='ocrx_word' id='word_1_100' title='bbox 564 1933 735 1996; x_wconf 82' lang='lat' dir='ltr'>Lycus</span> <span class='ocrx_word' id='word_1_101' title='bbox 772 1933 1045 1982; x_wconf 81' lang='lat' dir='ltr'><strong>Thebanus</strong></span> <span class='ocrx_word' id='word_1_102' title='bbox 1089 1932 1228 1995; x_wconf 82' lang='lat' dir='ltr'>apud</span> <span class='ocrx_word' id='word_1_103' title='bbox 1270 1932 1518 1981; x_wconf 79' lang='lat' dir='ltr'>Senecam</span> <span class='ocrx_word' id='word_1_104' title='bbox 1573 1932 1624 1981; x_wconf 91' lang='lat' dir='ltr'>in</span> 
     </span>
     <span class='ocr_line' id='line_1_21' title="bbox 567 2009 1626 2060; baseline 0.001 -2"><span class='ocrx_word' id='word_1_105' title='bbox 567 2010 727 2058; x_wconf 82' lang='lat' dir='ltr'>Herc.</span> <span class='ocrx_word' id='word_1_106' title='bbox 770 2009 894 2058; x_wconf 83' lang='lat' dir='ltr'>Fur.</span> <span class='ocrx_word' id='word_1_107' title='bbox 937 2024 1009 2060; x_wconf 83' lang='lat' dir='ltr'>vs.</span> <span class='ocrx_word' id='word_1_108' title='bbox 1054 2013 1168 2059; x_wconf 76' lang='grc'><strong>137.</strong></span> <span class='ocrx_word' id='word_1_109' title='bbox 1240 2009 1400 2059; x_wconf 86' lang='lat' dir='ltr'>‘Non</span> <span class='ocrx_word' id='word_1_110' title='bbox 1445 2017 1626 2059; x_wconf 85' lang='lat' dir='ltr'>vetera</span> 
     </span>
     <span class='ocr_line' id='line_1_22' title="bbox 567 2085 1624 2149; baseline 0.006 -18"><span class='ocrx_word' id='word_1_111' title='bbox 567 2086 753 2149; x_wconf 79' lang='lat' dir='ltr'>patriae</span> <span class='ocrx_word' id='word_1_112' title='bbox 777 2085 900 2148; x_wconf 87' lang='lat' dir='ltr'>jura</span> <span class='ocrx_word' id='word_1_113' title='bbox 926 2085 1160 2149; x_wconf 82' lang='lat' dir='ltr'>possideo</span> <span class='ocrx_word' id='word_1_114' title='bbox 1188 2085 1373 2136; x_wconf 87' lang='lat' dir='ltr'>domus</span> <span class='ocrx_word' id='word_1_115' title='bbox 1399 2086 1624 2149; x_wconf 83' lang='lat' dir='ltr'>Ignavns</span> 
     </span>
     <span class='ocr_line' id='line_1_23' title="bbox 564 2161 1627 2223; baseline 0.002 -14"><span class='ocrx_word' id='word_1_116' title='bbox 564 2161 747 2211; x_wconf 85' lang='lat' dir='ltr'>heres:</span> <span class='ocrx_word' id='word_1_117' title='bbox 799 2161 996 2211; x_wconf 90' lang='lat' dir='ltr'>nobiles</span> <span class='ocrx_word' id='word_1_118' title='bbox 1042 2176 1144 2211; x_wconf 91' lang='lat' dir='ltr'>non</span> <span class='ocrx_word' id='word_1_119' title='bbox 1184 2170 1305 2212; x_wconf 81' lang='lat' dir='ltr'>sunt</span> <span class='ocrx_word' id='word_1_120' title='bbox 1345 2162 1468 2211; x_wconf 85' lang='lat' dir='ltr'>mihi</span> <span class='ocrx_word' id='word_1_121' title='bbox 1503 2161 1627 2223; x_wconf 77' lang='lat' dir='ltr'>Avi,</span> 
     </span>
     <span class='ocr_line' id='line_1_24' title="bbox 565 2239 1625 2303; baseline 0.001 -15"><span class='ocrx_word' id='word_1_122' title='bbox 565 2253 665 2289; x_wconf 90' lang='lat' dir='ltr'>nec</span> <span class='ocrx_word' id='word_1_123' title='bbox 689 2240 809 2288; x_wconf 85' lang='lat' dir='ltr'>altis</span> <span class='ocrx_word' id='word_1_124' title='bbox 832 2239 1081 2303; x_wconf 82' lang='lat' dir='ltr'>inclytum</span> <span class='ocrx_word' id='word_1_125' title='bbox 1108 2240 1270 2289; x_wconf 86' lang='lat' dir='ltr'>titulis</span> <span class='ocrx_word' id='word_1_126' title='bbox 1294 2254 1483 2303; x_wconf 83' lang='lat' dir='ltr'>genns;</span> <span class='ocrx_word' id='word_1_127' title='bbox 1522 2240 1625 2289; x_wconf 84' lang='lat' dir='ltr'>Sed</span> 
     </span>
     <span class='ocr_line' id='line_1_25' title="bbox 567 2316 1627 2380; baseline 0.001 -17"><span class='ocrx_word' id='word_1_128' title='bbox 567 2316 708 2364; x_wconf 87' lang='lat' dir='ltr'>clara</span> <span class='ocrx_word' id='word_1_129' title='bbox 732 2316 893 2364; x_wconf 83' lang='lat' dir='ltr'>virtus</span> <span class='ocrx_word' id='word_1_130' title='bbox 917 2332 930 2365; x_wconf 72' lang='grc' dir='ltr'><strong>ι</strong></span> <span class='ocrx_word' id='word_1_131' title='bbox 964 2317 1048 2380; x_wconf 89' lang='lat' dir='ltr'>qui</span> <span class='ocrx_word' id='word_1_132' title='bbox 1073 2330 1235 2379; x_wconf 81' lang='lat' dir='ltr'>genus</span> <span class='ocrx_word' id='word_1_133' title='bbox 1265 2316 1433 2379; x_wconf 83' lang='lat' dir='ltr'>jactat</span> <span class='ocrx_word' id='word_1_134' title='bbox 1460 2331 1627 2378; x_wconf 87' lang='lat' dir='ltr'>snum,</span> 
     </span>
     <span class='ocr_line' id='line_1_26' title="bbox 566 2390 1626 2444; baseline 0.005 -5"><span class='ocrx_word' id='word_1_135' title='bbox 566 2390 758 2441; x_wconf 80' lang='lat' dir='ltr'>Aliena</span> <span class='ocrx_word' id='word_1_136' title='bbox 792 2391 1006 2441; x_wconf 63' lang='lat' dir='ltr'>laudat!</span> <span class='ocrx_word' id='word_1_137' title='bbox 1078 2392 1318 2443; x_wconf 75' lang='lat' dir='ltr'>Juvenal.</span> <span class='ocrx_word' id='word_1_138' title='bbox 1353 2393 1466 2442; x_wconf 83' lang='lat' dir='ltr'>Sat.</span> <span class='ocrx_word' id='word_1_139' title='bbox 1499 2406 1626 2444; x_wconf 81' lang='lat' dir='ltr'>vm.</span> 
     </span>
     <span class='ocr_line' id='line_1_27' title="bbox 563 2469 1633 2539; baseline -0.002 -18"><span class='ocrx_word' id='word_1_140' title='bbox 563 2472 581 2497; x_wconf 77' lang='lat'>⁸</span> <span class='ocrx_word' id='word_1_141' title='bbox 604 2469 734 2521; x_wconf 81' lang='lat' dir='ltr'>Quis</span> <span class='ocrx_word' id='word_1_142' title='bbox 758 2469 893 2518; x_wconf 86' lang='lat' dir='ltr'>enim</span> <span class='ocrx_word' id='word_1_143' title='bbox 918 2484 1222 2533; x_wconf 85' lang='lat' dir='ltr'>generosum</span> <span class='ocrx_word' id='word_1_144' title='bbox 1254 2469 1446 2519; x_wconf 82' lang='lat' dir='ltr'>dixerit</span> <span class='ocrx_word' id='word_1_145' title='bbox 1477 2470 1633 2539; x_wconf 83' lang='lat' dir='ltr'>hunc,</span> 
     </span>
     <span class='ocr_line' id='line_1_28' title="bbox 565 2543 1632 2609; baseline 0.005 -18"><span class='ocrx_word' id='word_1_146' title='bbox 565 2544 654 2608; x_wconf 85' lang='lat' dir='ltr'>qni</span> <span class='ocrx_word' id='word_1_147' title='bbox 679 2543 925 2607; x_wconf 84' lang='lat' dir='ltr'>Indignus</span> <span class='ocrx_word' id='word_1_148' title='bbox 951 2558 1161 2608; x_wconf 78' lang='lat' dir='ltr'>genere,</span> <span class='ocrx_word' id='word_1_149' title='bbox 1193 2553 1246 2593; x_wconf 89' lang='lat' dir='ltr'>et</span> <span class='ocrx_word' id='word_1_150' title='bbox 1270 2546 1519 2609; x_wconf 59' lang='lat' dir='ltr'>praeclaro</span> <span class='ocrx_word' id='word_1_151' title='bbox 1541 2561 1632 2596; x_wconf 88' lang='lat' dir='ltr'>no-</span> 
     </span>
     <span class='ocr_line' id='line_1_29' title="bbox 568 2621 1631 2685; baseline 0.002 -15"><span class='ocrx_word' id='word_1_152' title='bbox 568 2621 704 2670; x_wconf 84' lang='lat' dir='ltr'>mine</span> <span class='ocrx_word' id='word_1_153' title='bbox 732 2626 931 2670; x_wconf 85' lang='lat' dir='ltr'>tantum</span> <span class='ocrx_word' id='word_1_154' title='bbox 969 2621 1197 2685; x_wconf 74' lang='lat' dir='ltr'>Insignis</span> <span class='ocrx_word' id='word_1_155' title='bbox 1213 2621 1254 2671; x_wconf 64' lang='lat'>2²</span> <span class='ocrx_word' id='word_1_156' title='bbox 1320 2623 1453 2672; x_wconf 86' lang='lat' dir='ltr'>Min.</span> <span class='ocrx_word' id='word_1_157' title='bbox 1477 2623 1631 2672; x_wconf 81' lang='lat' dir='ltr'>Felix</span> 
     </span>
     <span class='ocr_line' id='line_1_30' title="bbox 565 2696 1631 2762; baseline 0.003 -17"><span class='ocrx_word' id='word_1_158' title='bbox 565 2696 621 2745; x_wconf 90' lang='lat' dir='ltr'>in</span> <span class='ocrx_word' id='word_1_159' title='bbox 658 2696 784 2746; x_wconf 88' lang='lat' dir='ltr'>Oct.</span> <span class='ocrx_word' id='word_1_160' title='bbox 839 2697 1169 2747; x_wconf 80' lang='lat' dir='ltr'>‘Nobilitate</span> <span class='ocrx_word' id='word_1_161' title='bbox 1214 2710 1492 2762; x_wconf 69' lang='lat' dir='ltr'>generosus</span> <span class='ocrx_word' id='word_1_162' title='bbox 1537 2700 1631 2748; x_wconf 83' lang='lat' dir='ltr'>es?</span> 
     </span>
     <span class='ocr_line' id='line_1_31' title="bbox 566 2774 1630 2837; baseline 0.002 -15"><span class='ocrx_word' id='word_1_163' title='bbox 566 2780 815 2837; x_wconf 78' lang='lat' dir='ltr'>parentes</span> <span class='ocrx_word' id='word_1_164' title='bbox 838 2780 956 2823; x_wconf 85' lang='lat' dir='ltr'>tuos</span> <span class='ocrx_word' id='word_1_165' title='bbox 977 2774 1178 2824; x_wconf 83' lang='lat' dir='ltr'>laudas.</span> <span class='ocrx_word' id='word_1_166' title='bbox 1235 2776 1430 2825; x_wconf 87' lang='lat' dir='ltr'>Omnes</span> <span class='ocrx_word' id='word_1_167' title='bbox 1454 2782 1630 2824; x_wconf 86' lang='lat' dir='ltr'>tamen</span> 
     </span>
     <span class='ocr_line' id='line_1_32' title="bbox 570 2850 1632 2914; baseline 0.001 -15"><span class='ocrx_word' id='word_1_168' title='bbox 570 2851 684 2914; x_wconf 86' lang='lat' dir='ltr'>pari</span> <span class='ocrx_word' id='word_1_169' title='bbox 710 2857 851 2900; x_wconf 84' lang='lat' dir='ltr'>sorte</span> <span class='ocrx_word' id='word_1_170' title='bbox 876 2853 1155 2913; x_wconf 86' lang='lat' dir='ltr'>nascimur,</span> <span class='ocrx_word' id='word_1_171' title='bbox 1177 2852 1285 2901; x_wconf 87' lang='lat' dir='ltr'>sola</span> <span class='ocrx_word' id='word_1_172' title='bbox 1310 2852 1505 2901; x_wconf 83' lang='lat' dir='ltr'>virtute</span> <span class='ocrx_word' id='word_1_173' title='bbox 1528 2850 1632 2900; x_wconf 86' lang='lat' dir='ltr'>dis·</span> 
     </span>
     <span class='ocr_line' id='line_1_33' title="bbox 567 2928 1627 2993; baseline 0.002 -15"><span class='ocrx_word' id='word_1_174' title='bbox 567 2928 887 2993; x_wconf 65' lang='lat' dir='ltr'>tinguimur!</span> <span class='ocrx_word' id='word_1_175' title='bbox 956 2931 1141 2981; x_wconf 82' lang='lat' dir='ltr'>AElian.</span> <span class='ocrx_word' id='word_1_176' title='bbox 1164 2932 1254 2981; x_wconf 89' lang='lat' dir='ltr'>lib.</span> <span class='ocrx_word' id='word_1_177' title='bbox 1282 2945 1383 2981; x_wconf 84' lang='lat' dir='ltr'>xu.</span> <span class='ocrx_word' id='word_1_178' title='bbox 1420 2932 1627 2980; x_wconf 87' lang='lat' dir='ltr'>Variar.</span> 
     </span>
     <span class='ocr_line' id='line_1_34' title="bbox 570 3006 1632 3072; baseline 0.002 -17"><span class='ocrx_word' id='word_1_179' title='bbox 570 3006 712 3056; x_wconf 82' lang='lat' dir='ltr'>Hist.</span> <span class='ocrx_word' id='word_1_180' title='bbox 734 3022 852 3072; x_wconf 81' lang='lat' dir='ltr'>cap.</span> <span class='ocrx_word' id='word_1_181' title='bbox 875 3012 926 3058; x_wconf 83' lang='grc'><strong>6.</strong></span> <span class='ocrx_word' id='word_1_182' title='bbox 962 3006 1034 3056; x_wconf 77' lang='grc' dir='ltr'><strong>ὅτι</strong></span> <span class='ocrx_word' id='word_1_183' title='bbox 1054 3011 1208 3072; x_wconf 71' lang='grc' dir='ltr'><strong><em>’γελᾷν</em></strong></span> <span class='ocrx_word' id='word_1_184' title='bbox 1228 3008 1407 3071; x_wconf 71' lang='grc' dir='ltr'><strong>ἔξεστιν</strong></span> <span class='ocrx_word' id='word_1_185' title='bbox 1427 3007 1504 3056; x_wconf 73' lang='grc' dir='ltr'>ἐπὶ</span> <span class='ocrx_word' id='word_1_186' title='bbox 1529 3008 1632 3057; x_wconf 74' lang='grc' dir='ltr'>τοῖς</span> 
     </span>
     <span class='ocr_line' id='line_1_35' title="bbox 570 3081 1630 3147; baseline 0.001 -15"><span class='ocrx_word' id='word_1_187' title='bbox 570 3081 795 3145; x_wconf 61' lang='grc' dir='ltr'>μεγάλως</span> <span class='ocrx_word' id='word_1_188' title='bbox 848 3085 1068 3147; x_wconf 81' lang='grc' dir='ltr'><strong><em>φρονοῦσι</em></strong></span> <span class='ocrx_word' id='word_1_189' title='bbox 1121 3084 1196 3134; x_wconf 80' lang='grc' dir='ltr'><strong>διὰ</strong></span> <span class='ocrx_word' id='word_1_190' title='bbox 1243 3082 1357 3134; x_wconf 73' lang='grc' dir='ltr'>τοὺς</span> <span class='ocrx_word' id='word_1_191' title='bbox 1409 3081 1630 3146; x_wconf 68' lang='grc' dir='ltr'><strong>πατέρας.</strong></span> 
     </span>
     <span class='ocr_line' id='line_1_36' title="bbox 570 3161 1632 3224; baseline -0.004 -11"><span class='ocrx_word' id='word_1_192' title='bbox 570 3161 741 3213; x_wconf 80' lang='lat' dir='ltr'>Quam</span> <span class='ocrx_word' id='word_1_193' title='bbox 782 3162 962 3224; x_wconf 86' lang='lat' dir='ltr'>pulcre</span> <span class='ocrx_word' id='word_1_194' title='bbox 1000 3177 1122 3212; x_wconf 80' lang='lat' dir='ltr'>vero</span> <span class='ocrx_word' id='word_1_195' title='bbox 1144 3164 1400 3213; x_wconf 86' lang='lat' dir='ltr'>Romanus</span> <span class='ocrx_word' id='word_1_196' title='bbox 1422 3162 1632 3224; x_wconf 85' lang='lat' dir='ltr'>Martyr</span> 
     </span>
     <span class='ocr_line' id='line_1_37' title="bbox 569 3237 1630 3305; baseline 0 -18"><span class='ocrx_word' id='word_1_197' title='bbox 569 3238 708 3302; x_wconf 86' lang='lat' dir='ltr'>apud</span> <span class='ocrx_word' id='word_1_198' title='bbox 722 3237 982 3289; x_wconf 87' lang='lat' dir='ltr'>Prudent.</span> <span class='ocrx_word' id='word_1_199' title='bbox 993 3239 1290 3304; x_wconf 86' lang='lat' dir='ltr'>Peristeph.</span> <span class='ocrx_word' id='word_1_200' title='bbox 1329 3239 1537 3305; x_wconf 85' lang='lat' dir='ltr'>Hymno</span> <span class='ocrx_word' id='word_1_201' title='bbox 1550 3241 1630 3287; x_wconf 86' lang='grc'><strong>10.</strong></span> 
     </span>
     <span class='ocr_line' id='line_1_38' title="bbox 569 3312 1633 3381; baseline 0.002 -19"><span class='ocrx_word' id='word_1_202' title='bbox 569 3314 585 3343; x_wconf 84' lang='lat'>‘</span> <span class='ocrx_word' id='word_1_203' title='bbox 609 3312 762 3364; x_wconf 81' lang='lat' dir='ltr'>Absit</span> <span class='ocrx_word' id='word_1_204' title='bbox 782 3323 841 3365; x_wconf 88' lang='lat' dir='ltr'>nt</span> <span class='ocrx_word' id='word_1_205' title='bbox 864 3330 946 3365; x_wconf 89' lang='lat' dir='ltr'>me</span> <span class='ocrx_word' id='word_1_206' title='bbox 967 3316 1187 3366; x_wconf 85' lang='lat' dir='ltr'>nobilem</span> <span class='ocrx_word' id='word_1_207' title='bbox 1205 3317 1424 3381; x_wconf 79' lang='lat' dir='ltr'>Sanguis</span> <span class='ocrx_word' id='word_1_208' title='bbox 1445 3329 1633 3380; x_wconf 83' lang='lat' dir='ltr'>paren·</span> 
     </span>
     <span class='ocr_line' id='line_1_39' title="bbox 570 3393 1635 3455; baseline 0 -14"><span class='ocrx_word' id='word_1_209' title='bbox 570 3395 679 3442; x_wconf 89' lang='lat' dir='ltr'>tum</span> <span class='ocrx_word' id='word_1_210' title='bbox 706 3400 942 3455; x_wconf 81' lang='lat' dir='ltr'>proestet,</span> <span class='ocrx_word' id='word_1_211' title='bbox 958 3400 1048 3441; x_wconf 86' lang='lat' dir='ltr'>ant</span> <span class='ocrx_word' id='word_1_212' title='bbox 1070 3395 1156 3442; x_wconf 84' lang='lat' dir='ltr'>lex</span> <span class='ocrx_word' id='word_1_213' title='bbox 1179 3393 1351 3443; x_wconf 82' lang='lat' dir='ltr'>Curiae</span> <span class='ocrx_word' id='word_1_214' title='bbox 1369 3409 1382 3442; x_wconf 68' lang='grc' dir='ltr'><strong>ι</strong></span> <span class='ocrx_word' id='word_1_215' title='bbox 1403 3394 1635 3443; x_wconf 87' lang='lat' dir='ltr'>Genero-</span> 
     </span>
     <span class='ocr_line' id='line_1_40' title="bbox 572 3469 1633 3519; baseline 0.002 -2"><span class='ocrx_word' id='word_1_216' title='bbox 572 3482 631 3517; x_wconf 90' lang='lat' dir='ltr'>sa</span> <span class='ocrx_word' id='word_1_217' title='bbox 665 3469 860 3518; x_wconf 79' lang='lat' dir='ltr'>Christi</span> <span class='ocrx_word' id='word_1_218' title='bbox 898 3477 1047 3519; x_wconf 88' lang='lat' dir='ltr'>secta</span> <span class='ocrx_word' id='word_1_219' title='bbox 1078 3470 1323 3519; x_wconf 86' lang='lat' dir='ltr'>nobilitat</span> <span class='ocrx_word' id='word_1_220' title='bbox 1359 3470 1510 3519; x_wconf 85' lang='lat' dir='ltr'>viros.</span> <span class='ocrx_word' id='word_1_221' title='bbox 1578 3469 1633 3519; x_wconf 85' lang='lat' dir='ltr'>Si</span> 
     </span>
     <span class='ocr_line' id='line_1_41' title="bbox 570 3543 1633 3609; baseline 0.003 -17"><span class='ocrx_word' id='word_1_222' title='bbox 570 3546 737 3609; x_wconf 82' lang='lat' dir='ltr'>prima</span> <span class='ocrx_word' id='word_1_223' title='bbox 754 3543 943 3594; x_wconf 87' lang='lat' dir='ltr'>nostris</span> <span class='ocrx_word' id='word_1_224' title='bbox 960 3560 1076 3608; x_wconf 83' lang='lat' dir='ltr'>qnae</span> <span class='ocrx_word' id='word_1_225' title='bbox 1091 3546 1159 3595; x_wconf 87' lang='lat' dir='ltr'>sit</span> <span class='ocrx_word' id='word_1_226' title='bbox 1176 3545 1495 3595; x_wconf 87' lang='lat' dir='ltr'>incunabulis</span> <span class='ocrx_word' id='word_1_227' title='bbox 1513 3546 1633 3595; x_wconf 90' lang='lat' dir='ltr'>Ori·</span> 
     </span>
     <span class='ocr_line' id='line_1_42' title="bbox 574 3621 1635 3686; baseline 0.001 -15"><span class='ocrx_word' id='word_1_228' title='bbox 574 3636 641 3685; x_wconf 84' lang='lat' dir='ltr'>go</span> <span class='ocrx_word' id='word_1_229' title='bbox 684 3628 836 3670; x_wconf 85' lang='lat' dir='ltr'>textu</span> <span class='ocrx_word' id='word_1_230' title='bbox 875 3621 1161 3670; x_wconf 71' lang='lat' dir='ltr'>stemmatis</span> <span class='ocrx_word' id='word_1_231' title='bbox 1198 3635 1490 3686; x_wconf 83' lang='lat' dir='ltr'>recenseas,</span> <span class='ocrx_word' id='word_1_232' title='bbox 1529 3623 1635 3672; x_wconf 89' lang='lat' dir='ltr'>Dei</span> 
     </span>
     <span class='ocr_line' id='line_1_43' title="bbox 572 3696 1635 3762; baseline 0.003 -16"><span class='ocrx_word' id='word_1_233' title='bbox 572 3697 810 3762; x_wconf 84' lang='lat' dir='ltr'>parentis</span> <span class='ocrx_word' id='word_1_234' title='bbox 844 3712 957 3745; x_wconf 89' lang='lat' dir='ltr'>esse</span> <span class='ocrx_word' id='word_1_235' title='bbox 1000 3696 1065 3746; x_wconf 86' lang='lat' dir='ltr'>ab</span> <span class='ocrx_word' id='word_1_236' title='bbox 1106 3710 1195 3746; x_wconf 85' lang='lat' dir='ltr'>ore</span> <span class='ocrx_word' id='word_1_237' title='bbox 1234 3697 1502 3761; x_wconf 84' lang='lat' dir='ltr'>coepimus,</span> <span class='ocrx_word' id='word_1_238' title='bbox 1535 3698 1635 3749; x_wconf 84' lang='lat' dir='ltr'>Cui</span> 
     </span>
     <span class='ocr_line' id='line_1_44' title="bbox 574 3775 1637 3841; baseline 0.001 -16"><span class='ocrx_word' id='word_1_239' title='bbox 574 3776 791 3841; x_wconf 85' lang='lat' dir='ltr'>quisque</span> <span class='ocrx_word' id='word_1_240' title='bbox 813 3776 991 3838; x_wconf 81' lang='lat' dir='ltr'>servit,</span> <span class='ocrx_word' id='word_1_241' title='bbox 1021 3775 1110 3824; x_wconf 88' lang='lat' dir='ltr'>ille</span> <span class='ocrx_word' id='word_1_242' title='bbox 1149 3788 1271 3825; x_wconf 80' lang='lat' dir='ltr'>vere</span> <span class='ocrx_word' id='word_1_243' title='bbox 1311 3781 1392 3825; x_wconf 80' lang='lat' dir='ltr'>est</span> <span class='ocrx_word' id='word_1_244' title='bbox 1428 3776 1637 3840; x_wconf 89' lang='lat' dir='ltr'>nobilis,</span> 
     </span>
     <span class='ocr_line' id='line_1_45' title="bbox 574 3852 1635 3919; baseline 0.001 -14"><span class='ocrx_word' id='word_1_245' title='bbox 574 3856 726 3905; x_wconf 86' lang='lat' dir='ltr'>Patri</span> <span class='ocrx_word' id='word_1_246' title='bbox 780 3853 1005 3918; x_wconf 86' lang='lat' dir='ltr'>rebellis,</span> <span class='ocrx_word' id='word_1_247' title='bbox 1057 3853 1319 3903; x_wconf 86' lang='lat' dir='ltr'>invenitur</span> <span class='ocrx_word' id='word_1_248' title='bbox 1374 3852 1635 3919; x_wconf 58' lang='lat' dir='ltr'>degener?</span> 
     </span>
     <span class='ocr_line' id='line_1_46' title="bbox 580 3932 732 3982; baseline 0.007 -1"><span class='ocrx_word' id='word_1_249' title='bbox 580 3932 732 3982; x_wconf 69' lang='lat' dir='ltr'>Ideni.</span> 
     </span>
    </p>

    <p class='ocr_par' dir='ltr' id='par_1_6' title="bbox 575 4005 1641 4381">
     <span class='ocr_line' id='line_1_47' title="bbox 641 4005 1637 4070; baseline 0 -14"><span class='ocrx_word' id='word_1_250' title='bbox 641 4005 944 4070; x_wconf 81' lang='lat' dir='ltr'>Primordia]</span> <span class='ocrx_word' id='word_1_251' title='bbox 975 4006 990 4034; x_wconf 89' lang='lat'>‘</span> <span class='ocrx_word' id='word_1_252' title='bbox 1007 4007 1299 4057; x_wconf 85' lang='lat' dir='ltr'>Primordia</span> <span class='ocrx_word' id='word_1_253' title='bbox 1316 4021 1484 4056; x_wconf 88' lang='lat' dir='ltr'>rernm</span> <span class='ocrx_word' id='word_1_254' title='bbox 1498 4006 1512 4029; x_wconf 90' lang='lat'>&#39;</span> <span class='ocrx_word' id='word_1_255' title='bbox 1535 4008 1637 4056; x_wconf 88' lang='lat' dir='ltr'>Ln-</span> 
     </span>
     <span class='ocr_line' id='line_1_48' title="bbox 575 4085 1634 4148; baseline -0.002 -13"><span class='ocrx_word' id='word_1_256' title='bbox 575 4091 710 4136; x_wconf 87' lang='lat' dir='ltr'>cret.</span> <span class='ocrx_word' id='word_1_257' title='bbox 750 4085 838 4135; x_wconf 89' lang='lat' dir='ltr'>lib.</span> <span class='ocrx_word' id='word_1_258' title='bbox 863 4099 902 4134; x_wconf 86' lang='lat'>1.</span> <span class='ocrx_word' id='word_1_259' title='bbox 944 4085 961 4113; x_wconf 88' lang='lat'>‘</span> <span class='ocrx_word' id='word_1_260' title='bbox 988 4085 1204 4148; x_wconf 84' lang='lat' dir='ltr'>vocum,&#39;</span> <span class='ocrx_word' id='word_1_261' title='bbox 1250 4085 1387 4135; x_wconf 85' lang='lat' dir='ltr'>idem</span> <span class='ocrx_word' id='word_1_262' title='bbox 1424 4085 1517 4135; x_wconf 88' lang='lat' dir='ltr'>lib.</span> <span class='ocrx_word' id='word_1_263' title='bbox 1557 4096 1634 4134; x_wconf 71' lang='grc' dir='ltr'>ιν.</span> 
     </span>
     <span class='ocr_line' id='line_1_49' title="bbox 576 4160 1637 4227; baseline 0 -16"><span class='ocrx_word' id='word_1_264' title='bbox 576 4161 754 4222; x_wconf 79' lang='lat' dir='ltr'>‘vini‚’</span> <span class='ocrx_word' id='word_1_265' title='bbox 776 4161 911 4211; x_wconf 89' lang='lat' dir='ltr'>idem</span> <span class='ocrx_word' id='word_1_266' title='bbox 934 4161 1027 4212; x_wconf 87' lang='lat' dir='ltr'>lib.</span> <span class='ocrx_word' id='word_1_267' title='bbox 1051 4176 1128 4213; x_wconf 79' lang='grc' dir='ltr'>νι.</span> <span class='ocrx_word' id='word_1_268' title='bbox 1164 4163 1182 4191; x_wconf 87' lang='lat'>‘</span> <span class='ocrx_word' id='word_1_269' title='bbox 1200 4162 1370 4227; x_wconf 84' lang='lat' dir='ltr'>ignis,’</span> <span class='ocrx_word' id='word_1_270' title='bbox 1407 4162 1496 4212; x_wconf 90' lang='lat' dir='ltr'>lib.</span> <span class='ocrx_word' id='word_1_271' title='bbox 1520 4160 1637 4211; x_wconf 85' lang='lat' dir='ltr'>eod.</span> 
     </span>
     <span class='ocr_line' id='line_1_50' title="bbox 576 4236 1639 4302; baseline -0.003 -15"><span class='ocrx_word' id='word_1_272' title='bbox 576 4240 592 4266; x_wconf 81' lang='lat'><strong>⁴</strong></span> <span class='ocrx_word' id='word_1_273' title='bbox 613 4237 855 4302; x_wconf 84' lang='lat' dir='ltr'>generis,’</span> <span class='ocrx_word' id='word_1_274' title='bbox 889 4237 1049 4288; x_wconf 83' lang='lat' dir='ltr'>Ovid.</span> <span class='ocrx_word' id='word_1_275' title='bbox 1080 4238 1169 4288; x_wconf 86' lang='lat' dir='ltr'>lib.</span> <span class='ocrx_word' id='word_1_276' title='bbox 1194 4252 1257 4288; x_wconf 94' lang='grc' dir='ltr'>ιι.</span> <span class='ocrx_word' id='word_1_277' title='bbox 1278 4236 1458 4288; x_wconf 84' lang='lat' dir='ltr'>Amor.</span> <span class='ocrx_word' id='word_1_278' title='bbox 1494 4236 1514 4266; x_wconf 85' lang='lat'>‘</span> <span class='ocrx_word' id='word_1_279' title='bbox 1534 4237 1639 4286; x_wconf 87' lang='lat' dir='ltr'>cla-</span> 
     </span>
     <span class='ocr_line' id='line_1_51' title="bbox 575 4313 1641 4381; baseline 0 -16"><span class='ocrx_word' id='word_1_280' title='bbox 575 4314 695 4381; x_wconf 76' lang='lat' dir='ltr'>dis,’</span> <span class='ocrx_word' id='word_1_281' title='bbox 731 4315 884 4369; x_wconf 85' lang='lat' dir='ltr'>Silius</span> <span class='ocrx_word' id='word_1_282' title='bbox 920 4315 1115 4368; x_wconf 69' lang='lat' dir='ltr'>lib-iv.</span> <span class='ocrx_word' id='word_1_283' title='bbox 1144 4313 1339 4380; x_wconf 84' lang='lat' dir='ltr'>‘belli,&#39;</span> <span class='ocrx_word' id='word_1_284' title='bbox 1375 4314 1512 4365; x_wconf 84' lang='lat' dir='ltr'>idem</span> <span class='ocrx_word' id='word_1_285' title='bbox 1550 4313 1641 4365; x_wconf 83' lang='lat' dir='ltr'>lib.</span> 
     </span>
    </p>
   </div>
   <div class='ocr_carea' id='block_1_3' title="bbox 1270 396 2065 457">
    <p class='ocr_par' dir='ltr' id='par_1_7' title="bbox 1270 396 2065 457">
     <span class='ocr_line' id='line_1_52' title="bbox 1270 396 2065 457; baseline 0.001 -2"><span class='ocrx_word' id='word_1_286' title='bbox 1270 402 1486 457; x_wconf 63' lang='lat' dir='ltr'><strong>⁸0²1·AE</strong></span> <span class='ocrx_word' id='word_1_287' title='bbox 1536 399 1936 457; x_wconf 76' lang='lat' dir='ltr'>vAmoRtm</span> <span class='ocrx_word' id='word_1_288' title='bbox 1983 396 2065 456; x_wconf 71' lang='lat' dir='ltr'>IN</span> 
     </span>
    </p>
   </div>
   <div class='ocr_carea' id='block_1_4' title="bbox 1696 543 2837 4225">
    <p class='ocr_par' dir='ltr' id='par_1_8' title="bbox 1696 543 2757 1063">
     <span class='ocr_line' id='line_1_53' title="bbox 1702 543 2752 614; baseline 0.003 -16"><span class='ocrx_word' id='word_1_289' title='bbox 1702 559 1844 598; x_wconf 83' lang='lat' dir='ltr'>xvn.</span> <span class='ocrx_word' id='word_1_290' title='bbox 1893 548 2100 614; x_wconf 75' lang='lat' dir='ltr'>‘tedoe‚’</span> <span class='ocrx_word' id='word_1_291' title='bbox 2138 548 2257 600; x_wconf 83' lang='lat' dir='ltr'>Val.</span> <span class='ocrx_word' id='word_1_292' title='bbox 2291 548 2467 600; x_wconf 83' lang='lat' dir='ltr'>Flacc.</span> <span class='ocrx_word' id='word_1_293' title='bbox 2505 543 2596 601; x_wconf 77' lang='lat' dir='ltr'>ub.</span> <span class='ocrx_word' id='word_1_294' title='bbox 2634 556 2752 601; x_wconf 72' lang='lat' dir='ltr'>vm.</span> 
     </span>
     <span class='ocr_line' id='line_1_54' title="bbox 1702 625 2750 692; baseline 0.002 -17"><span class='ocrx_word' id='word_1_295' title='bbox 1702 629 1718 655; x_wconf 90' lang='lat'>‘</span> <span class='ocrx_word' id='word_1_296' title='bbox 1735 625 1937 690; x_wconf 84' lang='lat' dir='ltr'>noctis,’</span> <span class='ocrx_word' id='word_1_297' title='bbox 1957 627 2140 677; x_wconf 87' lang='lat' dir='ltr'>Claud.</span> <span class='ocrx_word' id='word_1_298' title='bbox 2161 627 2252 678; x_wconf 85' lang='lat' dir='ltr'>lib.</span> <span class='ocrx_word' id='word_1_299' title='bbox 2275 641 2317 677; x_wconf 90' lang='lat'>1.</span> <span class='ocrx_word' id='word_1_300' title='bbox 2339 627 2405 676; x_wconf 86' lang='lat' dir='ltr'>de</span> <span class='ocrx_word' id='word_1_301' title='bbox 2431 628 2607 692; x_wconf 80' lang='lat' dir='ltr'>Raptu</span> <span class='ocrx_word' id='word_1_302' title='bbox 2629 628 2750 677; x_wconf 79' lang='lat' dir='ltr'>Pro·</span> 
     </span>
     <span class='ocr_line' id='line_1_55' title="bbox 1699 702 2756 767; baseline 0.003 -16"><span class='ocrx_word' id='word_1_303' title='bbox 1699 717 1839 767; x_wconf 89' lang='lat' dir='ltr'>serp.</span> <span class='ocrx_word' id='word_1_304' title='bbox 1861 718 1935 753; x_wconf 81' lang='lat' dir='ltr'>vs.</span> <span class='ocrx_word' id='word_1_305' title='bbox 1959 707 2071 753; x_wconf 79' lang='lat'>112.</span> <span class='ocrx_word' id='word_1_306' title='bbox 2103 703 2120 730; x_wconf 90' lang='lat'>‘</span> <span class='ocrx_word' id='word_1_307' title='bbox 2139 702 2360 767; x_wconf 86' lang='lat' dir='ltr'>mentis,’</span> <span class='ocrx_word' id='word_1_308' title='bbox 2378 702 2615 754; x_wconf 83' lang='lat' dir='ltr'>Alcimus</span> <span class='ocrx_word' id='word_1_309' title='bbox 2639 703 2756 754; x_wconf 80' lang='lat' dir='ltr'>Avi·</span> 
     </span>
     <span class='ocr_line' id='line_1_56' title="bbox 1699 778 2755 843; baseline 0 -14"><span class='ocrx_word' id='word_1_310' title='bbox 1699 785 1783 829; x_wconf 86' lang='lat' dir='ltr'>tus</span> <span class='ocrx_word' id='word_1_311' title='bbox 1820 778 1887 828; x_wconf 88' lang='lat' dir='ltr'>de</span> <span class='ocrx_word' id='word_1_312' title='bbox 1926 778 1961 827; x_wconf 90' lang='lat' dir='ltr'>l.</span> <span class='ocrx_word' id='word_1_313' title='bbox 2002 779 2068 828; x_wconf 90' lang='lat' dir='ltr'>de</span> <span class='ocrx_word' id='word_1_314' title='bbox 2111 779 2344 843; x_wconf 79' lang='lat' dir='ltr'>Diluvio,</span> <span class='ocrx_word' id='word_1_315' title='bbox 2377 779 2583 842; x_wconf 70' lang='lat' dir='ltr'>‘legis,’</span> <span class='ocrx_word' id='word_1_316' title='bbox 2625 779 2755 829; x_wconf 85' lang='lat' dir='ltr'>idem</span> 
     </span>
     <span class='ocr_line' id='line_1_57' title="bbox 1698 857 2754 922; baseline 0.002 -15"><span class='ocrx_word' id='word_1_317' title='bbox 1698 857 1785 907; x_wconf 86' lang='lat' dir='ltr'>lib.</span> <span class='ocrx_word' id='word_1_318' title='bbox 1808 858 1925 907; x_wconf 79' lang='lat' dir='ltr'>eod.</span> <span class='ocrx_word' id='word_1_319' title='bbox 1945 859 1961 887; x_wconf 86' lang='lat'>‘</span> <span class='ocrx_word' id='word_1_320' title='bbox 1980 858 2189 922; x_wconf 57' lang='lat' dir='ltr'>gemis}</span> <span class='ocrx_word' id='word_1_321' title='bbox 2217 859 2353 909; x_wconf 87' lang='lat' dir='ltr'>idem</span> <span class='ocrx_word' id='word_1_322' title='bbox 2375 859 2466 911; x_wconf 82' lang='lat' dir='ltr'>lib.</span> <span class='ocrx_word' id='word_1_323' title='bbox 2488 860 2558 909; x_wconf 91' lang='lat' dir='ltr'>de</span> <span class='ocrx_word' id='word_1_324' title='bbox 2581 861 2754 910; x_wconf 80' lang='lat' dir='ltr'>Trans.</span> 
     </span>
     <span class='ocr_line' id='line_1_58' title="bbox 1696 934 2757 998; baseline 0 -14"><span class='ocrx_word' id='word_1_325' title='bbox 1696 937 1872 985; x_wconf 87' lang='lat' dir='ltr'>maris.</span> <span class='ocrx_word' id='word_1_326' title='bbox 1906 937 1922 964; x_wconf 83' lang='lat'><em>‘</em></span> <span class='ocrx_word' id='word_1_327' title='bbox 1942 936 2247 987; x_wconf 85' lang='lat' dir='ltr'>Primordiis</span> <span class='ocrx_word' id='word_1_328' title='bbox 2265 937 2479 987; x_wconf 79' lang='lat' dir='ltr'>rationis</span> <span class='ocrx_word' id='word_1_329' title='bbox 2503 934 2757 998; x_wconf 86' lang='lat' dir='ltr'>imbutus,&#39;</span> 
     </span>
     <span class='ocr_line' id='line_1_59' title="bbox 1699 1011 2369 1063; baseline 0.003 -3"><span class='ocrx_word' id='word_1_330' title='bbox 1699 1011 1959 1061; x_wconf 81' lang='lat' dir='ltr'>Arnobius</span> <span class='ocrx_word' id='word_1_331' title='bbox 1982 1011 2073 1063; x_wconf 89' lang='lat' dir='ltr'>lib.</span> <span class='ocrx_word' id='word_1_332' title='bbox 2092 1027 2180 1062; x_wconf 89' lang='grc' dir='ltr'><strong>ιιι.</strong></span> <span class='ocrx_word' id='word_1_333' title='bbox 2217 1013 2369 1062; x_wconf 77' lang='lat' dir='ltr'>Idem.</span> 
     </span>
    </p>

    <p class='ocr_par' dir='ltr' id='par_1_9' title="bbox 1698 1087 2762 1290">
     <span class='ocr_line' id='line_1_60' title="bbox 1765 1087 2757 1152; baseline -0.001 -14"><span class='ocrx_word' id='word_1_334' title='bbox 1765 1089 1938 1139; x_wconf 71' lang='lat' dir='ltr'>Naum</span> <span class='ocrx_word' id='word_1_335' title='bbox 1957 1091 2164 1150; x_wconf 75' lang='lat' dir='ltr'>degener</span> <span class='ocrx_word' id='word_1_336' title='bbox 2183 1088 2364 1152; x_wconf 74' lang='lat' dir='ltr'>exstat]</span> <span class='ocrx_word' id='word_1_337' title='bbox 2394 1088 2553 1137; x_wconf 85' lang='lat' dir='ltr'>Silius</span> <span class='ocrx_word' id='word_1_338' title='bbox 2585 1087 2678 1138; x_wconf 82' lang='lat' dir='ltr'>lib.</span> <span class='ocrx_word' id='word_1_339' title='bbox 2704 1101 2757 1137; x_wconf 56' lang='lat' dir='ltr'>xa</span> 
     </span>
     <span class='ocr_line' id='line_1_61' title="bbox 1698 1162 2762 1229; baseline 0.001 -17"><span class='ocrx_word' id='word_1_340' title='bbox 1698 1164 1715 1193; x_wconf 88' lang='lat'>‘</span> <span class='ocrx_word' id='word_1_341' title='bbox 1734 1163 1876 1213; x_wconf 87' lang='lat' dir='ltr'>Proh</span> <span class='ocrx_word' id='word_1_342' title='bbox 1892 1165 2116 1229; x_wconf 79' lang='lat' dir='ltr'>degener</span> <span class='ocrx_word' id='word_1_343' title='bbox 2136 1167 2256 1215; x_wconf 82' lang='lat' dir='ltr'>altae</span> <span class='ocrx_word' id='word_1_344' title='bbox 2267 1165 2498 1216; x_wconf 85' lang='lat' dir='ltr'>Virtutis</span> <span class='ocrx_word' id='word_1_345' title='bbox 2519 1162 2762 1229; x_wconf 68' lang='lat' dir='ltr'>patrum.⁹</span> 
     </span>
     <span class='ocr_line' id='line_1_62' title="bbox 1698 1239 1853 1290; baseline 0 0"><span class='ocrx_word' id='word_1_346' title='bbox 1698 1239 1853 1290; x_wconf 76' lang='lat' dir='ltr'>Idem.</span> 
     </span>
    </p>

    <p class='ocr_par' dir='ltr' id='par_1_10' title="bbox 1698 1317 2765 1535">
     <span class='ocr_line' id='line_1_63' title="bbox 1763 1317 2765 1381; baseline -0.002 -12"><span class='ocrx_word' id='word_1_347' title='bbox 1763 1320 1949 1369; x_wconf 73' lang='lat' dir='ltr'>PnosA</span> <span class='ocrx_word' id='word_1_348' title='bbox 1968 1323 2018 1368; x_wconf 84' lang='grc'><strong>7.</strong></span> <span class='ocrx_word' id='word_1_349' title='bbox 2087 1320 2219 1375; x_wconf 65' lang='lat' dir='ltr'>Quid</span> <span class='ocrx_word' id='word_1_350' title='bbox 2258 1324 2414 1369; x_wconf 78' lang='lat' dir='ltr'>antem</span> <span class='ocrx_word' id='word_1_351' title='bbox 2454 1320 2518 1368; x_wconf 80' lang='lat' dir='ltr'>de</span> <span class='ocrx_word' id='word_1_352' title='bbox 2562 1317 2765 1381; x_wconf 71' lang='lat' dir='ltr'>corporis</span> 
     </span>
     <span class='ocr_line' id='line_1_64' title="bbox 1698 1394 2762 1461; baseline -0.005 -13"><span class='ocrx_word' id='word_1_353' title='bbox 1698 1396 2035 1461; x_wconf 70' lang='lat' dir='ltr'>voluptatibus]</span> <span class='ocrx_word' id='word_1_354' title='bbox 2069 1394 2264 1445; x_wconf 81' lang='lat' dir='ltr'>Confer</span> <span class='ocrx_word' id='word_1_355' title='bbox 2302 1397 2367 1446; x_wconf 89' lang='lat' dir='ltr'>B.</span> <span class='ocrx_word' id='word_1_356' title='bbox 2410 1394 2638 1458; x_wconf 79' lang='lat' dir='ltr'>August.</span> <span class='ocrx_word' id='word_1_357' title='bbox 2677 1394 2762 1443; x_wconf 88' lang='lat' dir='ltr'>lib.</span> 
     </span>
     <span class='ocr_line' id='line_1_65' title="bbox 1699 1471 2762 1535; baseline -0.004 -12"><span class='ocrx_word' id='word_1_358' title='bbox 1699 1485 1822 1524; x_wconf 72' lang='lat' dir='ltr'>xiv,</span> <span class='ocrx_word' id='word_1_359' title='bbox 1863 1473 1930 1522; x_wconf 92' lang='lat' dir='ltr'>de</span> <span class='ocrx_word' id='word_1_360' title='bbox 1956 1472 2071 1523; x_wconf 70' lang='lat' dir='ltr'>Cir.</span> <span class='ocrx_word' id='word_1_361' title='bbox 2088 1471 2216 1535; x_wconf 88' lang='lat' dir='ltr'>Dei,</span> <span class='ocrx_word' id='word_1_362' title='bbox 2249 1487 2366 1535; x_wconf 89' lang='lat' dir='ltr'>cap.</span> <span class='ocrx_word' id='word_1_363' title='bbox 2405 1475 2485 1521; x_wconf 82' lang='lat'>16.</span> <span class='ocrx_word' id='word_1_364' title='bbox 2525 1477 2583 1521; x_wconf 89' lang='lat' dir='ltr'>et</span> <span class='ocrx_word' id='word_1_365' title='bbox 2623 1484 2762 1535; x_wconf 84' lang='lat' dir='ltr'>seqq.</span> 
     </span>
    </p>

    <p class='ocr_par' dir='ltr' id='par_1_11' title="bbox 1698 1623 2837 4225">
     <span class='ocr_line' id='line_1_66' title="bbox 1763 1623 2765 1691; baseline -0.001 -15"><span class='ocrx_word' id='word_1_366' title='bbox 1763 1627 1845 1676; x_wconf 82' lang='lat' dir='ltr'>De</span> <span class='ocrx_word' id='word_1_367' title='bbox 1865 1626 2072 1691; x_wconf 82' lang='lat' dir='ltr'>corporis</span> <span class='ocrx_word' id='word_1_368' title='bbox 2096 1623 2434 1690; x_wconf 73' lang='lat' dir='ltr'>voluptatibus]</span> <span class='ocrx_word' id='word_1_369' title='bbox 2470 1626 2648 1678; x_wconf 82' lang='lat' dir='ltr'>Quam</span> <span class='ocrx_word' id='word_1_370' title='bbox 2680 1640 2765 1675; x_wconf 81' lang='lat' dir='ltr'>vo·</span> 
     </span>
     <span class='ocr_line' id='line_1_67' title="bbox 1698 1703 2768 1767; baseline -0.001 -14"><span class='ocrx_word' id='word_1_371' title='bbox 1698 1704 1957 1767; x_wconf 84' lang='lat' dir='ltr'>luptatem</span> <span class='ocrx_word' id='word_1_372' title='bbox 1995 1703 2293 1767; x_wconf 84' lang='lat' dir='ltr'>probaverit</span> <span class='ocrx_word' id='word_1_373' title='bbox 2316 1703 2488 1765; x_wconf 84' lang='lat' dir='ltr'>Plato,</span> <span class='ocrx_word' id='word_1_374' title='bbox 2522 1708 2768 1752; x_wconf 85' lang='lat' dir='ltr'>recenset</span> 
     </span>
     <span class='ocr_line' id='line_1_68' title="bbox 1699 1778 2770 1844; baseline -0.003 -14"><span class='ocrx_word' id='word_1_375' title='bbox 1699 1781 1953 1844; x_wconf 82' lang='lat' dir='ltr'>Apuleius</span> <span class='ocrx_word' id='word_1_376' title='bbox 1997 1781 2085 1831; x_wconf 87' lang='lat' dir='ltr'>lib.</span> <span class='ocrx_word' id='word_1_377' title='bbox 2121 1781 2189 1830; x_wconf 88' lang='lat' dir='ltr'>de</span> <span class='ocrx_word' id='word_1_378' title='bbox 2226 1778 2391 1844; x_wconf 84' lang='lat' dir='ltr'>ejusd.</span> <span class='ocrx_word' id='word_1_379' title='bbox 2427 1779 2770 1843; x_wconf 74' lang='lat' dir='ltr'>Philosophia</span> 
     </span>
     <span class='ocr_line' id='line_1_69' title="bbox 1699 1859 2769 1922; baseline -0.003 -15"><span class='ocrx_word' id='word_1_380' title='bbox 1699 1859 1942 1909; x_wconf 86' lang='lat' dir='ltr'>naturali.</span> <span class='ocrx_word' id='word_1_381' title='bbox 2003 1859 2372 1922; x_wconf 83' lang='lat' dir='ltr'>‘Voluptatem</span> <span class='ocrx_word' id='word_1_382' title='bbox 2428 1870 2556 1906; x_wconf 81' lang='lat' dir='ltr'>vero</span> <span class='ocrx_word' id='word_1_383' title='bbox 2597 1869 2769 1920; x_wconf 85' lang='lat' dir='ltr'>neque</span> 
     </span>
     <span class='ocr_line' id='line_1_70' title="bbox 1699 1931 2769 1996; baseline -0.003 -14"><span class='ocrx_word' id='word_1_384' title='bbox 1699 1932 1888 1982; x_wconf 87' lang='lat' dir='ltr'>bonnm</span> <span class='ocrx_word' id='word_1_385' title='bbox 1925 1947 2040 1982; x_wconf 85' lang='lat' dir='ltr'>esse</span> <span class='ocrx_word' id='word_1_386' title='bbox 2078 1932 2333 1994; x_wconf 83' lang='lat' dir='ltr'>absolute,</span> <span class='ocrx_word' id='word_1_387' title='bbox 2365 1945 2537 1996; x_wconf 85' lang='lat' dir='ltr'>neque</span> <span class='ocrx_word' id='word_1_388' title='bbox 2571 1931 2769 1995; x_wconf 87' lang='lat' dir='ltr'>simpli·</span> 
     </span>
     <span class='ocr_line' id='line_1_71' title="bbox 1700 2007 2772 2072; baseline -0.001 -15"><span class='ocrx_word' id='word_1_389' title='bbox 1700 2008 1832 2058; x_wconf 89' lang='lat' dir='ltr'>citer</span> <span class='ocrx_word' id='word_1_390' title='bbox 1855 2009 2062 2059; x_wconf 87' lang='lat' dir='ltr'>malum.</span> <span class='ocrx_word' id='word_1_391' title='bbox 2128 2008 2230 2057; x_wconf 83' lang='lat' dir='ltr'>Sed</span> <span class='ocrx_word' id='word_1_392' title='bbox 2264 2021 2379 2057; x_wconf 87' lang='lat' dir='ltr'>eam</span> <span class='ocrx_word' id='word_1_393' title='bbox 2411 2022 2533 2072; x_wconf 76' lang='lat' dir='ltr'>quae</span> <span class='ocrx_word' id='word_1_394' title='bbox 2571 2007 2643 2057; x_wconf 85' lang='lat' dir='ltr'>sit</span> <span class='ocrx_word' id='word_1_395' title='bbox 2683 2007 2772 2056; x_wconf 89' lang='lat' dir='ltr'>ho·</span> 
     </span>
     <span class='ocr_line' id='line_1_72' title="bbox 1699 2083 2771 2150; baseline -0.003 -16"><span class='ocrx_word' id='word_1_396' title='bbox 1699 2092 1849 2135; x_wconf 83' lang='lat' dir='ltr'>nesta</span> <span class='ocrx_word' id='word_1_397' title='bbox 1872 2100 1970 2135; x_wconf 91' lang='lat' dir='ltr'>nec</span> <span class='ocrx_word' id='word_1_398' title='bbox 1993 2084 2248 2150; x_wconf 85' lang='lat' dir='ltr'>pudendis</span> <span class='ocrx_word' id='word_1_399' title='bbox 2271 2084 2447 2146; x_wconf 85' lang='lat' dir='ltr'>rebus,</span> <span class='ocrx_word' id='word_1_400' title='bbox 2481 2084 2578 2133; x_wconf 87' lang='lat' dir='ltr'>sed</span> <span class='ocrx_word' id='word_1_401' title='bbox 2613 2083 2771 2147; x_wconf 83' lang='lat' dir='ltr'>glori-</span> 
     </span>
     <span class='ocr_line' id='line_1_73' title="bbox 1701 2160 2770 2224; baseline -0.003 -13"><span class='ocrx_word' id='word_1_402' title='bbox 1701 2162 1805 2211; x_wconf 87' lang='lat' dir='ltr'>osis</span> <span class='ocrx_word' id='word_1_403' title='bbox 1826 2162 2029 2211; x_wconf 79' lang='lat' dir='ltr'>actibus</span> <span class='ocrx_word' id='word_1_404' title='bbox 2056 2161 2248 2224; x_wconf 83' lang='lat' dir='ltr'>veniat,</span> <span class='ocrx_word' id='word_1_405' title='bbox 2282 2175 2383 2209; x_wconf 93' lang='lat' dir='ltr'>non</span> <span class='ocrx_word' id='word_1_406' title='bbox 2415 2175 2531 2210; x_wconf 87' lang='lat' dir='ltr'>esse</span> <span class='ocrx_word' id='word_1_407' title='bbox 2565 2160 2770 2224; x_wconf 82' lang='lat' dir='ltr'>fngien-</span> 
     </span>
     <span class='ocr_line' id='line_1_74' title="bbox 1700 2238 2774 2301; baseline -0.002 -14"><span class='ocrx_word' id='word_1_408' title='bbox 1700 2239 1850 2287; x_wconf 87' lang='lat' dir='ltr'>dam:</span> <span class='ocrx_word' id='word_1_409' title='bbox 1901 2238 2041 2287; x_wconf 88' lang='lat' dir='ltr'>illam</span> <span class='ocrx_word' id='word_1_410' title='bbox 2087 2251 2211 2287; x_wconf 84' lang='lat' dir='ltr'>vero</span> <span class='ocrx_word' id='word_1_411' title='bbox 2254 2252 2408 2301; x_wconf 85' lang='lat' dir='ltr'>quam</span> <span class='ocrx_word' id='word_1_412' title='bbox 2455 2242 2774 2300; x_wconf 85' lang='lat' dir='ltr'>aspernatur</span> 
     </span>
     <span class='ocr_line' id='line_1_75' title="bbox 1702 2312 2771 2379; baseline -0.002 -16"><span class='ocrx_word' id='word_1_413' title='bbox 1702 2321 1888 2364; x_wconf 86' lang='lat' dir='ltr'>natura</span> <span class='ocrx_word' id='word_1_414' title='bbox 1910 2314 2022 2379; x_wconf 86' lang='lat' dir='ltr'>ipsa</span> <span class='ocrx_word' id='word_1_415' title='bbox 2042 2312 2183 2377; x_wconf 88' lang='lat' dir='ltr'>turpi</span> <span class='ocrx_word' id='word_1_416' title='bbox 2206 2312 2558 2362; x_wconf 79' lang='lat' dir='ltr'>delectatione</span> <span class='ocrx_word' id='word_1_417' title='bbox 2583 2314 2771 2376; x_wconf 83' lang='lat' dir='ltr'>quaesi-</span> 
     </span>
     <span class='ocr_line' id='line_1_76' title="bbox 1704 2389 2773 2455; baseline -0.003 -13"><span class='ocrx_word' id='word_1_418' title='bbox 1704 2398 1827 2455; x_wconf 86' lang='lat' dir='ltr'>tam,</span> <span class='ocrx_word' id='word_1_419' title='bbox 1864 2390 2020 2440; x_wconf 84' lang='lat' dir='ltr'>vitari</span> <span class='ocrx_word' id='word_1_420' title='bbox 2041 2396 2286 2453; x_wconf 81' lang='lat' dir='ltr'>oportere</span> <span class='ocrx_word' id='word_1_421' title='bbox 2310 2389 2593 2439; x_wconf 86' lang='lat' dir='ltr'>censebat.&#39;</span> <span class='ocrx_word' id='word_1_422' title='bbox 2637 2391 2773 2439; x_wconf 81' lang='lat' dir='ltr'>Ean-</span> 
     </span>
     <span class='ocr_line' id='line_1_77' title="bbox 1703 2466 2775 2519; baseline -0.001 -1"><span class='ocrx_word' id='word_1_423' title='bbox 1703 2469 1821 2519; x_wconf 85' lang='lat' dir='ltr'>dem</span> <span class='ocrx_word' id='word_1_424' title='bbox 1860 2483 1974 2519; x_wconf 90' lang='lat' dir='ltr'>esse</span> <span class='ocrx_word' id='word_1_425' title='bbox 2014 2474 2241 2517; x_wconf 86' lang='lat' dir='ltr'>mentem</span> <span class='ocrx_word' id='word_1_426' title='bbox 2261 2466 2564 2516; x_wconf 87' lang='lat' dir='ltr'>Aristotelis</span> <span class='ocrx_word' id='word_1_427' title='bbox 2602 2480 2775 2517; x_wconf 85' lang='lat' dir='ltr'>snam·</span> 
     </span>
     <span class='ocr_line' id='line_1_78' title="bbox 1704 2541 2773 2611; baseline -0.001 -16"><span class='ocrx_word' id='word_1_428' title='bbox 1704 2561 1807 2611; x_wconf 85' lang='lat' dir='ltr'>que</span> <span class='ocrx_word' id='word_1_429' title='bbox 1841 2545 2012 2610; x_wconf 88' lang='lat' dir='ltr'>aperit</span> <span class='ocrx_word' id='word_1_430' title='bbox 2033 2543 2339 2593; x_wconf 78' lang='lat' dir='ltr'>Alexander</span> <span class='ocrx_word' id='word_1_431' title='bbox 2358 2541 2640 2606; x_wconf 81' lang='lat' dir='ltr'>Aplirodis.</span> <span class='ocrx_word' id='word_1_432' title='bbox 2684 2559 2773 2594; x_wconf 85' lang='lat' dir='ltr'>na·</span> 
     </span>
     <span class='ocr_line' id='line_1_79' title="bbox 1707 2621 2775 2688; baseline -0.004 -15"><span class='ocrx_word' id='word_1_433' title='bbox 1707 2631 1811 2674; x_wconf 81' lang='lat' dir='ltr'>tur.</span> <span class='ocrx_word' id='word_1_434' title='bbox 1833 2623 2106 2688; x_wconf 80' lang='lat' dir='ltr'>quaestion.</span> <span class='ocrx_word' id='word_1_435' title='bbox 2138 2621 2227 2669; x_wconf 88' lang='lat' dir='ltr'>lib.</span> <span class='ocrx_word' id='word_1_436' title='bbox 2254 2634 2332 2671; x_wconf 74' lang='grc' dir='ltr'>ιν.</span> <span class='ocrx_word' id='word_1_437' title='bbox 2366 2635 2484 2684; x_wconf 86' lang='lat' dir='ltr'>cap.</span> <span class='ocrx_word' id='word_1_438' title='bbox 2504 2624 2586 2669; x_wconf 76' lang='lat'>28.</span> <span class='ocrx_word' id='word_1_439' title='bbox 2623 2621 2775 2671; x_wconf 88' lang='lat' dir='ltr'>nimi-</span> 
     </span>
     <span class='ocr_line' id='line_1_80' title="bbox 1706 2698 2774 2764; baseline -0.003 -14"><span class='ocrx_word' id='word_1_440' title='bbox 1706 2716 1817 2751; x_wconf 87' lang='lat' dir='ltr'>rum</span> <span class='ocrx_word' id='word_1_441' title='bbox 1857 2713 1972 2751; x_wconf 87' lang='lat' dir='ltr'>eam</span> <span class='ocrx_word' id='word_1_442' title='bbox 2010 2715 2110 2751; x_wconf 82' lang='lat' dir='ltr'>nou</span> <span class='ocrx_word' id='word_1_443' title='bbox 2149 2698 2453 2763; x_wconf 83' lang='lat' dir='ltr'>fugiendam</span> <span class='ocrx_word' id='word_1_444' title='bbox 2498 2714 2616 2764; x_wconf 82' lang='lat' dir='ltr'>qnae</span> <span class='ocrx_word' id='word_1_445' title='bbox 2655 2713 2774 2749; x_wconf 89' lang='lat' dir='ltr'>cnm</span> 
     </span>
     <span class='ocr_line' id='line_1_81' title="bbox 1704 2774 2774 2840; baseline -0.002 -16"><span class='ocrx_word' id='word_1_446' title='bbox 1704 2776 1977 2826; x_wconf 83' lang='lat' dir='ltr'>honestate</span> <span class='ocrx_word' id='word_1_447' title='bbox 2008 2774 2290 2840; x_wconf 84' lang='lat' dir='ltr'>conjuncta</span> <span class='ocrx_word' id='word_1_448' title='bbox 2326 2782 2438 2835; x_wconf 79' lang='lat' dir='ltr'>est3</span> <span class='ocrx_word' id='word_1_449' title='bbox 2488 2789 2606 2838; x_wconf 77' lang='lat' dir='ltr'>qnae</span> <span class='ocrx_word' id='word_1_450' title='bbox 2647 2788 2774 2823; x_wconf 82' lang='lat' dir='ltr'>vero</span> 
     </span>
     <span class='ocr_line' id='line_1_82' title="bbox 1706 2848 2778 2916; baseline -0.004 -15"><span class='ocrx_word' id='word_1_451' title='bbox 1706 2854 1772 2903; x_wconf 81' lang='lat' dir='ltr'>ab</span> <span class='ocrx_word' id='word_1_452' title='bbox 1794 2853 2032 2916; x_wconf 87' lang='lat' dir='ltr'>turpibus</span> <span class='ocrx_word' id='word_1_453' title='bbox 2073 2851 2363 2901; x_wconf 71' lang='lat' dir='ltr'>actionibus</span> <span class='ocrx_word' id='word_1_454' title='bbox 2405 2848 2778 2913; x_wconf 83' lang='lat' dir='ltr'>proficiscitur,</span> 
     </span>
     <span class='ocr_line' id='line_1_83' title="bbox 1704 2925 2774 2994; baseline -0.001 -16"><span class='ocrx_word' id='word_1_455' title='bbox 1704 2929 2012 2994; x_wconf 88' lang='lat' dir='ltr'>poenitentia</span> <span class='ocrx_word' id='word_1_456' title='bbox 2030 2927 2188 2978; x_wconf 84' lang='lat' dir='ltr'>finiri.</span> <span class='ocrx_word' id='word_1_457' title='bbox 2255 2928 2375 2978; x_wconf 88' lang='lat' dir='ltr'>Nec</span> <span class='ocrx_word' id='word_1_458' title='bbox 2396 2926 2432 2975; x_wconf 87' lang='lat' dir='ltr'>ii</span> <span class='ocrx_word' id='word_1_459' title='bbox 2456 2926 2643 2988; x_wconf 86' lang='lat' dir='ltr'>solnm,</span> <span class='ocrx_word' id='word_1_460' title='bbox 2683 2925 2774 2977; x_wconf 76' lang='lat' dir='ltr'>sed</span> 
     </span>
     <span class='ocr_line' id='line_1_84' title="bbox 1704 3006 2778 3073; baseline -0.004 -14"><span class='ocrx_word' id='word_1_461' title='bbox 1704 3010 1866 3059; x_wconf 90' lang='lat' dir='ltr'>omnis</span> <span class='ocrx_word' id='word_1_462' title='bbox 1882 3023 2088 3073; x_wconf 78' lang='lat' dir='ltr'>semper</span> <span class='ocrx_word' id='word_1_463' title='bbox 2105 3006 2464 3072; x_wconf 76' lang='lat' dir='ltr'>Philosophia,</span> <span class='ocrx_word' id='word_1_464' title='bbox 2479 3007 2555 3055; x_wconf 79' lang='lat' dir='ltr'>nit</span> <span class='ocrx_word' id='word_1_465' title='bbox 2566 3006 2778 3056; x_wconf 76' lang='lat' dir='ltr'>Seneca</span> 
     </span>
     <span class='ocr_line' id='line_1_85' title="bbox 1706 3081 2772 3150; baseline -0.001 -14"><span class='ocrx_word' id='word_1_466' title='bbox 1706 3087 1872 3150; x_wconf 84' lang='lat' dir='ltr'>Epist.</span> <span class='ocrx_word' id='word_1_467' title='bbox 1901 3090 1984 3135; x_wconf 78' lang='lat'>90.</span> <span class='ocrx_word' id='word_1_468' title='bbox 2029 3085 2332 3134; x_wconf 76' lang='lat' dir='ltr'>‘damnavit</span> <span class='ocrx_word' id='word_1_469' title='bbox 2375 3084 2564 3133; x_wconf 83' lang='lat' dir='ltr'>mixtas</span> <span class='ocrx_word' id='word_1_470' title='bbox 2610 3081 2772 3146; x_wconf 80' lang='lat' dir='ltr'>poeni·</span> 
     </span>
     <span class='ocr_line' id='line_1_86' title="bbox 1705 3158 2775 3225; baseline -0.006 -12"><span class='ocrx_word' id='word_1_471' title='bbox 1705 3163 1885 3213; x_wconf 80' lang='lat' dir='ltr'>tentiae</span> <span class='ocrx_word' id='word_1_472' title='bbox 1909 3161 2238 3225; x_wconf 67' lang='lat' dir='ltr'>voluptates!</span> <span class='ocrx_word' id='word_1_473' title='bbox 2303 3162 2448 3213; x_wconf 84' lang='lat' dir='ltr'>Quas</span> <span class='ocrx_word' id='word_1_474' title='bbox 2467 3161 2521 3208; x_wconf 90' lang='lat' dir='ltr'>in</span> <span class='ocrx_word' id='word_1_475' title='bbox 2541 3158 2775 3223; x_wconf 84' lang='lat' dir='ltr'>pudendi</span> 
     </span>
     <span class='ocr_line' id='line_1_87' title="bbox 1707 3239 2774 3306; baseline -0.005 -15"><span class='ocrx_word' id='word_1_476' title='bbox 1707 3242 1946 3306; x_wconf 75' lang='lat' dir='ltr'>gulaeque</span> <span class='ocrx_word' id='word_1_477' title='bbox 1986 3240 2384 3304; x_wconf 86' lang='lat' dir='ltr'>intemperantia</span> <span class='ocrx_word' id='word_1_478' title='bbox 2438 3239 2641 3302; x_wconf 83' lang='lat' dir='ltr'>positas</span> <span class='ocrx_word' id='word_1_479' title='bbox 2700 3239 2774 3287; x_wconf 89' lang='lat' dir='ltr'>sic</span> 
     </span>
     <span class='ocr_line' id='line_1_88' title="bbox 1706 3314 2778 3381; baseline -0.007 -13"><span class='ocrx_word' id='word_1_480' title='bbox 1706 3317 1969 3380; x_wconf 82' lang='lat' dir='ltr'>Turpilius</span> <span class='ocrx_word' id='word_1_481' title='bbox 1985 3317 2334 3381; x_wconf 82' lang='lat' dir='ltr'>Thrasyleone</span> <span class='ocrx_word' id='word_1_482' title='bbox 2351 3315 2632 3379; x_wconf 81' lang='lat' dir='ltr'>expressit,</span> <span class='ocrx_word' id='word_1_483' title='bbox 2647 3314 2665 3341; x_wconf 90' lang='lat'>‘</span> <span class='ocrx_word' id='word_1_484' title='bbox 2679 3315 2778 3362; x_wconf 85' lang='lat' dir='ltr'>Ve-</span> 
     </span>
     <span class='ocr_line' id='line_1_89' title="bbox 1707 3390 2775 3456; baseline -0.005 -13"><span class='ocrx_word' id='word_1_485' title='bbox 1707 3408 1905 3455; x_wconf 88' lang='lat' dir='ltr'>nerem,</span> <span class='ocrx_word' id='word_1_486' title='bbox 1960 3407 2203 3456; x_wconf 79' lang='lat' dir='ltr'>mensam,</span> <span class='ocrx_word' id='word_1_487' title='bbox 2247 3394 2397 3451; x_wconf 88' lang='lat' dir='ltr'>talos,</span> <span class='ocrx_word' id='word_1_488' title='bbox 2456 3393 2663 3442; x_wconf 83' lang='lat' dir='ltr'>vinnm:</span> <span class='ocrx_word' id='word_1_489' title='bbox 2723 3390 2775 3438; x_wconf 87' lang='lat' dir='ltr'>in</span> 
     </span>
     <span class='ocr_line' id='line_1_90' title="bbox 1705 3466 2774 3535; baseline -0.005 -16"><span class='ocrx_word' id='word_1_490' title='bbox 1705 3470 1820 3519; x_wconf 81' lang='lat' dir='ltr'>haec</span> <span class='ocrx_word' id='word_1_491' title='bbox 1872 3469 2184 3535; x_wconf 85' lang='lat' dir='ltr'>hujusmodi,</span> <span class='ocrx_word' id='word_1_492' title='bbox 2233 3468 2420 3533; x_wconf 87' lang='lat' dir='ltr'>quibus</span> <span class='ocrx_word' id='word_1_493' title='bbox 2466 3466 2620 3517; x_wconf 83' lang='lat' dir='ltr'>rebus</span> <span class='ocrx_word' id='word_1_494' title='bbox 2668 3467 2774 3515; x_wconf 80' lang='lat' dir='ltr'>vita</span> 
     </span>
     <span class='ocr_line' id='line_1_91' title="bbox 1706 3539 2773 3608; baseline -0.005 -13"><span class='ocrx_word' id='word_1_495' title='bbox 1706 3539 1928 3608; x_wconf 79' lang='lat' dir='ltr'>amatur,</span> <span class='ocrx_word' id='word_1_496' title='bbox 1974 3551 2083 3594; x_wconf 90' lang='lat' dir='ltr'>tum</span> <span class='ocrx_word' id='word_1_497' title='bbox 2124 3543 2336 3593; x_wconf 79' lang='lat' dir='ltr'>invitari</span> <span class='ocrx_word' id='word_1_498' title='bbox 2376 3541 2655 3593; x_wconf 73' lang='lat' dir='ltr'>solemnsz&#39;</span> <span class='ocrx_word' id='word_1_499' title='bbox 2701 3542 2773 3590; x_wconf 85' lang='lat' dir='ltr'>sic</span> 
     </span>
     <span class='ocr_line' id='line_1_92' title="bbox 1708 3621 2774 3684; baseline -0.005 -10"><span class='ocrx_word' id='word_1_500' title='bbox 1708 3625 1845 3675; x_wconf 88' lang='lat' dir='ltr'>enim</span> <span class='ocrx_word' id='word_1_501' title='bbox 1866 3638 1933 3674; x_wconf 86' lang='lat' dir='ltr'>ex</span> <span class='ocrx_word' id='word_1_502' title='bbox 1956 3628 2065 3673; x_wconf 83' lang='lat' dir='ltr'>vet.</span> <span class='ocrx_word' id='word_1_503' title='bbox 2104 3622 2224 3672; x_wconf 86' lang='lat' dir='ltr'>cod.</span> <span class='ocrx_word' id='word_1_504' title='bbox 2259 3623 2364 3672; x_wconf 82' lang='lat' dir='ltr'>Ms.</span> <span class='ocrx_word' id='word_1_505' title='bbox 2402 3621 2566 3671; x_wconf 88' lang='lat' dir='ltr'>Nouii</span> <span class='ocrx_word' id='word_1_506' title='bbox 2594 3622 2774 3684; x_wconf 82' lang='lat' dir='ltr'>legen·</span> 
     </span>
     <span class='ocr_line' id='line_1_93' title="bbox 1709 3699 2837 3764; baseline -0.004 -13"><span class='ocrx_word' id='word_1_507' title='bbox 1709 3702 1848 3751; x_wconf 87' lang='lat' dir='ltr'>dum.</span> <span class='ocrx_word' id='word_1_508' title='bbox 1884 3700 2151 3752; x_wconf 87' lang='lat' dir='ltr'>Juvenalis</span> <span class='ocrx_word' id='word_1_509' title='bbox 2183 3714 2391 3764; x_wconf 86' lang='lat' dir='ltr'>qnoque</span> <span class='ocrx_word' id='word_1_510' title='bbox 2427 3700 2605 3748; x_wconf 82' lang='lat' dir='ltr'>‘Dum</span> <span class='ocrx_word' id='word_1_511' title='bbox 2646 3699 2776 3748; x_wconf 84' lang='lat' dir='ltr'>bibi·</span> <span class='ocrx_word' id='word_1_512' title='bbox 2829 3705 2837 3712; x_wconf 84' lang='lat'>&#39;</span> 
     </span>
     <span class='ocr_line' id='line_1_94' title="bbox 1708 3775 2773 3842; baseline -0.006 -13"><span class='ocrx_word' id='word_1_513' title='bbox 1708 3794 1844 3842; x_wconf 88' lang='lat' dir='ltr'>mus,</span> <span class='ocrx_word' id='word_1_514' title='bbox 1887 3779 2008 3828; x_wconf 88' lang='lat' dir='ltr'>dnm</span> <span class='ocrx_word' id='word_1_515' title='bbox 2054 3782 2210 3840; x_wconf 85' lang='lat' dir='ltr'>serta,</span> <span class='ocrx_word' id='word_1_516' title='bbox 2251 3783 2535 3840; x_wconf 82' lang='lat' dir='ltr'>unguenta,</span> <span class='ocrx_word' id='word_1_517' title='bbox 2573 3775 2773 3838; x_wconf 84' lang='lat' dir='ltr'>puellas</span> 
     </span>
     <span class='ocr_line' id='line_1_95' title="bbox 1710 3852 2776 3917; baseline -0.005 -13"><span class='ocrx_word' id='word_1_518' title='bbox 1710 3854 1998 3915; x_wconf 87' lang='lat' dir='ltr'>Poscimus,</span> <span class='ocrx_word' id='word_1_519' title='bbox 2028 3852 2235 3917; x_wconf 85' lang='lat' dir='ltr'>obrepit</span> <span class='ocrx_word' id='word_1_520' title='bbox 2257 3867 2359 3901; x_wconf 86' lang='lat' dir='ltr'>non</span> <span class='ocrx_word' id='word_1_521' title='bbox 2384 3852 2658 3902; x_wconf 86' lang='lat' dir='ltr'>intellecta</span> <span class='ocrx_word' id='word_1_522' title='bbox 2696 3860 2776 3899; x_wconf 80' lang='lat' dir='ltr'>se·</span> 
     </span>
     <span class='ocr_line' id='line_1_96' title="bbox 1711 3926 2772 3992; baseline -0.006 -13"><span class='ocrx_word' id='word_1_523' title='bbox 1711 3927 1933 3979; x_wconf 86' lang='lat' dir='ltr'>nectus.’</span> <span class='ocrx_word' id='word_1_524' title='bbox 1994 3926 2339 3990; x_wconf 76' lang='lat' dir='ltr'>Sardanapali</span> <span class='ocrx_word' id='word_1_525' title='bbox 2365 3941 2571 3992; x_wconf 85' lang='lat' dir='ltr'>quoque</span> <span class='ocrx_word' id='word_1_526' title='bbox 2605 3926 2772 3990; x_wconf 78' lang='lat' dir='ltr'>[bovis</span> 
     </span>
     <span class='ocr_line' id='line_1_97' title="bbox 1711 4003 2774 4068; baseline -0.004 -13"><span class='ocrx_word' id='word_1_527' title='bbox 1711 4006 1979 4056; x_wconf 83' lang='lat' dir='ltr'>maluisset</span> <span class='ocrx_word' id='word_1_528' title='bbox 2011 4003 2351 4067; x_wconf 83' lang='lat' dir='ltr'>Aristoteles]</span> <span class='ocrx_word' id='word_1_529' title='bbox 2385 4004 2663 4068; x_wconf 81' lang='lat' dir='ltr'>sepulchro</span> <span class='ocrx_word' id='word_1_530' title='bbox 2698 4005 2774 4052; x_wconf 86' lang='lat' dir='ltr'>in-</span> 
     </span>
     <span class='ocr_line' id='line_1_98' title="bbox 1712 4079 2771 4146; baseline -0.004 -14"><span class='ocrx_word' id='word_1_531' title='bbox 1712 4082 1962 4146; x_wconf 82' lang='lat' dir='ltr'>scriptum</span> <span class='ocrx_word' id='word_1_532' title='bbox 1986 4079 2105 4142; x_wconf 85' lang='lat' dir='ltr'>fuit,</span> <span class='ocrx_word' id='word_1_533' title='bbox 2139 4082 2155 4109; x_wconf 92' lang='lat'>‘</span> <span class='ocrx_word' id='word_1_534' title='bbox 2176 4081 2307 4131; x_wconf 82' lang='lat' dir='ltr'>Haec</span> <span class='ocrx_word' id='word_1_535' title='bbox 2330 4081 2496 4130; x_wconf 79' lang='lat' dir='ltr'>habeo</span> <span class='ocrx_word' id='word_1_536' title='bbox 2516 4095 2631 4145; x_wconf 82' lang='lat' dir='ltr'>quae</span> <span class='ocrx_word' id='word_1_537' title='bbox 2670 4079 2771 4138; x_wconf 86' lang='lat' dir='ltr'>edi,</span> 
     </span>
     <span class='ocr_line' id='line_1_99' title="bbox 1711 4157 2773 4225; baseline -0.003 -17"><span class='ocrx_word' id='word_1_538' title='bbox 1711 4174 1929 4225; x_wconf 81' lang='lat' dir='ltr'>quaeque</span> <span class='ocrx_word' id='word_1_539' title='bbox 1951 4164 2253 4208; x_wconf 68' lang='lat' dir='ltr'>exsaturata</span> <span class='ocrx_word' id='word_1_540' title='bbox 2284 4158 2446 4206; x_wconf 84' lang='lat' dir='ltr'>libido</span> <span class='ocrx_word' id='word_1_541' title='bbox 2469 4157 2683 4207; x_wconf 84' lang='lat' dir='ltr'>Hansit:</span> <span class='ocrx_word' id='word_1_542' title='bbox 2719 4162 2773 4205; x_wconf 79' lang='lat' dir='ltr'>at</span> 
     </span>
    </p>
   </div>
   <div class='ocr_carea' id='block_1_5' title="bbox 1713 4232 2771 4367">
    <p class='ocr_par' dir='ltr' id='par_1_12' title="bbox 1713 4232 2771 4367">
     <span class='ocr_line' id='line_1_100' title="bbox 1713 4232 2771 4303; baseline -0.002 -15"><span class='ocrx_word' id='word_1_543' title='bbox 1713 4239 1800 4288; x_wconf 88' lang='lat' dir='ltr'>illa</span> <span class='ocrx_word' id='word_1_544' title='bbox 1816 4238 1998 4303; x_wconf 86' lang='lat' dir='ltr'>jacent</span> <span class='ocrx_word' id='word_1_545' title='bbox 2021 4239 2184 4288; x_wconf 87' lang='lat' dir='ltr'>multa</span> <span class='ocrx_word' id='word_1_546' title='bbox 2207 4242 2263 4286; x_wconf 89' lang='lat' dir='ltr'>et</span> <span class='ocrx_word' id='word_1_547' title='bbox 2285 4237 2541 4300; x_wconf 72' lang='lat' dir='ltr'>praeclara</span> <span class='ocrx_word' id='word_1_548' title='bbox 2563 4232 2771 4287; x_wconf 86' lang='lat' dir='ltr'>relicta.&#39;</span> 
     </span>
     <span class='ocr_line' id='line_1_101' title="bbox 1722 4315 1897 4367; baseline -0.006 0"><span class='ocrx_word' id='word_1_549' title='bbox 1722 4315 1897 4367; x_wconf 72' lang='lat' dir='ltr'>Valitu-</span> 
     </span>
    </p>
   </div>
  </div>
 </body>
</html>
