3049 4928
590 454 893 504 BoE'rHu
945 453 1040 501 DE
1087 451 1392 500 CONSOL.
1440 448 1881 497 PHILOSOPH.
1930 447 2070 494 mn.
2117 446 2164 493 1.

287 612 436 650 aurea
458 598 715 665 Aristippi
734 599 914 664 verba,
932 599 1019 665 qui
1057 597 1331 648 comitibus

287 671 548 741 naufragio
565 678 769 741 ejectis,
786 676 1071 741 Rhodoque
1094 673 1145 723 in
1175 674 1333 738 patri·

288 767 363 801 am
396 754 588 802 reverti
613 755 925 815 volentibus,
947 754 1025 803 ita
1041 753 1331 802 domiman-

287 830 425 880 davit
458 830 671 882 dicere:
707 835 723 862 ‘
743 832 1009 897 Ejusmodi
1055 830 1329 895 possessio·

285 920 372 955 nes
396 912 450 957 et
470 908 664 958 viatica
683 909 857 958 liberis
879 915 1126 973 oportere
1143 905 1331 971 parari,

292 999 403 1049 quae
452 987 613 1035 etiam
657 985 930 1051 naufragio
977 1000 1078 1035 una
1121 992 1334 1049 possent

287 1059 528 1109 enatare.’
594 1061 922 1112 Rectissime.
968 1062 1105 1112 Nam
1127 1074 1187 1110 ea
1211 1065 1334 1110 sunt

289 1149 402 1183 vera
424 1136 670 1199 praesidia
686 1138 828 1199 vitm,
845 1138 1030 1204 quibus
1047 1152 1216 1202 neque
1233 1136 1334 1185 for·

284 1217 417 1261 tunae
442 1217 726 1276 tempestas
762 1216 959 1279 iniqua,
993 1229 1164 1280 neque
1204 1214 1332 1277 pub·

281 1288 488 1340 licarum
526 1306 700 1342 rer-um
738 1294 956 1344 mutatio
996 1307 1164 1358 neque
1209 1292 1334 1342 belli

287 1370 505 1420 vastatio
545 1379 723 1434 potest
762 1385 977 1422 nocere:
1015 1371 1137 1420 vide
1160 1369 1332 1419 Vitru-

291 1447 422 1498 vium
440 1449 492 1496 in
515 1450 748 1499 Prooem.
772 1449 862 1500 lib.
888 1446 1334 1498 v1.deArchitec-

285 1529 412 1574 tura.
452 1524 624 1576 fflzm.

353 1601 641 1652 Venitenim
673 1617 724 1665 p.
748 1601 834 1666 m]
869 1601 1001 1651 Bion
1036 1599 1172 1664 apud
1205 1599 1333 1649 Dio·

285 1689 458 1739 genem
482 1678 663 1728 Laert.
704 1678 791 1728 lib.
817 1692 896 1727 lv.
930 1677 997 1726 de
1022 1675 1140 1726 vitis
1160 1676 1335 1726 Philo·

285 1754 574 1817 sophorum:
610 1755 671 1804 τὸ
704 1758 850 1820 ’γῆρας
874 1755 1039 1815 ἔλεγεν
1062 1753 1202 1818 ὅρμον
1222 1750 1336 1803 εἶναι

284 1832 372 1878 τῶν
398 1835 564 1881 κακῶν·
603 1831 669 1882 εἷς
703 1832 818 1881 αὐτὸ
851 1832 968 1891 γοῦν
1000 1828 1157 1880 πάντα
1192 1847 1336 1879 κατα-

285 1907 480 1971 φεύγειν.
549 1912 675 1961 Non
714 1910 781 1959 de
816 1909 974 1958 nihilo
1013 1911 1188 1973 itaque
1221 1922 1336 1956 eam

284 1985 458 2034 timere
472 1986 721 2050 jubemur
747 1985 910 2044 veteri
939 1983 1150 2034 lambo:
1185 1984 1338 2040 Φοβοΰ

283 2058 336 2106 τὸ
353 2062 514 2123 ’γῆρας’
539 2062 595 2109 οὐ
617 2060 710 2123 γὰρ
731 2059 918 2124 ἔρχεται
936 2058 1091 2122 μόνον.
1145 2059 1161 2087 ‘
1184 2058 1336 2109 Time

287 2143 632 2187 senectutem:
667 2137 803 2187 haud
847 2138 983 2187 enim
1027 2138 1138 2187 sola
1181 2137 1337 2186 adve-

284 2213 387 2262 nit.'
447 2216 875 2278 Maximinianus,
906 2229 1018 2276 seu,
1055 2222 1115 2265 ut
1136 2215 1224 2264 alii
1247 2230 1336 2264 vo·

285 2287 408 2349 lunt,
447 2289 655 2339 Cornel.
689 2290 898 2339 Gallus:
944 2294 958 2319 ‘
984 2289 1082 2339 His
1127 2290 1337 2340 veniens

286 2373 489 2415 onerata
527 2365 678 2414 malis
703 2366 915 2429 inopina
936 2374 1199 2430 senectus,
1241 2368 1339 2417 Ce-

287 2439 402 2491 dere
426 2441 744 2507 ponderibus
780 2457 838 2493 se
875 2442 1032 2494 docet
1064 2443 1173 2508 ipsa
1197 2441 1339 2494 suis.’

286 2517 427 2568 Idem.

344 2596 612 2660 Properate
656 2597 796 2646 mulis
854 2597 1051 2662 inopina
1098 2597 1335 2662 senectus]

286 2671 416 2722 Hinc
462 2673 750 2737 colligitur,
806 2674 1065 2738 Boetium,
1107 2675 1336 2724 nondum

287 2761 472 2812 senem,
508 2749 673 2800 fuisse
705 2765 839 2801 anno
865 2765 1042 2803 nxxv.
1073 2751 1334 2813 occisum

286 2838 408 2886 puer
429 2828 564 2875 enim
593 2827 861 2877 desolatur
881 2837 1120 2892 parente,
1137 2828 1225 2892 qui
1248 2842 1336 2878 an·

286 2913 346 2949 no
387 2916 728 2954 cmxxxvii.
771 2904 964 2954 Consul
1004 2903 1120 2955 fuit.
1187 2904 1339 2955 Circa

288 2988 466 3027 annum
502 2993 677 3029 nv111.
719 2980 978 3029 Patricius
1013 2980 1105 3030 sed
1130 2980 1339 3043 juvenis

286 3051 462 3118 adhuc,
497 3057 564 3106 ab
606 3056 844 3106 Eunodio
877 3059 1167 3123 propinquo
1201 3060 1338 3109 cele·

288 3128 473 3181 bratur.
542 3133 742 3183 Natum
772 3133 934 3199 igitur
968 3135 1220 3186 credibile
1256 3143 1340 3188 est

287 3205 416 3256 circa
454 3222 641 3258 annum
687 3222 898 3259 cnxcv.
977 3211 1181 3262 Deinde
1217 3213 1339 3263 solis

288 3295 394 3332 sese
418 3285 661 3335 aernmnis
683 3300 860 3335 senem
877 3285 1074 3336 factum
1092 3289 1341 3353 queritur,

289 3357 402 3410 dum
431 3375 566 3412 auno
606 3375 819 3412 nxxm.
855 3370 947 3413 aut
984 3378 1147 3416 xxn'.
1180 3365 1341 3416 taedia

291 3437 444 3502 exilii,
469 3440 555 3489 alii
579 3440 762 3489 volunt
783 3441 1002 3490 carceris
1024 3442 1120 3504 sui,
1140 3441 1338 3493 descri-

289 3508 363 3561 bit
381 3513 456 3563 his
480 3514 742 3564 versibus:
767 3517 784 3543 ‘
807 3516 969 3566 Venit
988 3517 1124 3566 enim
1147 3533 1336 3581 prope·

294 3594 399 3637 rata
420 3591 566 3641 malis
591 3591 800 3654 inopina
821 3599 1080 3656 senectus,
1100 3595 1172 3643 Et
1188 3595 1337 3644 dolor

291 3670 488 3715 aetatem
517 3667 676 3731 jussit
706 3668 876 3719 inesse
908 3684 1071 3720 suam.
1139 3670 1335 3720 Intem-

290 3742 468 3802 pestivi
481 3741 766 3793 funduntur
783 3745 977 3803 vertice
994 3745 1147 3795 cani.’
1195 3746 1336 3798 Ante

292 3824 542 3869 senectam
558 3821 721 3884 igitur
735 3820 945 3886 soloque
964 3820 1142 3872 dolore
1157 3839 1337 3890 senex,

290 3900 341 3940 et
358 3895 495 3945 circa
515 3911 702 3948 annum
721 3897 845 3947 vitae
858 3898 1335 3963 quinquagesimum

292 3970 512 4022 sublatus
534 3982 632 4022 est.
699 3973 867 4025 Quam
890 3973 1004 4039 ejus
1026 3982 1235 4027 aetatem
1257 3993 1336 4028 re-

292 4041 390 4094 fert
406 4062 611 4112 quoque
633 4048 746 4112 ejus
768 4064 1057 4111 marmorea
1069 4060 1218 4103 vetus
1235 4062 1337 4104 sta-

296 4125 394 4182 tua,
409 4137 518 4186 quae
543 4125 720 4174 Romae
743 4124 899 4174 estin
921 4127 1073 4177 aedib.
1097 4129 1336 4195 interque

292 4194 349 4243 τὰ
384 4195 613 4258 σύμμικτοι
643 4199 922 4251 Justiniani
964 4217 1012 4252 v.
1043 4218 1090 4254 c.
1120 4207 1334 4272 ejusque

294 4271 468 4338 imago,
499 4292 647 4342 quam
678 4277 796 4327 inde
828 4279 1027 4342 optima
1058 4297 1210 4334 manu
1246 4301 1334 4335 ex-

297 4361 508 4413 pressam
541 4353 594 4404 in
624 4354 721 4405 hac
743 4355 969 4406 editione
990 4358 1223 4414 exhiberi
1245 4377 1334 4413 cu·

2336 427 2469 492 425

1407 592 1651 643 ravimus.
1691 592 1868 644 Vallia.

1471 667 1985 733 Intempestiui...cani]
2007 666 2166 718 Ovid.
2187 679 2224 717 ι.
2245 666 2310 715 de
2332 667 2470 716 Pon·

1409 755 1481 810 to,
1514 748 1665 811 Eleg.
1684 752 1732 797 5.
1769 747 1784 774 ‘
1803 744 1943 795 Ante
1964 758 2133 793 meum
2159 752 2363 806 tempus
2388 758 2471 792 co·

1407 839 1501 895 gor
1524 830 1583 874 et
1604 837 1721 873 esse
1742 820 1936 872 senex!
1972 820 2143 871 Sitzm.

1470 900 1612 949 Mors
1633 900 1872 949 hominum
1894 897 2048 960 felix]
2084 896 2306 947 Hecuba
2329 893 2468 959 apud

1405 976 1596 1027 Senec.
1638 976 1691 1026 in
1728 975 1918 1026 Troad.
1957 990 2031 1025 vs.
2066 978 2211 1024 1170.
2245 979 2303 1022 et
2324 987 2469 1036 seqq.

1408 1054 1424 1081 ‘
1447 1054 1571 1103 Sola
1608 1067 1745 1102 mors
1786 1059 1960 1102 votum
1993 1065 2182 1100 meum.
2246 1046 2473 1098 Infanti-

1407 1128 1503 1179 bus
1547 1128 1792 1191 violenta,
1824 1127 2109 1191 virginibus
2133 1124 2305 1186 venis;
2338 1122 2470 1173 Ubi-

1408 1220 1610 1270 cunque
1653 1219 1905 1269 properas
1950 1218 2121 1253 saeva:
2176 1216 2260 1251 me
2308 1201 2471 1251 solam

1409 1282 1578 1345 times,
1601 1282 1854 1346 Vitasque
1877 1279 2074 1344 gladios
2098 1280 2255 1340 inter,
2278 1292 2339 1327 ac
2363 1278 2470 1327 tela

1408 1365 1464 1409 et
1486 1358 1659 1422 faces;
1682 1358 1917 1412 Quaesita
1940 1364 2053 1407 tota
2077 1362 2232 1404 nocte
2256 1354 2471 1417 cupien-

1408 1445 1514 1486 tem
1539 1435 1709 1501 fugis.’
1777 1435 1839 1484 In
1858 1434 2244 1499 Agamemnone
2267 1447 2340 1481 vs.
2357 1436 2473 1481 996.

1407 1518 1423 1544 ‘
1447 1519 1543 1568 Er..
1568 1518 1796 1567 Mortem
1821 1513 2011 1579 aliquid
2047 1513 2186 1562 ultra
2207 1510 2315 1559 est?
2350 1510 2470 1560 AEG.

1407 1593 1533 1641 Vita
1578 1593 1622 1642 si
1667 1590 1850 1655 cupias
1894 1587 2062 1640 mori.'
2162 1585 2478 1639 Quintilian.

1409 1671 1704 1721 Declamat.
1749 1682 1831 1719 ιν.
1888 1669 1904 1695 ‘
1944 1668 1992 1719 0
2030 1680 2169 1716 mors
2208 1663 2472 1714 laudanda

1410 1747 1652 1812 fortibus„
1683 1747 1976 1813 expetenda
2015 1745 2233 1803 miseris,
2263 1758 2363 1792 non
2392 1758 2470 1792 re-

1410 1826 1641 1876 cusanda
1663 1823 1921 1886 felicibus,
1941 1830 2188 1889 quantum
2214 1828 2264 1869 te
2289 1818 2471 1884 quaesi-

1409 1904 1576 1953 vimus
1598 1905 1650 1952 in
1675 1902 1847 1953 bello!
1878 1902 2031 1950 Idem.

1477 1981 1598 2037 Quae
1639 1994 1690 2029 se
1732 1994 1816 2028 nec
1851 1978 2062 2028 dulcibus
2094 1975 2231 2024 annis
2269 1974 2473 2036 Inserit]

1409 2058 1586 2109 Aliter
1644 2056 1779 2107 Pub.
1841 2056 2033 2119 Syrus:
2097 2055 2112 2082 ‘
2152 2054 2293 2102 Dum
2358 2052 2471 2100 vita

1410 2147 1562 2203 grata
1606 2143 1706 2200 est,
1752 2134 1934 2185 mortis
1995 2132 2227 2184 conditio
2273 2129 2472 2193 optima

1411 2215 1530 2264 est!
1568 2216 1718 2263 Idem.

1483 2293 1547 2341 Ee
1581 2292 1762 2341 mostis
1795 2303 1918 2353 soepe
1947 2292 2114 2354 uocata
2148 2284 2302 2347 veuit]
2333 2282 2470 2333 Pub.

1410 2370 1602 2433 Syrus:

1457 2446 1598 2495 Bona
1617 2443 1834 2499 homini(
1876 2442 1991 2492 vitoe
2033 2444 2175 2510 {qum
2196 2434 2438 2499 extinguit

1521 2525 1648 2560 mors
1668 2515 1739 2559 est
1810 2500 1836 2569 ὶ
1860 2508 2009 2558 animi
2035 2511 2055 2569 5
2200 2503 2342 2552 niolo.

1477 2599 1616 2646 Eheu
1636 2599 1798 2662 quam]
1833 2597 2020 2646 Senec.
2040 2594 2091 2642 in
2112 2591 2343 2643 Hercule
2362 2588 2470 2638 OEt.

1412 2689 1488 2723 vs.
1511 2678 1626 2724 122.
1662 2675 1679 2701 ‘
1703 2675 1908 2723 Felices
1932 2670 2163 2736 sequeris
2186 2669 2349 2730 Mors,
2373 2663 2469 2713 mi-

1410 2766 1555 2802 seros
1577 2750 1749 2815 fugis.'
1781 2752 1932 2800 Idem.

1474 2827 1925 2878 Surda-..avertitur
1965 2822 2103 2885 oure]
2157 2820 2353 2870 Statius
2405 2830 2470 2867 n.

1410 2905 1615 2968 Sylvar.
1652 2906 1668 2932 ‘
1694 2904 1971 2968 Odistique
1992 2900 2197 2963 chelyn,
2211 2895 2470 2961 surdaque

1410 2981 1662 3033 averteris
1683 2979 1844 3031 aure.'
1877 2981 2029 3029 Idem.

1476 3060 1717 3109 Merserat
1738 3055 1877 3119 horo]
1913 3052 2132 3105 Locutio
2169 3049 2357 3100 Boetio
2392 3047 2469 3096 fa-

1411 3137 1623 3187 miliaris
1654 3135 1744 3184 lib.
1766 3148 1831 3184 11.
1867 3132 2036 3199 initi02
2069 3131 2085 3158 ‘
2109 3129 2304 3192 Suique
2330 3138 2472 3186 mag.

1411 3228 1535 3263 num
1557 3216 1809 3262 monstrat
1835 3215 2095 3259 ostentum
2118 3205 2163 3255 si
2185 3202 2297 3268 quis
2319 3201 2470 3249 Visa-

1412 3296 1501 3339 tur
1540 3304 1641 3338 una
1681 3294 1876 3338 stratus
1910 3300 1971 3335 ac
2009 3283 2138 3333 felix
2170 3278 2329 3332 liora!
2396 3280 2470 3327 Et

1412 3365 1677 3432 epitaphio
1707 3365 1887 3427 Elpes,
1920 3360 2057 3426 quod
2089 3360 2203 3424 ejus
2234 3371 2349 3408 esse
2374 3370 2467 3419 pu·

1411 3450 1571 3506 tatur,
1617 3443 1633 3470 ‘
1668 3442 1786 3493 Quo
1827 3439 1939 3488 sine
1976 3444 2163 3486 moesta
2201 3434 2332 3497 dieS,
2365 3447 2467 3482 nox

1409 3521 1582 3584 anxia,
1613 3517 1806 3568 flebilis
1826 3513 1986 3566 hora!
2030 3512 2208 3564 Vollin.

1472 3597 1727 3646 Protrahit
1749 3591 1993 3655 ...mot-as]
2029 3591 2218 3640 Senec.
2243 3587 2293 3635 in
2316 3585 2468 3634 Phoe-

1410 3673 1531 3724 nisS.
1545 3687 1623 3721 vs.
1641 3677 1724 3722 45.
1742 3677 1796 3720 et
1813 3685 1959 3734 seqq.
1981 3670 1997 3697 ‘
2013 3667 2263 3716 Desertor
2281 3662 2469 3724 anime,

1408 3749 1558 3799 fortis
1594 3749 1646 3796 in
1683 3756 1883 3812 partem
1919 3745 2015 3802 tui,
2050 3742 2253 3794 Omitte
2290 3754 2472 3803 poenas

1407 3825 1677 3889 languidas
1713 3825 1882 3886 longae
1922 3835 2101 3883 moroe,
2136 3819 2469 3881 Mon-temque

1410 3909 1572 3953 totam
1616 3899 1821 3964 recipe:
1875 3895 2001 3963 qnid
2043 3894 2217 3960 segnis
2261 3889 2469 3944 traho?

1406 3982 1579 4032 Sitzm.

1462 4055 1632 4120 „Impia
1651 4052 1774 4116 vita]
1801 4055 1815 4080 ‘
1835 4051 2005 4114 Impia
2027 4045 2303 4099 vivacitas'
2326 4043 2469 4107 apud

1411 4132 1718 4188 Quintilian.
1747 4130 1799 4177 in
1833 4128 2058 4176 Prooem.
2080 4125 2173 4174 lib.
2199 4137 2277 4172 vr.
2313 4120 2470 4170 Insti-

1409 4219 1508 4262 tut.
1534 4202 1745 4260 Orator.
1795 4206 1810 4233 ‘
1842 4206 1987 4253 Tunc
2024 4202 2179 4264 igitur
2216 4197 2469 4261 optimum

1408 4285 1549 4349 fuit‚’
1588 4283 1777 4348 inquit,
1821 4283 1837 4311 ‘
1862 4282 1913 4330 in
1950 4279 2179 4329 faustum
2218 4288 2366 4336 οριιε,
2412 4279 2468 4320 et

1410 4362 1657 4433 quicquid
1681 4362 1779 4412 hoc
1802 4365 1885 4410 est
1907 4359 1959 4408 in
1976 4370 2058 4410 me
2076 4350 2361 4409 infelicium
2382 4349 2468 4401 lit-
