3049 4928
504 389 637 456 250
1211 403 1510 454 unsrun
1562 403 1662 454 nn
1707 403 2014 454 consor..

506 549 934 614 mutaverint.
1026 549 1085 613 Ο
1117 550 1446 635 praeclara
1471 551 1795 634 potentia,
1818 569 1973 633 quae
2000 568 2119 613 nec
2143 556 2194 587 ¹0
2223 547 2312 613 ad
2341 565 2700 614 conserva·

510 653 764 716 tionem
795 652 1068 736 quidem
1099 655 1200 718 sui
1232 654 1404 718 sutis
1433 651 1675 719 efficax
1716 652 2092 718 invenitur!
2184 650 2392 731 Quod
2438 652 2503 715 si
2550 652 2698 716 haec

446 745 453 770 “
503 773 849 837 regnorum
872 761 1179 839 potestas
1207 756 1647 821 beatitudinis
1680 762 1951 823 auctor*
1969 763 2010 791 ¹¹¹
2054 762 2180 832 est,
2208 774 2447 832 nonne,
2475 755 2538 818 si
2568 773 2701 836 qua

504 863 698 942 parte
728 858 1035 938 desuerit,
1057 858 1448 950 felicitatem
1479 863 1758 938 minuat,
1790 861 2124 925 miseriam
2153 857 2508 942 importet?
2574 853 2705 920 Sed

509 962 822 1044 quamvis
846 962 980 1026 late
998 969 1025 997 ¹¹
1067 963 1354 1028 bumana
1383 959 1780 1029 tendantur*
1819 964 2124 1047 imperia,
2178 962 2398 1046 plures
2427 977 2710 1023 necesse

506 1070 615 1127 est
657 1069 884 1145 gentes
929 1064 1214 1148 relinqui
1257 1066 1503 1149 quibus
1561 1064 1825 1149 Regum
1883 1068 2170 1150 quisque
2223 1081 2359 1129 non
2401 1064 2710 1147 imperet.

572 1235 601 1272 θ’
636 1228 813 1284 causa.
1006 1228 1032 1263 ¹⁸
1068 1229 1399 1292 Proferuntur.

1410 1343 1442 1362 Ο
1445 1342 1469 1361 0
1474 1342 1778 1363 ὈΜΝ

492 1388 494 1391 ’
577 1403 641 1450 10
678 1400 758 1453 Ne
781 1402 971 1469 Delph.
990 1402 1162 1456 nack.

1502 1503 1719 1554 NOTAE

511 1602 702 1661 debet:
738 1614 992 1673 perpetua
1012 1609 1320 1674 quidem‚ne
1345 1609 1575 1675 aliquan·

511 1681 581 1733 do
601 1681 852 1734 fatiscens
875 1684 1171 1736 infirmitate
1187 1693 1449 1736 mutetur:
1485 1687 1577 1736 inr-

509 1775 710 1826 mensa‚
734 1778 798 1811 ne
821 1761 1010 1813 finibus
1044 1764 1439 1829 circumscripta
1470 1780 1579 1814 ma·

504 1836 709 1901 joribus
744 1840 1001 1901 vincatur,
1032 1846 1124 1889 aut
1157 1840 1471 1904 impediatur
1510 1856 1579 1889 ae-

514 1914 785 1979 qualibus3
818 1929 998 1966 secura
1020 1916 1263 1981 denique,
1295 1931 1360 1966 ne
1392 1915 1581 1982 quibus

515 1999 728 2057 praeest,
751 1994 961 2043 mutatis
992 1993 1211 2058 vicibus,
1228 1999 1424 2044 metuat
1466 1993 1580 2043 sub·

518 2082 650 2119 esse.
738 2068 905 2135 Atqui
961 2084 1132 2135 neque
1178 2085 1341 2135 regno
1406 2085 1579 2136 neque

517 2144 667 2209 regni
704 2145 1047 2211 participibus
1097 2147 1151 2196 id
1192 2148 1468 2198 convenit:
1520 2153 1580 2199 ut

516 2235 749 2271 seorsum
767 2221 1089 2287 probandum
1113 2230 1213 2275 est.

583 2296 597 2330 ¹
618 2297 773 2348 Plena
782 2304 853 2348 est
869 2300 1182 2364 exemplorum
1196 2303 1421 2365 temtus,
1435 2301 1580 2365 plenu

517 2375 664 2425 etium
680 2391 889 2441 praeseus
909 2377 1051 2441 oetas]
1101 2392 1142 2428 1.
1178 2379 1416 2444 Regnum
1456 2394 1576 2443 per·

515 2458 728 2517 potuum
751 2470 853 2504 non
875 2470 991 2506 esse
1028 2462 1085 2506 et
1125 2455 1502 2523 antiquioribus
1524 2462 1580 2507 et

517 2531 895 2582 recentioribus
910 2533 1296 2583 demonstratur
1310 2529 1580 2598 exemplis.

517 2604 917 2672 Antiquioribus
955 2608 1191 2674 quidem:
1229 2624 1345 2658 nam
1371 2610 1583 2660 Diome-

520 2683 612 2732 des
650 2684 764 2733 Rex
804 2686 1059 2746 Thraeiae,
1104 2686 1226 2736 dum
1271 2701 1432 2751 equos
1462 2702 1582 2738 suos

518 2758 740 2809 humana
780 2775 937 2810 carne
977 2763 1144 2812 aleret
1175 2763 1229 2812 in
1268 2762 1466 2827 Tyrida
1489 2778 1583 2827 op·

519 2835 643 2900 pido
680 2836 1024 2901 truculentus,
1058 2838 1125 2888 ab
1160 2839 1393 2889 Hercule
1437 2841 1585 2905 equis

519 2910 646 2976 ipsis
695 2910 762 2963 ad
819 2915 1172 2966 devorandum
1210 2916 1445 2981 objectus
1485 2923 1586 2967 est.

520 2988 650 3050 Agis
674 2990 1182 3043 Incedaemoniorum
1206 2994 1340 3055 Rex,
1359 2993 1586 3058 quicum

519 3063 929 3119 Atheniensibus
947 3070 1302 3120 cruentissima
1319 3069 1455 3120 bella
1471 3083 1585 3134 ges-

518 3142 608 3206 sit,
628 3158 659 3192 a
683 3144 788 3194 suis
812 3145 1024 3196 tandem
1057 3145 1255 3196 civibus
1287 3146 1341 3194 in
1372 3159 1586 3196 carcere

516 3227 737 3270 necatus
750 3228 852 3272 est.
886 3218 1077 3272 Perses
1098 3222 1444 3273 Macedonum
1468 3223 1583 3273 Rex

522 3297 588 3347 ab
615 3297 816 3348 AEmilio
841 3299 1011 3350 victus
1047 3300 1366 3365 Romamque
1393 3300 1583 3350 ductus

521 3375 683 3439 periit
710 3377 763 3426 in
787 3390 1020 3427 carcere.
1086 3378 1293 3428 Croesus
1322 3378 1585 3442 Lydorum

525 3452 639 3502 Rex
662 3467 694 3502 a
728 3452 868 3517 Cyro
906 3452 960 3502 in
995 3453 1303 3503 servitutem
1336 3454 1584 3504 redactus

521 3533 622 3592 est,
660 3532 762 3579 ὅτε.
840 3529 1238 3579 Recentioribus
1299 3544 1424 3580 vero
1465 3542 1584 3595 quae

517 3602 760 3653 nimirum
783 3603 926 3654 circs
948 3603 1204 3669 :tempora
1239 3604 1448 3655 Boethii
1465 3618 1587 3656 cou-

521 3678 770 3745 tigerunt.
834 3680 1073 3731 Alaricus
1097 3681 1446 3733 Tolosensinm
1469 3681 1587 3733 Rex

520 3770 554 3808 a
568 3759 804 3807 Francis:
840 3758 1087 3822 syagrius
1105 3760 1448 3809 Romanorum
1467 3760 1587 3811 Rex

523 3850 556 3884 a
579 3832 891 3885 clodovaeo:
941 3835 1133 3900 aliique
1168 3837 1234 3887 ab
1273 3836 1387 3888 aliis
1425 3839 1586 3888 occisi

523 3916 662 3959 suut.
728 3912 743 3938 ‘
763 3910 853 3960 Sic
875 3911 1146 3977 nimirum,'
1161 3915 1328 3979 inquit
1348 3916 1585 3966 vallinus

524 3985 631 4048 hie,
652 3986 668 4013 ‘
691 3987 936 4036 mortales
959 3989 1041 4053 agi
1069 3989 1192 4041 sinit
1216 3993 1379 4056 Deus,
1398 3999 1457 4042 st
1478 4002 1585 4042 mo-

523 4060 664 4111 ribus
679 4061 970 4127 principum
996 4068 1406 4132 populorumque
1426 4067 1588 4117 offein

525 4150 615 4189 sus
636 4139 792 4189 urbes
810 4138 1017 4206 affligit,
1039 4146 1334 4207 provincias
1357 4158 1587 4209 pessum·

526 4213 642 4278 dat,
662 4227 825 4281 regns
846 4219 1072 4270 evertit?

589 4300 625 4328 ¹¹¹
641 4295 864 4347 Potestas
881 4291 1189 4349 beatitudins·
1206 4299 1394 4363 auctor]
1413 4299 1476 4352 Id
1491 4306 1598 4365 est,

1658 1625 1829 1661 causa.
1895 1609 1980 1660 Sic
2005 1607 2221 1660 Plautus
2242 1607 2377 1659 dixit
2413 1605 2431 1636 ‘
2450 1614 2712 1659 auctorem

1657 1688 1851 1738 habere
1875 1702 1982 1738 rem
1999 1692 2030 1738 ι’
2077 1687 2308 1753 quamvis
2338 1686 2551 1736 Servius
2571 1688 2716 1739 malit

1659 1764 1835 1814 dicere
1852 1766 2124 1815 auctricem.
2149 1761 2300 1814 Hanc
2313 1764 2717 1814 controversiam

1660 1841 1868 1891 videtur
1907 1841 2151 1891 dirimere
2187 1840 2426 1890 Valerius
2470 1840 2711 1890 Probus:

1660 1919 1677 1947 ‘
1699 1918 1915 1980 auctor-‚⁹
1968 1917 2157 1983 inquit,
2199 1918 2216 1945 ‘
2236 1917 2280 1966 si
2314 1916 2384 1967 sit
2422 1922 2650 1969 tractum
2686 1932 2717 1965 a

1661 1996 1822 2046 verbo
1856 2010 2043 2061 augeo,
2078 1995 2282 2046 auctrix
2321 1992 2477 2045 facit:
2528 1994 2575 2043 si
2613 2008 2717 2043 non

1660 2075 1805 2126 venit
1839 2090 1869 2124 a
1896 2075 2074 2138 verbo,
2106 2074 2198 2125 sed
2237 2071 2495 2138 significat
2532 2073 2721 2138 princi·

1659 2166 1798 2216 pem,
1825 2151 1963 2217 quod
1993 2166 2180 2201 nomen
2205 2165 2307 2201 non
2331 2149 2472 2200 venit
2493 2166 2526 2200 a
2543 2150 2721 2214 verbo,

1660 2229 1820 2279 etiam
1843 2228 2105 2278 foemiuino
2134 2242 2325 2291 genere
2351 2233 2535 2276 auctor
2556 2225 2716 2286 facit:

1659 2305 1795 2356 sicut
1832 2301 2083 2369 Virgilius
2114 2319 2180 2354 ex
2219 2318 2436 2367 persona
2468 2302 2718 2355 Junonis:

1663 2382 1859 2433 Auctor
1894 2397 1992 2447 ego
2026 2380 2271 2444 audendi,
2292 2381 2563 2445 princeps:
2618 2393 2720 2430 nou

1660 2473 1774 2523 quae
1815 2464 2027 2522 augeat,
2065 2472 2184 2507 nam
2229 2456 2437 2507 auctrix
2480 2454 2717 2506 diceret)

1659 2534 1874 2586 Scilicet
1899 2535 2089 2598 triplex
2121 2541 2203 2584 est
2235 2532 2500 2583 sententia
2531 2532 2598 2582 de
2619 2533 2718 2581 ori-

1662 2613 1780 2676 gine
1802 2612 1953 2677 hujus
1979 2611 2138 2670 vocis,
2174 2610 2190 2637 ‘
2214 2608 2432 2660 auctor?
2500 2607 2608 2665 Alii
2631 2622 2718 2672 pu·

1663 2692 1779 2739 taut
1793 2688 1927 2738 banc
1950 2687 2073 2737 oriri
2091 2702 2122 2736 a
2140 2686 2331 2736 Graeco
2345 2682 2504 2746 αὐτὸς,
2519 2691 2579 2734 ut
2598 2688 2614 2712 ‘
2636 2698 2723 2733 au·

1662 2763 1778 2815 tor’
1801 2761 1937 2814 idem
1959 2764 2028 2812 sit
2049 2761 2188 2826 quod
2220 2760 2504 2824 αὔτοῦργοςε
2542 2758 2633 2809 alii
2657 2758 2721 2808 ab

1664 2841 1908 2890 inusitato
1945 2839 2130 2904 supino
2153 2838 2297 2887 verbi
2328 2838 2344 2865 ‘
2367 2851 2498 2886 aveo
2511 2836 2543 2898 ς’
2577 2843 2637 2886 ut
2657 2836 2722 2886 ab

1664 2918 1682 2946 ⁸
1708 2920 1915 2966 autum·
1950 2915 2155 2966 dicatur
2191 2916 2207 2943 ‘
2250 2912 2450 2975 autor3’
2516 2912 2655 2964 sicut
2690 2929 2724 2962 a

1665 2994 1683 3022 ‘
1709 2991 1959 3054 eantum,’
1998 2994 2017 3021 ⁴
2040 2989 2256 3054 cautor}
2290 2995 2346 3040 et
2384 3002 2416 3039 ι
2455 2985 2725 3052 ‘fautnm,’

1664 3069 1681 3097 ‘
1701 3067 1877 3118 fautor
1892 3066 1923 3117 ι’
1947 3067 2205 3132 quomodo
2225 3067 2241 3096 ‘
2259 3065 2427 3117 autor'
2449 3065 2493 3116 is
2517 3066 2620 3117 erit
2637 3067 2727 3131 qui

1665 3153 1790 3197 avet
1823 3161 1884 3197 ac
1924 3146 2075 3210 cupit
2112 3143 2307 3210 aliquid
2347 3138 2460 3193 fieri
2482 3143 2594 3192 sive
2617 3158 2648 3192 a
2669 3156 2726 3192 se

1664 3223 1773 3273 sive
1795 3223 1863 3274 ab
1902 3222 2036 3273 alio:
2084 3221 2173 3271 alii
2209 3220 2438 3286 denique
2457 3219 2730 3270 arbitran-

1664 3307 1749 3351 tur
1768 3300 1893 3351 oriri
1906 3300 1970 3351 ab
1991 3299 2007 3327 ‘
2023 3297 2257 3362 augendo
2275 3301 2308 3347 ε’
2337 3297 2415 3347 ita
2426 3303 2488 3346 ut
2506 3295 2728 3361 primum

1663 3380 1682 3409 ⁴
1703 3371 1918 3428 auctor’
1954 3376 2128 3428 dictus
2161 3371 2322 3424 fuerit
2354 3371 2465 3436 iun,
2500 3370 2593 3438 qui
2616 3384 2729 3423 rem

1668 3456 1735 3505 ab
1761 3456 1862 3505 alio
1896 3460 2119 3517 coeptam
2142 3458 2501 3517 promoveret3
2535 3449 2732 3500 deinde

1664 3531 1752 3583 ille
1774 3531 1930 3581 etiam
1958 3528 2047 3595 qui
2070 3529 2333 3594 inciperet
2363 3542 2426 3578 ac
2449 3526 2698 3578 suaderet
2714 3545 2730 3575 a

1665 3609 1750 3660 eui
1769 3606 1967 3659 uttimae
1991 3602 2270 3656 sententiae
2301 3603 2487 3654 favent
2508 3602 2731 3669 antiqui-

1666 3700 1782 3736 ores
1804 3684 2184 3748 inscriptiones,
2197 3683 2252 3732 iu
2267 3683 2456 3747 quibus
2478 3691 2581 3731 non
2607 3683 2623 3710 ‘
2641 3695 2731 3732 aua
2770 3724 2774 3729 .

1666 3761 1783 3826 tor‚'
1818 3762 1911 3812 sed
1954 3766 1971 3793 ‘
1994 3758 2202 3811 auetor’
2237 3759 2503 3810 scribitur.
2569 3758 2734 3811 Quie-

1667 3839 1806 3906 quid.
1825 3840 1933 3889 si’tt
1980 3844 2217 3902 potestas
2248 3836 2391 3900 regia
2427 3844 2531 3886 uon
2553 3842 2732 3900 potest

1668 3932 1784 3969 esse
1808 3915 2149 3968 beatitudinis
2169 3919 2351 3963 auctor
2373 3913 2482 3963 sive
2512 3912 2729 3963 effimz

1666 3995 1910 4061 quoniam
1933 3993 2051 4043 hoee
2083 3990 2243 4042 certis
2284 3989 2586 4040 continetur
2619 3987 2733 4038 fini·

1668 4072 1797 4121 bus:
1834 4082 1954 4119 unm

1732 4154 1758 4182 ¹⁸
1782 4147 2014 4205 Qmois
2051 4148 2167 4208 tute,
2208 4145 2322 4210 qm]
2378 4158 2444 4196 tt.
2491 4145 2729 4210 Regnum

1667 4224 1887 4274 hominis
1941 4223 2246 4272 immensum
2284 4232 2389 4271 non
2432 4227 2536 4285 est,
2575 4219 2730 4286 quod,

1670 4300 1903 4367 quamvis
1947 4300 2063 4351 Rex
2108 4299 2191 4350 vet
2217 4294 2499 4350 *maximus
2553 4294 2725 4349 mattis
