3049 4928
675 402 980 456 BoE'rml
1032 411 1127 459 DE
1175 412 1406 461 ooNso
1419 414 1479 464 L.

382 547 587 600 oritudo
621 551 791 600 Deum
809 550 1024 604 *fatetur
1051 555 1322 616 artificem,
1345 564 1456 609 sta·-

382 633 466 674 tus
498 626 710 690 rigidus,
747 630 916 679 vultus
953 638 1178 696 erectus,
1216 635 1353 684 oculi
1390 637 1443 685 iu

381 715 596 765 summo,
638 706 779 757 velut
815 709 867 757 in
906 713 1119 773 specula
1151 715 1443 778 constituti,

380 786 437 828 et
461 795 640 830 omnes
680 785 843 833 ceteri
883 801 1061 837 sensus
1087 790 1226 838 velut
1247 790 1296 838 in
1321 807 1441 842 arce

378 856 692 918 compositi-⁹
757 860 1016 911 Praeclare
1059 865 1359 916 Lactantius
1400 870 1438 918 l.

376 944 440 981 ιι.
487 933 614 984 Div.
660 935 835 985 Instit.
869 953 917 987 c.
958 943 1004 989 1.
1039 940 1266 990 ‘Parens
1302 945 1437 993 euim

374 1016 556 1059 noster
577 1011 665 1061 ille
689 1014 835 1062 Deus
877 1029 1007 1063 {iniis
1044 1022 1097 1065 et
1139 1019 1279 1067 solus
1319 1033 1435 1070 cum

373 1083 599 1149 fingeret
622 1089 893 1154 hominem,
930 1092 980 1140 id
1017 1101 1118 1154 est,
1151 1096 1335 1144 animal
1359 1098 1433 1146 in-

374 1161 614 1224 telligens
636 1171 690 1213 et
713 1167 923 1216 rationis
948 1182 1133 1232 capax,
1168 1186 1284 1221 eum
1311 1188 1434 1224 vero

371 1251 440 1286 ex
462 1239 615 1290 humo
654 1242 977 1294 sublevatum
1014 1247 1079 1295 ad
1118 1251 1432 1313 contempla·

372 1314 566 1364 tionem
592 1318 669 1366 sui
692 1318 908 1369 artificis
931 1323 1130 1373 erexit:
1169 1326 1301 1388 quod
1341 1342 1446 1391 op·-

369 1391 494 1440 time
514 1392 808 1457 ingeniosus
821 1396 989 1447 Poeta
1004 1401 1249 1461 signavit:
1278 1406 1292 1432 ⁶
1305 1404 1436 1455 Pro-⁸

369 1482 537 1534 naque
562 1486 677 1520 cum
701 1481 945 1536 spectent
981 1478 1222 1528 animalia
1252 1490 1431 1532 cetera

367 1552 561 1595 terram
587 1549 663 1597 Os
686 1549 875 1599 homini
899 1553 1116 1604 sublime
1139 1556 1305 1621 dedit,
1326 1574 1429 1610 cae-

365 1624 575 1690 lumque
600 1627 778 1679 videre
810 1632 996 1696 Jussit,
1030 1642 1087 1684 et
1120 1645 1323 1687 erectos
1358 1641 1424 1690 ad

366 1701 538 1751 sidera
578 1706 765 1755 tollere
810 1709 1017 1759 vultus!
1080 1711 1222 1762 Hinc
1244 1716 1425 1779 utique

363 1774 598 1841 ἄνθρωπον
652 1782 828 1832 Graeci
882 1787 1230 1848 appellarunt,
1286 1794 1424 1855 quod

362 1867 565 1903 sursum
581 1863 803 1919 spectet.
848 1861 959 1923 Ipsi
983 1876 1105 1923 ergo
1124 1865 1221 1913 sibi
1242 1881 1424 1917 renun-

364 1929 516 1993 tiant,
554 1947 713 1997 seque
753 1934 1013 1986 hominum
1047 1941 1252 1991 nomine
1277 1944 1422 1994 abdi-

358 2014 501 2069 cant,
540 2011 628 2073 qui
664 2026 766 2060 non
789 2029 986 2064 sursum
1012 2018 1288 2084 aspiciunt,
1329 2022 1419 2072 sed

358 2084 636 2137 deorsum.'
701 2091 836 2141 Vide
876 2094 1032 2144 eund.
1075 2096 1140 2145 de
1181 2100 1268 2148 Ira
1303 2102 1424 2166 Dei,

356 2177 404 2212 c.
438 2167 487 2212 7.
516 2168 565 2213 8.
604 2172 659 2215 et
699 2171 779 2218 14.
816 2169 1001 2221 Manil.
1037 2173 1071 2221 Ι.
1110 2188 1185 2222 ιν.
1223 2175 1421 2227 ‘Stetit

354 2254 487 2290 uuus
518 2241 571 2290 in
606 2258 779 2293 arcem
818 2247 1038 2297 Erectus
1074 2251 1276 2314 capitis,
1313 2255 1418 2304 vic·

355 2324 534 2382 torque
562 2319 626 2368 ad
664 2321 834 2370 sidera
855 2324 1015 2374 mittit
1034 2326 1275 2377 Sidereos
1296 2345 1415 2380 ocu-

353 2394 449 2456 los,
482 2397 795 2463 propiusque
832 2408 1071 2464 aspectat
1113 2403 1415 2470 Olympum,

350 2471 680 2538 Inquit-itque
712 2477 918 2538 Jovem,
958 2494 1054 2528 nec
1093 2483 1201 2530 sola
1242 2482 1414 2534 fronte

350 2549 583 2599 Deorum
610 2552 899 2604 Contentus
924 2565 1116 2617 manet,
1146 2564 1204 2606 et
1227 2560 1412 2609 caelum

347 2632 610 2675 scrutatur
647 2627 699 2676 in
741 2629 864 2694 alto,
909 2631 1300 2697 Cognatumque
1336 2650 1414 2684 se-

348 2716 514 2765 quens
556 2718 745 2769 corpus
785 2720 843 2754 se
887 2708 1074 2771 quaerit
1120 2710 1171 2758 in
1216 2711 1410 2762 astris.'

348 2777 503 2828 Idem.

417 2856 606 2905 Celsum
645 2859 769 2908 levat
812 2860 956 2910 altius
988 2863 1229 2927 cacumen]
1279 2866 1407 2914 Eam

344 2931 577 2995 plantam
602 2935 893 2999 intelligere
917 2939 1119 3000 credas,
1157 2956 1310 3005 qnam
1335 2943 1409 2992 sic

344 3008 596 3060 describit
636 3012 787 3061 Philo
825 3013 914 3062 lib.
947 3016 1137 3066 ‘Quod
1175 3017 1407 3067 deterius

343 3085 536 3148 potiori
558 3087 788 3138 insidiari
808 3091 1011 3140 soleat!
1062 3092 1218 3142 Μόνον
1238 3094 1295 3153 δὴ
1313 3099 1409 3144 τῶν

341 3161 419 3210 ἐπὶ
438 3164 531 3224 γῆς
552 3164 699 3226 φυτὸν
726 3165 933 3230 οὐράνιον
969 3168 996 3215 ὁ
1028 3168 1144 3219 Θεὸς
1175 3170 1408 3235 ἄνθρωπον

339 3230 611 3300 cimicum,
644 3245 740 3289 τῶν
770 3240 857 3301 μὲν
892 3242 1050 3291 ἄλλων
1067 3245 1171 3295 ,τὰς
1193 3248 1407 3308 κεφαλὰς

338 3312 598 3376 πηξάμενος
619 3317 669 3364 ἐν
690 3316 863 3381 χέρσον
896 3318 1140 3385 κατωκάρα
1171 3323 1265 3386 γὰρ
1288 3323 1401 3373 πάν·

337 3411 420 3456 τα,
448 3394 665 3458 ἀνθρώπῳ
695 3395 746 3444 δὲ
782 3396 849 3447 εἷς
879 3397 938 3445 τὸ
974 3398 1068 3448 ἅνω
1100 3405 1400 3469 προαγαγὼν,

247 3477 252 3481 ’
335 3469 415 3520 ἵνα
431 3471 521 3520 τὰς
541 3472 718 3536 τροφὸς
739 3472 991 3534 ὀλυμπίους
1009 3475 1087 3524 καὶ
1123 3476 1400 3543 ἀφθάρτους,

335 3546 468 3596 ἀλλὰ
487 3546 553 3607 μὴ
573 3551 762 3608 γεώδεις
791 3549 870 3598 καὶ
906 3552 1113 3615 φθαρτὰς
1150 3552 1257 3620 ἔχῃ·
1289 3558 1399 3620 παρ’

334 3618 364 3673 ὃ
402 3624 482 3674 καὶ
517 3628 605 3675 τοῦ
643 3627 859 3690 σώματος
890 3629 1035 3693 ἡμῶν,
1072 3631 1132 3679 τὸ
1164 3632 1252 3694 μὲν
1288 3633 1400 3685 ὅσον

330 3701 743 3769 ἀναισθητότατον,
773 3709 1004 3756 πλεῖστον
1020 3709 1296 3768 ἀποστήσας
1315 3721 1397 3761 λο·

329 3782 528 3844 ympni),
554 3781 641 3831 τὰς
666 3780 830 3838 βάσεις
861 3787 927 3850 ’γῇ
959 3785 1273 3851 προσεῤῥίζου.
1310 3790 1397 3840 τὰς

330 3856 385 3906 δὲ
423 3860 505 3907 νοῦ
541 3857 815 3924 δορυφόρους
850 3860 1100 3925 αἰσθήσεις,
1135 3865 1216 3913 καὶ
1250 3866 1395 3915 αὐτὸν

329 3938 508 3987 ἐκεῖνον
527 3938 809 4003 πορρωτάτω
828 3939 916 4001 μὲν
935 3945 1029 3991 τῶν
1046 3942 1149 4006 περὶ
1169 3947 1272 4006 γῆν,
1285 3943 1391 4007 ἐξῴ-

327 4030 450 4078 κισε,
480 4019 584 4065 τοῖς
615 4014 667 4064 δὲ
702 4014 835 4079 ἀέρος
865 4016 944 4065 καὶ
964 4019 1155 4082 οὐρανοῦ
1172 4020 1392 4084 περιόδοις

326 4089 577 4154 hosapa-ms
605 4093 763 4141 οὔσαις
795 4091 1063 4151 ἐνεδήσατο.
1098 4098 1113 4123 ‘
1130 4097 1302 4146 Solam
1338 4098 1389 4147 iu

326 4169 483 4219 terris
505 4170 770 4218 coelestem
797 4172 1020 4233 plantam
1043 4170 1173 4221 fecit
1210 4174 1389 4224 Homi-

324 4259 467 4307 nem,
500 4252 808 4295 caeterarum
847 4247 900 4294 in
930 4253 1072 4298 terra
1100 4248 1281 4299 defixit
1303 4266 1389 4301 ca-

327 4321 465 4385 pita:
490 4335 665 4371 omnes
684 4321 820 4370 enim
838 4321 978 4371 humi
996 4329 1154 4386 caput
1169 4325 1386 4390 habent;

2454 409 2586 476 555

1519 560 1613 610 soli
1638 561 1830 611 homiui
1852 562 2069 615 sublime
2092 565 2259 630 dedit,
2294 574 2352 618 ut
2374 568 2587 619 alimen·

1518 643 1574 685 ta
1591 638 1796 686 coelitus
1814 640 2224 705 incorruptibilia
2238 653 2462 709 quaerat,
2477 661 2582 697 nou

1517 720 1722 762 terrena
1743 716 1845 764 ista
1860 719 2178 782 corruptioni
2203 722 2451 773 obnoxia:
2475 740 2588 790 qua*

1514 799 1734 853 propter
1750 794 1979 855 corporis
1998 796 2158 844 nostri
2185 804 2386 860 partem
2405 800 2579 850 insen·

1512 865 1835 932 satissimam,
1855 869 2009 934 longe
2031 886 2062 920 a
2082 873 2283 923 ratione
2303 884 2580 941 secretam,

1511 943 1675 1006 pedes
1710 960 1800 994 seu
1840 947 2044 998 radices
2080 950 2145 999 ad
2182 957 2372 1002 terram
2414 955 2579 1018 appli-

1510 1020 1652 1069 cuit:
1688 1035 1868 1071 sensus
1904 1030 2073 1074 autem
2097 1028 2280 1076 mentis
2303 1029 2577 1090 satellites,

1509 1103 1564 1145 et
1587 1096 1717 1147 hanc
1739 1099 1920 1163 ipsam,
1943 1102 2243 1165 longissime
2262 1119 2291 1152 a
2316 1113 2452 1153 terra
2467 1106 2577 1169 jus-

1508 1171 1578 1220 sit
1615 1173 1866 1235 babitare,
1900 1184 1955 1226 et
1994 1178 2057 1226 ad
2100 1180 2321 1230 aetheris‘
2352 1183 2574 1247 coelique

1504 1261 1766 1312 nunquam
1799 1252 2102 1304 interituros
2143 1257 2378 1320 alligavit
2414 1261 2576 1310 ambi-

1505 1323 1627 1372 tus.’
1683 1325 1836 1377 Quod
1851 1327 1961 1390 jam
1986 1340 2259 1381 monuerat
2285 1341 2404 1383 aute
2429 1336 2571 1385 Aris·

1504 1400 1693 1449 toteles
1730 1402 1818 1451 lib.
1841 1417 1922 1452 ιν.
1964 1404 2030 1453 de
2065 1414 2203 1469 part.
2245 1424 2328 1459 an.
2363 1425 2479 1472 cap.
2512 1425 2569 1462 x.

1504 1474 1620 1525 Nec
1655 1478 1864 1528 aliunde
1888 1479 2128 1545 ἀνθρώπου
2149 1494 2380 1548 etymon,
2416 1502 2568 1552 quam

1500 1551 1594 1600 ἀπὸ
1614 1555 1701 1602 τοῦ
1721 1554 1813 1603 ἅνω
1835 1556 2002 1621 ἀθρεῖν,
2041 1559 2057 1586 ‘
2080 1575 2110 1608 a
2144 1563 2476 1625 suspiciendo
2515 1564 2568 1613 in

1500 1629 1695 1692 altum,’
1729 1632 2008 1683 deductum
2033 1643 2132 1687 est.
2181 1637 2354 1688 Vallia.

1564 1708 1713 1757 Recto
1733 1714 1833 1758 stat
1853 1712 2067 1774 corpore]
2110 1714 2267 1777 Cujus
2292 1721 2460 1765 status
2485 1731 2564 1766 ra-

1498 1780 1690 1832 tionem
1745 1785 1880 1836 hanc
1935 1789 2330 1850 pulcherrimam
2388 1793 2565 1844 reddit

1494 1856 1807 1911 Aristoteles
1831 1863 1922 1926 [de
1960 1872 2094 1927 part.
2133 1868 2338 1917 animal.
2370 1868 2459 1918 lib.
2486 1882 2564 1918 tv.

1494 1950 1613 1997 ca-p.
1639 1937 1722 1999 x.]
1763 1937 1928 2002 Ὀρθὸν
1943 1939 2032 2000 μὲν
2051 1940 2147 2005 γάρ
2168 1943 2271 1992 ἐστι
2298 1943 2440 2004 μόνον
2468 1949 2587 1995 τῶν·

1492 2010 1624 2073 ζώων
1644 2013 1719 2062 διὰ
1748 2014 1806 2063 τὸ
1832 2016 1925 2075 τὴν
1945 2018 2089 2080 φύσιν
2109 2020 2253 2069 αὐτοῦ
2273 2021 2351 2070 καὶ
2371 2021 2459 2081 τὴν
2480 2024 2558 2072 οὔ·

1492 2087 1600 2137 σίαν
1621 2088 1734 2139 εἶναι
1755 2093 1895 2145 θείαν.
1935 2092 2075 2158 ἔργον
2107 2096 2158 2145 δὲ
2188 2100 2274 2147 τοῦ
2304 2099 2559 2164 θειοτάτου,

1488 2164 1548 2213 τὸ
1569 2169 1693 2215 νοεῖν
1714 2168 1792 2217 καὶ
1830 2175 2030 2235 φρονεῖν.
2061 2176 2204 2224 τοῦτο
2237 2177 2277 2224 δ’
2317 2177 2371 2226 οὒ
2402 2176 2561 2243 ῥᾴδιον

1486 2246 1675 2292 πολλοῦ
1706 2248 1791 2294 τοῦ
1819 2247 1991 2299 ἄνωθεν
2012 2249 2297 2313 ἐπικειμένου
2324 2254 2559 2319 σώματος,

1486 2319 1546 2368 τὸ
1565 2322 1659 2386 γὰρ
1678 2321 1838 2387 βάρος,
1874 2327 2147 2387 δυσκίνητον
2181 2332 2309 2379 ποιεῖ
2337 2332 2427 2391 τὴν
2458 2332 2556 2382 διά-

1487 2414 1614 2446 νοιαν
1651 2399 1732 2448 καὶ
1766 2401 1856 2460 τὴν
1891 2405 2049 2462 κοινὴν
2084 2406 2315 2464 αἴσθησιν.
2362 2411 2378 2436 ‘
2400 2410 2554 2459 Solus

1487 2477 1623 2525 enim
1648 2479 1941 2529 animalium
1960 2483 1974 2504 '
2006 2483 2156 2532 homo
2189 2485 2204 2510 ‘
2222 2492 2429 2535 erectus
2451 2494 2552 2550 est,

1486 2554 1724 2614 quoniam
1749 2556 1858 2619 ejus
1880 2564 2064 2608 natura
2080 2567 2239 2625 atque
2259 2561 2555 2612 substantia

1484 2628 1659 2677 diviua
1701 2640 1798 2681 est.
1884 2632 2127 2684 Officium
2171 2644 2344 2687 autem
2391 2640 2552 2690 divini

1485 2706 1884 2769 est,intelligere
1901 2716 2058 2774 atque
2076 2726 2276 2775 sapere,
2292 2714 2427 2778 quod
2448 2724 2550 2764 non

1483 2778 1638 2829 facile
1662 2790 1820 2847 esset,
1851 2784 1895 2833 si
1932 2794 2079 2836 vasta
2115 2792 2351 2853 corporis
2387 2792 2550 2841 moles

1483 2857 1738 2906 assideret
1763 2874 1777 2907 z
1835 2861 2037 2923 pondus
2081 2865 2217 2914 enim
2265 2867 2546 2919 tardiorem

1482 2932 1660 2983 reddit
1681 2941 1735 2983 et
1757 2945 2004 3002 mentem,
2021 2945 2076 2989 et
2097 2955 2303 2991 sensum
2321 2958 2549 2995 commu-

1482 3012 1639 3061 nem.'
1675 3013 1828 3064 Idem.

1545 3090 1758 3150 Inferior
1792 3095 1919 3143 sidat
1955 3096 2107 3160 mens]
2154 3098 2406 3149 Prudent.
2444 3099 2544 3150 Ca-

1478 3166 1641 3216 them.
1665 3169 1859 3233 Hymn.
1885 3175 1960 3220 lo.
1984 3173 2000 3198 ⁴
2018 3172 2070 3220 Si
2097 3179 2266 3222 terrea
2288 3173 2430 3224 forte
2455 3190 2547 3225 vo··

1478 3246 1650 3295 luntas
1673 3249 1894 3298 Luteum
1919 3251 2077 3314 sapit,
2094 3260 2146 3301 et
2169 3268 2326 3315 grave
2344 3260 2546 3317 captat,

1477 3322 1695 3373 Animus
1721 3342 1854 3391 quoq
1866 3343 1928 3375 ue
1954 3330 2181 3391 pondere
2206 3346 2415 3394 pressus
2450 3333 2542 3383 Se·

1475 3402 1653 3463 quitur
1693 3417 1781 3451 sua
1817 3405 2049 3454 membra
2072 3406 2329 3457 deorsum.
2397 3409 2471 3459 At
2495 3410 2540 3458 si

1474 3481 1680 3539 generis
1721 3494 1915 3530 memor
1949 3481 2083 3545 ignis
2106 3484 2359 3546 contagia
2393 3485 2541 3549 nigra

1472 3561 1701 3616 recuset,
1749 3555 1909 3604 Vehit
1953 3556 2161 3622 hospita
2196 3574 2419 3623 corpora
2460 3577 2539 3611 se·

1471 3642 1586 3676 cum
1630 3630 1944 3696 Pariterque
1984 3641 2221 3698 reportat
2258 3637 2323 3685 ad
2369 3637 2542 3688 astra.²

1469 3703 1640 3756 Sitzm.

1533 3782 1613 3831 De
1635 3786 1805 3833 mundo
1820 3785 2002 3834 censuit
2017 3786 2323 3853 Aristoteles]
2358 3790 2469 3842 Lib.
2495 3805 2535 3840 1.

1530 415 1970 468 PfflrhosoPH.
2020 421 2093 468 LI
2106 424 2167 469 B.
2217 424 2286 469 V.

1449 3857 1534 3906 -de
1560 3859 1721 3908 Coelo.
1763 3861 1942 3912 Vallia.

1538 3935 1674 3984 Unde
1697 3952 1787 3984 non
1807 3947 1934 3986 recte
1953 3938 2160 4003 quidum,
2198 3941 2280 4004 qui
2313 3958 2419 3992 cum
2445 3959 2533 3992 uu-

1463 4011 1601 4060 dirmt
1622 4013 1774 4061 visum
1806 4014 2001 4064 Platoni
2035 4020 2255 4068 mundum
2289 4021 2414 4070 hunc
2447 4037 2533 4072 neo

1462 4089 1678 4138 habuisse
1713 4091 1907 4140 initium
1943 4092 2184 4156 temporis,
2220 4109 2305 4143 nec
2341 4096 2531 4146 habitu-

1462 4180 1568 4214 rum
1589 4181 1688 4215 esse
1708 4165 1968 4228 de’j’ectum]
2000 4167 2166 4217 Recte
2187 4185 2290 4219 eum
2312 4174 2531 4237 audiunt,

1462 4257 1494 4291 a
1534 4243 1782 4292 Crantore
1822 4243 2085 4305 videlicet,
2116 4245 2357 4310 Plotino,
2398 4248 2529 4297 Por-

1462 4323 1666 4388 phyrio,
1703 4322 1984 4385 Jamblico,
2017 4323 2188 4374 Tauro
2231 4325 2526 4389 Platonico,
