3049 4928
981 417 1496 473 ruinosopmzss
1549 419 1687 468 me.
1736 418 1815 466 ιι.
2359 399 2489 468 193

288 568 584 634 sessione
610 566 967 633 '‘videatur'i
1059 565 1149 630 Et
1195 563 1329 630 alia
1381 562 1662 648 quidem'
1706 563 1849 628 suis
1894 565 2203 628 contenta
2252 567 2442 628 sunt:
2472 569 2493 597 ⁶

288 690 406 735 vos
436 675 706 734 autem⁰
753 669 904 733 Deo
929 674 1148 732 mente
1177 667 1578 744 consimileS‚
1611 667 1700 730 ab
1733 666 1939 759 rebus
1978 665 2220 730 infimis
2264 667 2486 730 excel·

285 771 479 834 lentis
501 776 767 834 naturae
798 774 1182 833 ornamenta
1210 768 1535 851 captatis:
1581 787 1705 831 nec
1731 767 2101 850 intelligitis
2130 773 2449 851 quantam
2466 775 2485 813 ³

286 872 617 937 conditori
661 878 886 937 vestro
934 873 1204 936 faciatis
1230 871 1565 953 injuriam.
1659 869 1783 935 Ille
1830 889 2045 953 genus
2095 868 2489 933 humanum‘

282 976 548 1040 terrenis
574 976 888 1039 omnibus
929 982 1257 1058 praestare
1310 974 1566 1038 voluit:
1613 991 1738 1039 vos
1786 969 2178 1056 dignitatem
2200 979 2486 1036 vestram

280 1076 448 1142 infra
487 1076 726 1141 infima
774 1096 1062 1160 quaeque
1109 1075 1486 1141 detruditis.
1579 1076 1760 1143 Nam
1807 1076 1867 1141 si
1919 1094 2115 1140 omne
2159 1075 2487 1158 cujusque

280 1180 550 1258 bonum,
585 1198 671 1243 eo
701 1179 895 1263 cujus
926 1186 1081 1257 est,4
1107 1184 1375 1243 constat
1394 1198 1546 1243 esse
1576 1180 1955 1262 pretiosiuS,
1980 1198 2134 1243 cum
2158 1177 2486 1242 vilissima

279 1301 488 1347 rerum
514 1289 742 1348 vestra
762 1284 941 1347 bona
969 1300 1118 1346 esse
1138 1279 1486 1364 judicatiS‚
1508 1278 1766 1344 eisdem
1785 1280 2238 1362 vosmetipsos
2260 1284 2489 1342 vestra

284 1387 780 1450 oestimatione⁵
844 1383 1299 1452 summittitis:
1363 1382 1547 1466 quod
1599 1382 1876 1466 quidem
1924 1381 2108 1445 haud
2158 1381 2486 1444 immerito

280 1487 547 1553 ceditve
640 1487 981 1553 Humanae
1029 1487 1275 1571 quippe
1326 1493 1632 1551 naturaev
1673 1486 1820 1551 haec
1877 1483 2184 1550 conditio
2234 1488 2359 1560 est,
2407 1487 2487 1545 ut

336 1680 356 1706 ⁰
388 1671 644 1724 Homines.
681 1713 685 1715 ψ
773 1681 804 1715 Ρ
840 1673 1107 1735 Contingit.

1199 1767 1439 1789 ”Omffio
1444 1766 1562 1787 ‘CN

278 1853 340 1901 sic
357 1866 518 1903 rerum
539 1866 677 1901 versu
699 1852 779 1900 lex
799 1855 849 1900 et
869 1849 1076 1901 conditio
1096 1854 1280 1900 est.—-3
1309 1851 1557 1907 Quantum
1583 1847 1775 1914 Delph.
1796 1848 2074 1900 Hack.-——-4
2109 1843 2212 1897 Ms.
2232 1845 2486 1897 Rittersh.

282 1918 466 1967 Namsi
498 1931 657 1980 omne,
691 1918 814 1981 quod
851 1916 1070 1979 cujusque
1099 1915 1283 1973 bonum,
1316 1918 1370 1966 id
1406 1931 1459 1965 eo
1494 1916 1630 1978 cin‘us
1667 1921 1852 1966 est.-5
1892 1915 2131 1979 Uterque
2151 1913 2293 1963 vict.
2320 1917 2376 1962 et
2399 1911 2483 1961 ed.

1273 2047 1324 2097 Ν
1326 2047 1486 2097 ΟΤΙΕ

276 2151 370 2201 tis:
399 2167 553 2202 mens
586 2152 608 2183 ἶ
633 2152 801 2216 ratio,’
836 2164 1027 2216 eorpus
1060 2152 1076 2181 ‘
1117 2152 1331 2202 animal'

276 2243 370 2277 non
405 2243 523 2279 raro
559 2230 891 2292 appeilatur:
925 2228 1017 2279 sed
1052 2236 1227 2279 mente
1249 2229 1338 2278 ho·

275 2318 353 2355 mo
383 2305 567 2355 similis
610 2311 697 2354 est
735 2307 886 2356 Deo:
923 2306 1340 2356 sicut‘statuitur

276 2380 461 2431 Genes.
498 2386 548 2432 1.
583 2383 602 2411 ‘
623 2380 912 2444 faciamus,'
967 2381 1138 2446 inquit
1173 2382 1339 2444 Deus,

276 2460 290 2486 ‘
311 2458 569 2509 hominem
604 2457 674 2507 ad
705 2457 978 2522 imaginem
1013 2464 1069 2508 et
1103 2456 1338 2509 similitu-

275 2532 436 2585 dinem
477 2526 764 2585 nostramz'
801 2541 1053 2600 quatenus
1092 2535 1337 2585 videlicet

272 2623 410 2660 meus
429 2617 611 2661 nostra
635 2625 718 2661 res
742 2617 840 2673 est,
863 2611 1027 2660 instar
1060 2611 1180 2675 Dei,
1199 2611 1336 2675 cogi-

273 2692 404 2739 tans:
444 2688 586 2737 unde
601 2687 834 2736 homines
852 2700 912 2736 ιι.
939 2687 1083 2737 Petri
1108 2691 1156 2736 1.
1177 2687 1335 2736 ‘divi-

272 2776 346 2813 nae
399 2771 674 2815 consortes
743 2763 978 2813 naturae'
1054 2762 1333 2813 dicuntur:

273 2848 545 2904 propterea
560 2856 701 2891 nunc
716 2843 864 2891 homo
876 2846 1093 2890 vocatur
1106 2842 1122 2868 ‘
1147 2830 1333 2890 animai

272 2917 483 2979 merito,'
501 2919 613 2969 sive
636 2919 791 2968 titulo
807 2921 823 2947 ‘
841 2918 1055 2968 rationis
1075 2918 1333 2968 divinum!

270 2992 284 3019 ‘
315 2993 607 3056 Homines,'
646 2995 817 3059 inquit
865 2995 1066 3044 Tullius
1121 2995 1186 3043 de
1232 2996 1332 3044 Un.

266 3067 282 3096 ⁴
304 3069 535 3121 Deorum
553 3073 919 3121 immortalium
938 3072 1085 3136 quasi
1109 3073 1336 3135 gentiles
1367 3066 1379 3099 ‘

270 3152 399 3210 sunt,
418 3156 477 3197 et
497 3146 662 3197 divini
672 3149 888 3215 generis
908 3150 1261 3213 appellantur,
1280 3152 1336 3199 et

271 3220 486 3273 omnium
503 3223 846 3274 animantium
870 3232 1054 3275 tenent
1073 3226 1335 3291 principa-

272 3299 405 3348 tum.’
469 3299 686 3350 Deinde
724 3299 863 3353 idem
896 3301 1046 3350 homo
1079 3309 1160 3351 est
1193 3311 1338 3352 cete·

270 3374 335 3422 ris
358 3377 515 3426 rebus
551 3377 747 3428 creatis
784 3379 1138 3444 insipientior:
1175 3394 1336 3444 quau-

272 3448 542 3514 doquidem

327 3532 346 3558 ⁸
372 3527 491 3578 Alia
545 3529 732 3593 quidem
777 3530 876 3580 suis
928 3535 1146 3581 contenta
1199 3530 1337 3593 sunt]

270 3603 398 3653 Nem
418 3621 644 3670 corpora
662 3607 963 3672 inanimata,
984 3609 1197 3671 plantae,
1216 3608 1333 3656 bes-

272 3679 353 3730 tiae
388 3682 521 3748 ipsae
552 3683 749 3734 finibus
783 3685 883 3734 sibi
916 3686 1163 3735 divinitus
1201 3700 1332 3750 prae-

273 3761 474 3826 scriptis
495 3765 577 3814 ita
599 3765 954 3829 continentur,
977 3774 1037 3816 ut
1058 3781 1154 3815 nec
1179 3781 1334 3830 pecu·

269 3837 380 3902 niae,
417 3855 516 3891 nec
555 3855 891 3906 gemmarum,
928 3856 1025 3891 uec
1071 3850 1330 3905 agrorum,

271 3910 362 3964 ¹nec
384 3915 628 3980 vestium,
651 3931 750 3968 nec
784 3916 1094 3967 famulorum
1129 3915 1327 3965 deside-

1419 2151 1802 2217 sapientissimo
1822 2150 1890 2201 sit
1913 2149 2232 2214 sapientior3
2275 2156 2486 2212 propte·

1420 2246 1512 2281 rea
1534 2231 1622 2280 ilie
1644 2231 1798 2281 homo
1822 2230 2060 2293 injuriam
2090 2226 2220 2284 facit
2245 2228 2380 2290 Deo,
2400 2228 2486 2293 qni

1421 2323 1575 2357 ansus
1610 2322 1758 2358 suum
1782 2306 2039 2371 judicium
2068 2304 2242 2354 divino
2274 2312 2487 2370 antepo-

1421 2399 1568 2446 nere,
1588 2399 1739 2449 quam
1762 2382 2077 2447 dignitatem·
2096 2384 2243 2433 Deus
2268 2383 2486 2431 terrenis

1420 2461 1657 2512 omnibus
1693 2468 1947 2525 praestare
1983 2459 2166 2522 voluit,
2183 2459 2314 2509 lianc
2353 2456 2487 2508 infra

1420 2538 1595 2588 infima
1634 2553 1853 2603 quaeque
1888 2536 2141 2586 detrudit.
2206 2534 2362 2600 Atqui
2398 2535 2487 2584 ho-

1418 2627 1503 2665 mo
1524 2616 1790 2680 praedictis
1820 2614 1969 2664 bonis
1992 2614 2189 2663 inhians
2223 2613 2294 2662 ita
2325 2628 2379 2661 se
2404 2613 2487 2660 ha·

1418 2691 1529 2741 bet.
1596 2692 1797 2740 Bonum
1823 2690 1963 2739 enim
1985 2689 2061 2739 ita
2083 2690 2135 2738 in
2165 2687 2485 2752 perfectione

1418 2774 1673 2829 versatur,
1691 2773 1749 2815 ut
1765 2765 1900 2830 quod
1926 2765 2108 2829 cuique
2130 2765 2341 2825 bonum,
2360 2763 2484 2811 illud

1415 2845 1604 2906 eidem,
1653 2843 1939 2904 semetipso
1987 2842 2224 2890 videatur
2280 2838 2485 2902 perfec·
2553 2874 2563 2879 ,

1416 2920 1540 2980 tiuS,
1563 2923 1746 2980 utpote
1772 2932 1800 2965 a
1824 2928 1926 2980 quo
1956 2913 2134 2979 perfici
2176 2915 2369 2980 possit:
2395 2929 2483 2962 ne-

1415 3010 1515 3063 que
1541 2994 1733 3044 etenim
1761 2991 1944 3057 perfici
1980 2997 2176 3057 potest,
2197 2991 2295 3039 nisi
2319 3007 2350 3039 a
2374 3005 2487 3054 per-

1417 3070 1643 3122 fectiori.
1717 3069 2066 3123 Quamobrem
2120 3083 2233 3118 cum
2291 3068 2485 3131 pretio-

1417 3165 1550 3212 sum,
1583 3154 1644 3197 ut
1680 3161 1839 3212 supra
1869 3147 2068 3196 dictum
2101 3152 2202 3207 est,
2231 3136 2364 3193 illud'
2395 3144 2483 3193 hat

1416 3227 1625 3290 beatur,
1656 3224 1791 3290 quod
1816 3224 1867 3272 in
1899 3230 2075 3272 nostra
2108 3228 2190 3271 est
2222 3221 2483 3271 existima-

1417 3303 1577 3365 tione,
1610 3317 1829 3366 cumque
1862 3301 1975 3350 haec
2013 3297 2330 3349 existimatio
2365 3312 2484 3362 non,

1417 3379 1515 3427 nisi
1559 3383 1833 3427 crescente
1870 3375 1946 3426 rei
1987 3375 2237 3439 subjectae
2279 3371 2480 3438 perfec-

1417 3458 1582 3516 tione,
1606 3466 1842 3504 crescere
1877 3452 2087 3519 debeat,
2107 3450 2305 3500 idcirco
2340 3450 2480 3514 quic-

1415 3531 1542 3598 quid
1574 3531 1726 3580 alicui
1766 3531 1956 3580 bonum
1987 3529 2213 3589 videtur,
2246 3526 2372 3577 illud
2413 3528 2485 3576 ei·

1418 3610 1538 3658 dem
1559 3607 1839 3672 pretiosius
1860 3606 2119 3669 videatur,
2136 3616 2350 3655 necesse
2369 3610 2479 3654 est:

1417 3694 1578 3750 quare
1601 3686 1751 3734 homo
1781 3699 1985 3754 'summo
2017 3682 2345 3744 famulorum,
2368 3696 2481 3730 ves-

1416 3763 1564 3826 tium,
1588 3777 1847 3826 agrorum,
1866 3774 2203 3826 gemmarum,
2228 3758 2480 3822 pecuniae,

1415 3845 1470 3888 et
1493 3846 1785 3889 ceterarum
1811 3835 2067 3900 ejusmodi
2104 3844 2274 3883 rerum
2305 3833 2481 3896 abjec-

1416 3914 1727 3964 tis-‚simarum
1763 3912 2022 3962 desiderio
2055 3915 2359 3975 occupatus,
2395 3924 2477 3957 res

272 3988 342 4038 rio
362 3998 657 4042 teneantur.
726 3995 997 4044 Praeterea
1018 3994 1155 4043 idem
1175 3993 1330 4043 homo
1410 3993 1538 4040 istas
1580 4005 1675 4039 sua
1715 3990 1871 4038 etiam
1924 3994 2102 4037 mente
2145 3986 2478 4050 pretiosiores

271 4063 498 4127 injuriam
522 4067 733 4118 videtur
755 4068 933 4119 faeere
956 4070 1096 4120 Deo.

330 4144 346 4173 ‘
377 4144 470 4193 Ille
521 4159 672 4206 genus
725 4147 996 4209 humanum,
1043 4143 1148 4208 &tx-J
1198 4145 1328 4194 Cum

271 4216 397 4289 enim
441 4220 609 4283 Deus,
647 4228 834 4285 utpote
872 4222 1022 4284 cujus
1071 4220 1330 4284 sapientia

270 4294 463 4345 infinita
506 4303 605 4360 est,
650 4298 884 4362 quolibet
923 4297 1125 4349 homine
1170 4296 1328 4346 etiam

396 4377 569 4441 Delph.
587 4384 632 4428 et
665 4379 778 4430 Var.
807 4379 938 4430 Clas.

1413 4064 1868 4130 perfectioresque
1892 4078 2004 4113 esse
2024 4063 2306 4118 existimat,
2325 4060 2479 4109 adeo-

1412 4157 1515 4206 que
1535 4157 1625 4192 suo
1660 4140 1917 4191 conditori
1951 4138 2078 4189 facit
2109 4136 2348 4200 injuriam
2385 4149 2476 4183 suo

1414 4219 1503 4268 illo
1526 4217 1662 4266 falso
1677 4216 1880 4280 judicio
1899 4232 1913 4276 3
2387 4269 2391 4273 .

1477 4303 1499 4328 ¹¹
1537 4296 1675 4351 Quod
1698 4293 1884 4357 quidem
1907 4293 2033 4340 haud
2065 4288 2299 4339 immerito
2321 4285 2473 4348 cudit]

1302 4377 1475 4430 Bam.
2293 4368 2339 4416 N
