3049 4928
1249 433 1553 492 'noman
1602 438 1699 492 DE
1744 431 2051 494 consol„

987 587 1129 669 Qui
1159 593 1420 655 tamen¹
1466 589 1703 656 intima
1729 590 1994 656 viscera
2021 594 2208 655 terrae

987 692 1148 758 Non
1174 693 1377 771 valet,
1412 702 1531 758 aut
1560 695 1807 779 pelagi,
1834 692 2169 757 radiorum

986 795 1259 861 Infirma
1286 815 1713 880 perrumpere
1739 797 1914 861 luce.
2702 787 2744 856 5

986 898 1200 964 Haud
1228 899 1327 965 sic
1358 900 1578 984 magni
1609 900 1917 966 conditor
1944 897 2131 964 orbis
2153 903 2210 962 :⁸

988 1001 1176 1067 Huic
1205 1022 1292 1068 ex
1323 1004 1460 1068 alto
1489 1010 1736 1068 cuncta
1762 1000 2006 1067 tuenti‘

989 1103 1196 1168 Nulla
1225 1111 1416 1170 terrae
1447 1105 1623 1169 mole
1652 1105 2007 1185 resistunt;

997 1207 1156 1274 Non
1183 1229 1322 1275 nox
1348 1210 1508 1274 atris
1540 1210 1825 1274 nubibus
1853 1209 2098 1274 obstat.

991 1311 1149 1377 Uno
1181 1313 1416 1377 mentis
1445 1312 1659 1376 cernit
1694 1312 1760 1375 in
1792 1311 1930 1376 ictu

2669 1308 2752 1373 10

993 1413 1169 1493 Quae
1204 1417 1361 1494 sint,
1394 1435 1544 1499 quae
1571 1415 1843 1493 fuerint,
1873 1409 2357 1497 veniantque.¹⁶
2377 1420 2408 1448 ¹¹

559 1615 860 1664 nihilominus
877 1630 972 1665 non
989 1618 1144 1678 potest
1160 1616 1417 1679 pervadere
1445 1614 1629 1664 viscera
1646 1614 1877 1664 interiora
1897 1618 2040 1663 ειη-ω
2057 1618 2142 1664 aut
2157 1612 2306 1663 moris
2338 1611 2584 1676 :plenam
2617 1608 2759 1683 insbg·

561 1681 661 1729 ciui
672 1694 859 1729 suorum
875 1680 1134 1729 radiorum.
1201 1682 1314 1730 Non
1336 1681 1408 1730 itu
1425 1680 1563 1729 Deus
1574 1683 1757 1729 creator
1786 1679 1951 1741 magni
1968 1680 2128 1728 mundi
2141 1695 2159 1727 .-
2191 1684 2333 1727 terroe
2353 1678 2501 1726 etium
2520 1687 2759 1725 mmm·

561 1759 751 1794 maon
766 1746 992 1795 resistunt
1005 1745 1069 1806 ei,
1083 1744 1249 1808 quippe
1267 1746 1349 1809 qni
1365 1745 1516 1795 cernit
1531 1745 1686 1794 omnia
1703 1759 1765 1793 ex
1780 1744 1970 1793 sublimi
1983 1760 1999 1792 e
2014 1759 2110 1793 nox
2126 1743 2332 1792 obscuris
2342 1740 2441 1791 suis
2460 1740 2664 1791 tenebris
2672 1752 2762 1787 non

562 1809 762 1873 impedit
780 1811 984 1874 eiusdem
1019 1814 1284 1874 aspectum.-
1315 1811 1463 1874 videt,
1483 1826 1575 1859 uno
1595 1811 1776 1860 intuitu
1792 1810 1979 1874 mentis,
1995 1808 2270 1873 prasentia,
2303 1806 2576 1871 preterita,
2607 1809 2656 1855 ct
2680 1801 2761 1863 su·

1461 1937 1584 1958 ”ste

594 1987 602 2004 ἱ
629 2017 695 2063 16
727 2012 744 2042 ⁸
759 2013 996 2077 Veteres,
1019 2025 1260 2065 versuum
1283 2015 1463 2066 ordine
1486 2023 1717 2079 moto,et
1736 2030 1857 2066 sane
1881 2014 2217 2065 concinnius:
2255 2014 2375 2070 Quoe
2408 2013 2509 2062 sint
2527 2046 2543 2062 .
2563 2044 2578 2061 .
2599 2047 2613 2063 .
2633 2008 2759 2060 uno!

564 2078 804 2129 Bernart.
837 2080 855 2107 ‘
877 2079 997 2134 Quoe
1015 2079 1131 2141 sint,
1153 2082 1476 2145 quaesuerint,
1498 2082 1778 2145 veniantque
1800 2082 1921 2131 Uno.
1988 2080 2078 2130 Sic
2099 2079 2250 2129 ambo
2267 2086 2371 2128 tam
2388 2078 2589 2127 'lhuum
2610 2089 2762 2141 quum

563 2141 707 2192 Vict.
727 2150 783 2192 et
802 2143 940 2194 Flor.
962 2152 1137 2195 rectez
1170 2161 1323 2196 nemo
1348 2147 1484 2198 enim
1515 2162 1618 2198 non
1652 2146 1799 2198 videt
1833 2145 2287 2211 transpositionem
2324 2141 2518 2198 factam
2559 2142 2615 2192 iu
2650 2140 2764 2191 aliis

568 2208 880 2259 editionibus
904 2209 1176 2261 omnibus!
1220 2211 1398 2262 Vallia.

1554 2325 1776 2398 NOTAE

565 2434 706 2484 rnen,
725 2422 818 2473 sed
839 2423 1159 2476 occasionem
1180 2425 1362 2476 horum
1388 2438 1629 2477 versuum

569 2499 904 2565 Philosophia
947 2503 1094 2553 nobis
1138 2503 1346 2554 videtur
1388 2502 1629 2554 sumsisse

570 2589 638 2625 ex
660 2575 813 2631 Iliad.
847 2583 898 2628 Γ.
933 2578 1071 2629 unde
1094 2579 1276 2629 ultima
1304 2578 1467 2629 verba
1498 2578 1629 2628 Pro-

570 2667 643 2702 sae
683 2654 963 2717 superioris
996 2654 1234 2707 desumta
1272 2661 1414 2719 sunt,
1451 2661 1509 2705 et
1542 2655 1632 2706 ubi

569 2729 832 2781 Homerus
861 2733 1043 2801 Solem*
1064 2733 1319 2784 allocutus
1349 2733 1427 2784 sic
1458 2732 1630 2783 canit:

569 2803 754 2856 Ἠέλιός
799 2811 843 2857 0’
892 2807 946 2858 bs
983 2807 1122 2859 πάντ’
1162 2810 1333 2876 ἐφορᾷς
1378 2808 1458 2860 καὶ
1496 2809 1634 2860 πάντ’

569 2881 839 2934 ernustes:
895 2886 911 2914 ⁸
948 2885 1035 2935 Sol
1084 2901 1289 2952 qnoque
1331 2887 1421 2952 qui
1463 2887 1636 2937 omnia

569 2957 717 3008 vides
762 2966 820 3009 et
861 2962 1034 3011 omnis
1078 2962 1261 3014 sudis!
1328 2963 1491 3014 Quasi
1526 2962 1634 3012 Ho-

569 3050 742 3088 merus
779 3040 1069 3103 putaverit,
1109 3040 1302 3102 Solem,
1342 3040 1507 3090 instar
1546 3055 1633 3092 cu-

561 3113 768 3177 jusdam
788 3115 1048 3180 Numinis,
1071 3115 1242 3167 omnia
1262 3115 1442 3183 videre
1466 3123 1523 3167 et
1546 3130 1635 3166 au-

572 3191 704 3244 dire.
770 3194 971 3244 Plinius
1017 3196 1051 3246 l.
1097 3209 1161 3245 ιι.
1199 3209 1311 3260 cap.
1347 3200 1396 3246 6.
1453 3196 1470 3225 ‘
1506 3193 1639 3244 Hic'

571 3267 711 3334 (Sol)
753 3268 943 3335 inquit,
982 3270 1000 3299 ‘
1031 3286 1176 3333 suum
1226 3273 1398 3322 lumen
1442 3272 1652 3324 ceteris

574 3359 781 3410 quoque
802 3345 1061 3397 sideribus
1075 3346 1317 3412 foenerst,
1337 3349 1641 3413 praeclsrus,

575 3421 817 3485 eximius,
841 3423 1012 3473 omnia
1034 3424 1264 3488 intuens,
1287 3428 1461 3477 omnis
1483 3427 1641 3477 etiam

576 3497 879 3563 exaudiens,
907 3506 968 3550 nt
986 3501 1208 3565 principi
1229 3502 1499 3552 literarum
1529 3502 1640 3555 Ho-

577 3588 722 3626 mero
739 3575 995 3640 placuisse
1016 3576 1068 3625 in
1087 3590 1188 3625 uno
1207 3591 1271 3627 eo
1295 3577 1482 3630 video!

642 3657 663 3683 ¹·
685 3651 784 3708 Qus·
814 3655 993 3712 tamen,
1029 3650 1136 3714 ξω]
1169 3653 1420 3704 Quamvis
1452 3655 1539 3706 Sol
1576 3656 1642 3706 ab

577 3726 809 3778 Homero
845 3727 1051 3777 dicatur
1085 3734 1237 3779 tanto
1277 3736 1531 3792 praestans
1564 3733 1642 3784 lu·

578 3804 738 3868 mine,
758 3809 818 3854 ut
836 3804 1007 3854 omnia
1024 3805 1220 3870 videat,
1247 3807 1334 3856 Sol
1358 3814 1531 3859 tamen
1564 3811 1641 3861 lu·

579 3879 719 3930 mine
741 3879 873 3931 adeo
897 3880 1051 3932 debili
1075 3888 1174 3946 est,
1195 3890 1253 3934 ut
1275 3886 1500 3936 remissis
1521 3902 1642 3938 cum

579 3968 614 4004 a
644 3961 803 4020 terra,
840 3962 950 4008 tum
985 3959 1143 4013 etiam
1175 3977 1205 4011 a
1241 3963 1373 4013 mari
1409 3964 1641 4028 ejusdem

580 4029 758 4096 radiis,
779 4033 865 4082 Sol
879 4047 977 4098 neq
984 4042 1105 4085 uest
1120 4037 1397 4102 illustrare,
1414 4040 1646 4106 adeoque

582 4123 682 4160 nec
716 4110 897 4163 videre
933 4113 1114 4164 intima
1144 4125 1236 4168 aut
1270 4123 1523 4169 terrerum
1556 4127 1649 4171 aut

582 4187 739 4236 meris
762 4189 997 4240 visceraz
1032 4191 1145 4241 haec
1179 4193 1356 4244 videre
1388 4196 1545 4246 solius
1567 4203 1650 4248 est

585 4264 713 4327 Dei,
735 4279 766 4314 a
797 4281 899 4333 quo
918 4267 1026 4318 liaec
1047 4270 1221 4321 onmia
1242 4278 1420 4323 creste
1438 4286 1651 4325 conser-

587 4347 797 4393 ventur.

1774 2430 1793 2456 ⁸
1824 2422 2003 2486 Magni
2039 2421 2252 2473 conditor
2286 2419 2436 2485 orbis]
2471 2420 2647 2482 Dens,
2681 2417 2766 2485 qui

1710 2508 1898 2553 revers
1910 2508 1992 2552 est
2008 2507 2215 2551 creator
2230 2512 2334 2549 non
2352 2498 2515 2547 solum
2527 2496 2765 2559 hominis,

1710 2581 1800 2646 qui
1818 2578 2016 2630 dicitur
2046 2591 2237 2644 parvus
2260 2575 2499 2637 mundus,
2536 2573 2633 2625 sed
2654 2573 2769 2624 reli·

1714 2672 1933 2723 quornm
1965 2655 2223 2716 omnium3
2256 2666 2476 2717 quorum
2498 2649 2769 2716 congeries

1715 2741 1936 2786 vocatur
1954 2745 2170 2797 magnus
2187 2729 2426 2781 mundus.

1776 2813 1793 2844 ¹
1814 2811 1898 2859 Ex
1908 2810 2004 2859 alto
2018 2813 2188 2858 cuncta
2208 2805 2387 2868 tuenti]
2406 2805 2463 2856 Si
2477 2805 2625 2855 Deus
2642 2818 2773 2867 eam,

1714 2903 1866 2955 quam
1890 2885 2049 2937 habet
2071 2899 2243 2935 rerum
2275 2889 2589 2945 creaturum,
2609 2881 2771 2932 notio·

1712 2981 1831 3017 nem
1851 2965 1980 3030 ipsis
2017 2964 2172 3014 rebus
2199 2962 2393 3013 creatis
2427 2959 2654 3012 referret
2692 2974 2772 3010 ac·

1715 3049 1947 3106 ceptam,
1966 3055 2084 3090 cum
2120 3037 2377 3103 ejusmodi
2409 3051 2489 3086 res
2529 3037 2639 3088 sint
2661 3036 2771 3085 Deo

1717 3118 1870 3182 longe
1904 3115 2197 3177 inferiores,
2225 3115 2374 3164 Deus
2406 3113 2675 3164 diceretur
2695 3126 2771 3162 res

1714 3193 1844 3244 istas
1883 3208 1950 3244 ex
1993 3191 2173 3242 humili
2213 3190 2370 3241 tueri.
2436 3189 2616 3242 Quare
2658 3202 2770 3240 cum

1716 3270 2079 3335 Dens‚alienae
2102 3267 2218 3334 opis
2247 3266 2378 3318 nihil
2399 3265 2608 3332 indigus
2631 3271 2694 3317 ut
2712 3263 2772 3316 sd

1717 3348 1994 3400 volendum
2024 3346 2100 3398 sic
2136 3345 2203 3396 ad
2237 3344 2672 3410 cognoscendum,
2690 3343 2773 3393 hs·

1721 3441 1835 3476 rum
1870 3437 2044 3474 rerum
2085 3421 2347 3472 notionem
2391 3435 2458 3470 ex
2493 3420 2770 3485 semetipso

1719 3502 1935 3566 habeat,
1965 3497 2162 3564 optime
2184 3498 2379 3549 dicitur
2410 3511 2497 3548 res
2518 3497 2649 3549 istas
2679 3496 2771 3547 ‘ex

1724 3580 1833 3630 alto
1857 3575 2030 3629 tueri?

1787 3661 1813 3688 ¹¹
1847 3654 1969 3710 Quoe
1988 3651 2105 3716 sint,
2120 3666 2226 3716 ⁴1¹²ae
2245 3650 2456 3713 fuerint,
2477 3649 2771 3716 veniantque]

1721 3729 2031 3793 Praesentis,
2051 3728 2339 3794 praeterits,
2358 3734 2415 3778 et
2428 3727 2635 3780 futura:
2660 3742 2772 3777 nam

1723 3821 1842 3858 cnm
1879 3796 2109 3871 cognitio
2154 3805 2263 3855 Dei
2293 3804 2500 3855 infinita
2543 3805 2629 3868 sit,
2663 3805 2771 3855 hec

1720 3883 1876 3934 nullis
1893 3882 2183 3949 praesentis,
2205 3879 2485 3946 praeteriti,
2507 3889 2595 3933 sut
2616 3880 2772 3933 futuri

1723 3964 1973 4030 temporis
1987 3963 2299 4015 differentiis
2317 3963 2671 4014 circumscribi
2687 3976 2773 4027 po·

1729 4047 1856 4093 test.
1921 4041 2238 4105 Quinetiam,
2275 4041 2412 4107 quod
2458 4041 2636 4091 eadem
2670 4039 2774 4090 Dei

1728 4117 1954 4183 cognitio
1998 4117 2068 4167 sit
2114 4116 2333 4181 infinita,
2352 4117 2467 4168 hoec
2508 4116 2768 4180 multiplex

1727 4209 1841 4245 esse
1861 4194 2041 4260 nequit
2066 4212 2080 4244 z
2116 4194 2253 4245 unde
2275 4195 2425 4246 Deus
2452 4194 2619 4246 omnia
2640 4192 2657 4221 ‘
2676 4205 2769 4242 uno

1727 4271 1917 4323 mentis
1939 4270 2107 4324 cernit
2127 4271 2182 4321 in
2206 4269 2355 4322 ictu?
