3049 4928
484 351 572 417 16
1402 371 1463 417 Ρ.
1519 370 1773 419 nssR'rn

481 511 719 577 melius
751 513 1066 577 collocari
1097 532 1300 596 quam
1345 512 1399 575 si
1432 512 1595 576 illud
1629 513 2076 577 maximorum
2105 513 2445 593 virorum,
2487 514 2687 583 Cato-

478 615 608 693 niS,
668 615 765 678 M.
813 616 1043 693 Tullii,
1103 617 1402 692 Senecae,
1457 614 1874 700 aliorumque
1933 599 2272 699 exemplo,
2326 606 2685 701 sapientiae

482 720 746 799 studiiS,
777 727 978 804 atque
1006 719 1403 784 Aristotelis
1432 720 1756 803 inprimiS,
1790 719 2358 804 Philosophorum
2386 723 2689 799 maximi,
2808 756 2812 760 >

479 822 775 899 lectioni,
825 822 1142 902 versioni,
1191 826 1391 906 atque
1444 822 1889 904 explicationi
1945 823 2282 889 tribueret.
2383 823 2564 888 Nam
2619 826 2689 890 et

477 929 630 1012 ipse
671 948 711 992 a
741 926 959 1009 prima
988 931 1183 991 aetate
1211 925 1347 989 illis
1376 924 1622 988 studiis
1650 923 1869 988 fuerat
1899 925 2303 1004 delectatuS‚
2341 934 2409 990 et
2441 928 2686 992 intelli-

477 1030 698 1112 gebat,
730 1029 894 1095 nibil
939 1049 1092 1094 esse
1123 1047 1503 1112 quomque
1548 1029 1839 1091 humana
1877 1048 2067 1093 mens
2105 1029 2422 1110 gaudeat,
2474 1044 2685 1114 atque
2767 1063 2802 1101 t

475 1133 612 1197 veri
646 1132 974 1214 cognitio:
1020 1139 1088 1196 et
1116 1130 1454 1214 sperabat,
1489 1127 1869 1194 Romanam
1892 1129 2307 1213 juventutem
2329 1152 2456 1196 sua
2475 1153 2684 1216 opera

476 1234 563 1300 ad
594 1234 883 1318 priscam
905 1234 1093 1298 illam
1125 1234 1438 1299 virtutem
1470 1251 1680 1315 posse
1712 1234 2023 1299 excitari.
2115 1232 2439 1299 Habebat
2460 1242 2683 1300 autem

471 1337 937 1402 bibliothecam
971 1336 1369 1420 optimorum
1422 1336 1770 1417 utriusque
1823 1334 2069 1417 linguae
2115 1335 2430 1401 librorum
2477 1339 2685 1421 copia

476 1440 1085 1518 instructissimam,
1116 1438 1310 1521 cujus
1343 1439 1641 1521 parietes
1679 1438 1874 1501 ebore
1916 1457 1997 1503 ac
2036 1439 2214 1502 vitro
2263 1442 2469 1505 comti
2513 1443 2686 1510 nite-->

473 1544 658 1621 bant,
704 1562 921 1627 neque
968 1543 1039 1607 in
1090 1560 1363 1606 carcere
1418 1547 1667 1625 postea
1720 1540 2082 1624 quicquam
2133 1543 2286 1607 tulit
2335 1545 2679 1610 molestius

470 1665 674 1730 quam
703 1646 882 1730 quod
912 1665 997 1710 ea
1041 1664 1264 1709 carere
1296 1643 1647 1708 debuerit:
1694 1643 2027 1728 quocirca
2074 1644 2225 1728 ipse
2260 1666 2408 1711 cum
2452 1647 2683 1713 Philo-

471 1748 714 1833 sophia
745 1747 980 1812 suade
1009 1747 1136 1812 bac
1165 1766 1237 1811 re
1274 1746 1376 1811 ita
1393 1745 1466 1811 in
1485 1745 1750 1810 catenis
1775 1747 2240 1830 conqueritur:
2272 1747 2679 1828 ‘Haeccine‚’

465 1851 706 1934 inquit,
753 1854 773 1883 ‘
796 1855 896 1915 est
923 1849 1342 1915 bibliotheca
1383 1848 1505 1914 illa
1549 1869 1750 1933 quam
1797 1849 2247 1916 certissimam
2279 1851 2406 1916 tibi
2452 1852 2679 1919 sedem

465 1953 711 2019 nostris
769 1955 855 2019 in.
889 1953 1147 2019 laribus
1197 1952 1355 2036 ipsa
1413 1949 1809 2034 delegeras?
1874 1951 1947 2015 in
1998 1971 2135 2035 qua
2179 1973 2446 2019 mecum
2491 1975 2680 2040 saepe

462 2057 756 2122 residens
802 2056 886 2121 de
938 2055 1311 2121 divinarum
1354 2055 1927 2139 humanarumque
1974 2075 2189 2121 rerum
2227 2058 2512 2123 scientia
2541 2058 2676 2124 dis-

475 2161 746 2225 serebas
763 2158 817 2225 'l'

557 2262 772 2327 Hisce
801 2263 1003 2347 igitur
1027 2259 1361 2347 praesidiis
1410 2262 1777 2327 instructus
1826 2260 2161 2352 Boethius
2213 2282 2478 2328 omnem
2512 2263 2674 2331 Phi-
2727 2262 2730 2263 ⁷

463 2366 846 2451 Iosophiam
894 2366 1156 2432 Latinis
1201 2366 1414 2432 literis
1444 2366 1793 2431 'illustrare
1846 2365 2246 2431 instituerat.
2334 2367 2449 2432 Sic
2487 2367 2671 2433 'enim

465 2467 732 2536 scribit:
779 2475 799 2505 ‘
817 2471 962 2551 Ego
991 2490 1186 2535 omne
1215 2468 1603 2535 Aristotelis
1626 2489 1799 2554 opus
1833 2470 2308 2555 quodcumque
2330 2470 2404 2534 in
2432 2477 2671 2534 manus

466 2574 742 2651 venerit,
768 2573 838 2637 in
869 2573 1256 2639 Romanum
1285 2572 1541 2657 stylum
1574 2578 1859 2650 vertens»,
1905 2591 2132 2638 eorum
2153 2572 2443 2637 omnium
2490 2592 2674 2638 com-

463 2682 687 2740 menta
723 2676 969 2741 Latina
1017 2678 1321 2742 oratione
1369 2676 1825 2762 perscribam:
1870 2682 1945 2740 ut
1987 2675 2211 2759 siquid
2260 2696 2349 2740 ex
2389 2674 2667 2758 Logicee

463 2779 626 2843 artis
674 2780 1064 2859 subtilitate,
1112 2781 1217 2845 vel
1265 2800 1356 2845 ex
1408 2779 1691 2843 Moralis
1738 2777 2063 2860 gravitate
2113 2778 2397 2862 peritiae,
2466 2765 2536 2843 et
2579 2798 2669 2842 ex

462 2880 819 2947 Naturalis
852 2884 1160 2952 acumine
1189 2883 1516 2959 veritatiS,
1550 2882 1638 2945 ab
1666 2878 2037 2944 Aristotele
2081 2879 2511 2964 perspicuum
2540 2886 2668 2958 est,

461 2984 532 3048 id
581 3005 778 3051 omne
826 2987 1198 3052 ordinatum
1253 2985 1667 3062 transferam,
1717 2989 1923 3065 atque
1961 2982 2032 3045 id
2088 2981 2380 3065 quodam
2426 2982 2668 3048 lumine

465 3086 1100 3153 Commentariorum
1129 3082 1493 3151 illustrem.'

549 3188 706 3253 Hac
733 3190 850 3254 ille
872 3189 1292 3255 contentione
1324 3186 1532 3251 multa
1560 3185 1632 3250 in
1663 3184 1981 3249 universa
2013 3183 2457 3269 Philosophia
2483 3187 2594 3252 vel
2624 3210 2663 3253 e

457 3290 723 3372 Graeqis
754 3293 973 3368 vertit,
1004 3291 1115 3356 vel
1148 3290 1293 3375 ipse
1323 3289 1563 3354 Latine
1595 3286 1887 3371 scripsit.

1223 3470 1302 3526 IN
1357 3475 1653 3544 Locrcrs
1702 3474 1910 3525 rs‘rA:

453 3593 570 3661 Ad
600 3596 936 3678 Isagogen
976 3595 1326 3679 Porphyrii
1355 3594 1566 3658 libros
1600 3610 1679 3657 11.

456 3695 792 3763 Secundae
821 3699 1127 3764 editionis
1157 3699 1397 3762 librum
1432 3716 1481 3763 1.

455 3800 539 3864 In
569 3800 958 3883 categorias
993 3800 1373 3865 Aristotelis
1401 3800 1520 3864 lib.
1558 3818 1635 3864 11.

455 3903 534 3968 In
567 3904 812 3968 librum
843 3904 964 3992 περὶ
995 3902 1278 3991 ἑρμηνείας
1320 3906 1438 3969 lib.
1474 3920 1527 3970 1.

453 4004 785 4072 Editionis
814 4010 1130 4076 secundae
1158 4009 1372 4074 libros
1406 4024 1505 4071 vr-

456 4110 564 4174 De
600 4110 955 4178 Divisione
983 4115 1223 4179 librum
1253 4130 1299 4175 1.

453 4211 563 4275 De
596 4212 1122 4281 Definitionibus
1150 4217 1391 4292 librum
1425 4230 1473 4274 1.
