3049 4928
521 397 653 466 478

525 560 717 611 midum
740 555 904 607 volvit
927 551 1103 603 inani!
1135 549 1287 601 Idem.

589 638 847 698 Inauesque
860 629 1093 692 rumores]
1147 627 1377 677 Alcimus
1394 624 1581 674 Avitus

522 714 613 764 lib.
637 714 703 762 ad
728 710 1001 760 Fuscinam
1020 718 1279 756 sororem:
1314 706 1329 730 ‘
1347 703 1463 751 Una
1483 700 1581 750 tibi

521 788 676 839 modo
707 785 1007 836 constiterit
1032 795 1178 830 meus
1199 781 1409 829 conscia
1429 778 1584 840 recti,

522 865 751 928 Neglige
785 861 910 927 quid
949 860 1015 909 de
1049 866 1103 908 te
1143 870 1316 906 rumor
1348 855 1583 918 divulget

521 939 723 990 inanis.'
755 940 907 988 Idem.

589 1019 779 1069 Relicta
799 1017 1117 1077 concientioe,
1138 1010 1444 1076 virtutisque]
1478 1011 1576 1062 Ju-

523 1096 692 1145 venal.
732 1095 842 1143 Sat.
878 1107 934 1142 x.
971 1093 1172 1140 ‘Tanto
1214 1088 1383 1152 maj0r
1426 1086 1580 1136 famae

524 1171 637 1220 sitis
677 1177 775 1231 est,
813 1183 963 1234 quam
999 1167 1259 1216 Virtutis:
1297 1164 1410 1229 quis
1441 1164 1581 1213 enim

520 1247 768 1296 virtutem
788 1244 1126 1308 amplectitur
1156 1244 1317 1306 ipsam
1356 1240 1583 1290 Praemia

523 1323 567 1371 si
589 1323 739 1371 tollas
759 1321 796 1371 ?'
851 1320 1008 1370 Ovid.
1033 1334 1096 1368 11.
1119 1319 1186 1367 de
1219 1321 1408 1380 Ponto,
1435 1318 1583 1381 Eleg.

520 1403 570 1448 8.
606 1401 621 1426 ⁶
641 1399 755 1448 Nec
770 1397 926 1447 facile
945 1396 1179 1446 invenies
1201 1396 1377 1445 multis
1397 1396 1449 1444 in
1468 1395 1583 1444 mil-

519 1474 657 1524 libus
688 1489 862 1537 unum,
909 1474 1173 1523 Virtutem
1217 1473 1451 1537 precium
1492 1472 1582 1536 qni

522 1557 677 1613 putet
698 1565 813 1600 esse
835 1549 948 1600 sui.’
1012 1550 1146 1600 Pub.
1171 1550 1366 1614 Syrus:
1401 1551 1417 1578 ‘
1445 1550 1582 1598 Con

521 1626 754 1676 scientim
777 1627 947 1690 potius
981 1641 1132 1692 quam
1164 1626 1319 1676 famae
1342 1625 1583 1676 attende

519 1702 629 1753 ris.’
694 1704 896 1753 Plinius
926 1702 1195 1753 Secundus
1229 1701 1322 1751 lib.
1341 1715 1380 1751 ι.
1406 1702 1581 1765 Epist.

522 1785 571 1829 8.
607 1780 623 1807 ‘
642 1780 972 1828 Meminimus
988 1787 1183 1844 quanto
1198 1780 1396 1843 majore
1409 1780 1580 1828 animo

518 1856 804 1906 honestatis
868 1855 1067 1905 fructus
1135 1856 1188 1904 in
1259 1856 1583 1905 conscientia

518 1947 670 1997 quam
693 1932 745 1980 in
768 1931 906 1982 fama
929 1938 1233 1996 reponatur.
1264 1932 1424 1996 Sequi
1443 1931 1579 1981 enim

520 2011 703 2074 gloria,
719 2024 821 2059 uon
843 2011 1023 2073 appeti
1044 2009 1239 2060 debet.’
1303 2010 1374 2058 Et
1406 2008 1579 2072 Epist.

519 2090 603 2136 22.
639 2086 728 2136 lib.
752 2087 867 2137 eod.
900 2088 916 2115 ‘
936 2086 1249 2151 Magnitudo
1271 2087 1424 2136 animi
1455 2086 1581 2135 nibil

522 2162 586 2211 ad
604 2163 1024 2225 ostentationem,
1040 2162 1212 2211 omnia
1230 2162 1292 2210 ad
1316 2161 1580 2211 conscien-

518 2240 642 2288 tiam
684 2238 881 2289 refert:
918 2246 1164 2303 recteque
1199 2237 1328 2290 facti
1372 2253 1476 2288 uon
1511 2252 1580 2287 ex

519 2310 701 2379 populi
745 2329 978 2366 sermone
1028 2317 1338 2379 mercedem,
1383 2316 1475 2366 sed
1513 2330 1581 2364 ex

517 2391 664 2442 facto
687 2394 857 2456 petit.'
923 2393 1074 2442 Idem
1095 2394 1209 2442 lib.
1228 2408 1313 2443 ιιι.
1349 2393 1577 2457 Epistol.

516 2475 600 2520 20.
621 2472 637 2499 ‘
662 2472 818 2521 Multi
833 2471 1041 2535 famam,
1061 2472 1431 2523 conscientiam
1455 2487 1584 2536 pau·

517 2549 566 2596 ci
611 2548 890 2598 verentur.’
959 2549 1258 2599 Macrobius
1297 2548 1389 2598 lib.
1427 2562 1492 2597 ιι.
1527 2548 1579 2596 in

517 2626 691 2676 Somn.
713 2626 858 2690 Scip.
881 2640 998 2690 cap.
1018 2630 1100 2676 10.
1137 2627 1153 2653 ‘
1173 2626 1397 2675 Virtutis
1437 2624 1579 2674 fruc-

518 2710 630 2754 tum
653 2704 861 2767 sapiens
883 2705 935 2753 in
957 2703 1280 2754 couscientia
1300 2703 1464 2768 pouit,
1484 2703 1579 2750 mi-

518 2794 617 2828 nus
658 2779 928 2843 perfectus
964 2779 1016 2828 in
1049 2778 1248 2843 gloria?
1312 2777 1580 2828 Ennodius

514 2856 820 2920 Ticiuensis,
857 2858 909 2906 in
964 2857 1225 2920 Panegyr.
1261 2855 1580 2906 Tlieodorico

517 2930 685 2981 dicto:
743 2930 901 2981 ‘Rex
957 2947 1101 2982 meus
1148 2933 1305 2981 vitam
1346 2938 1470 2994 agat
1512 2945 1580 2980 ex

515 3006 695 3059 fructu
748 3009 1102 3072 conscientiae,
1178 3022 1276 3057 nec
1344 3007 1582 3072 requirat

516 3098 783 3148 pomposae
813 3084 1069 3134 vocabula
1105 3083 1246 3132 nuda
1265 3080 1580 3147 Jactautiae.’

513 3162 579 3210 B.
602 3162 821 3226 August.
842 3161 933 3211 lib.
954 3175 1060 3210 xu.
1084 3162 1170 3210 De
1185 3161 1298 3211 Civ.
1318 3160 1443 3221 Dei,
1461 3175 1578 3223 cap.

515 3242 567 3288 8.
602 3239 617 3266 ‘
640 3239 755 3289 Nec
778 3239 1039 3302 jactantia
1075 3238 1257 3287 vitium
1295 3245 1377 3287 est
1415 3237 1581 3287 laudis

513 3314 770 3377 humanae,
804 3315 896 3364 sed
920 3316 1105 3364 animae
1129 3328 1371 3378 perverse
1404 3328 1578 3363 amau-

515 3391 583 3440 tis
608 3391 809 3441 laudari
832 3393 897 3442 ab
927 3394 1235 3455 hominibus,
1274 3398 1450 3457 spreto
1475 3397 1579 3441 tes·

516 3467 730 3517 timonio
754 3469 1118 3521 conscientiae.'
1187 3471 1257 3518 D.
1279 3470 1436 3519 etiam
1475 3469 1577 3518 Ba-

513 3543 657 3595 silius
696 3544 748 3592 in
785 3544 938 3594 Orat.
985 3547 1071 3595 De
1109 3546 1319 3596 Poetar.
1363 3548 1575 3597 Orator.

512 3620 829 3669 Historicor.
870 3627 925 3670 et
967 3622 1323 3686 Philosophor.
1362 3624 1576 3687 scriptis

513 3695 767 3760 legendis,
790 3697 893 3747 ait:
932 3698 948 3725 ‘
973 3699 1116 3748 Nihil
1139 3705 1223 3747 est
1255 3698 1391 3762 quod
1426 3713 1577 3763 aeqne

518 3770 700 3836 fugere
727 3774 935 3837 sapiens
959 3774 1169 3837 debeat,
1202 3789 1355 3838 quam
1394 3775 1460 3824 ad
1495 3791 1577 3824 os·

516 3848 857 3899 tentationem
882 3848 1093 3898 vivere.’
1129 3850 1278 3901 Idem.

578 3924 657 3973 De
678 3926 851 3977 alienis
869 3926 1072 3990 praemia
1092 3928 1397 3978 sermunculis
1413 3934 1577 3991 ponu-

512 4000 647 4063 latis]
682 4002 953 4067 Plinius,‘
973 4011 1030 4054 ut
1051 4007 1395 4057 sermunculis
1416 4007 1576 4055 etiam

515 4085 571 4126 et
593 4075 785 4128 fabulis
809 4081 1100 4132 ducantur)
1136 4085 1366 4133 Bernait.

580 4154 879 4217 Intelligisne
934 4173 1007 4207 me
1060 4174 1155 4208 esse
1210 4158 1576 4222 Philosophum]

514 4232 642 4283 Mss.
684 4241 740 4283 et
778 4235 905 4286 edit.
943 4237 1177 4287 Florent.
1213 4235 1454 4299 Intelligis
1502 4251 1576 4286 me

515 4323 612 4358 esse
629 4309 993 4377 philosophum?
1024 4329 1083 4363 ne
1104 4314 1313 4365 omisso·
1378 4313 1573 4377 Insipi·

1225 404 1440 454 NOTAE
1488 402 1827 454 vAmoRu
1839 403 1890 452 Μ
1940 402 2021 453 ΙΝ

1659 552 1832 596 eutem
1848 560 1970 596 vero
1983 547 2201 610 sophum
2221 548 2233 596 l
2260 548 2345 613 qui
2366 549 2591 614 propriae
2608 550 2709 601 lana

1657 623 1736 672 dis
1758 624 2034 672 studiosior
2058 624 2363 687 patientiam
2381 641 2528 675 suam
2549 629 2710 678 verbis

1658 702 1894 765 gloriosis
1925 701 2216 752 adornavit.
2284 703 2412 752 Nae!
2452 705 2592 768 quod
2629 706 2713 754 ad·

1657 778 1932 829 miratione
1966 778 2176 840 dignum
2216 779 2481 830 referente
2523 782 2622 830 alio
2640 780 2713 830 fu-

1658 856 1805 916 isset,
1840 855 1975 919 ipso,
2010 856 2102 919 qui
2143 856 2359 919 injurias
2396 858 2712 920 pertulerat,

1657 939 1984 994 recensente,
2003 933 2232 982 evanuit.
2269 932 2446 982 Sitzm.
2512 977 2518 985 .

1722 1009 2072 1072 Intellexerum,
2088 1008 2261 1070 inqiut,
2276 1009 2320 1056 si
2345 1008 2601 1071 tacuisses]
2619 1010 2720 1057 Ex·

1657 1085 1778 1134 imie
1820 1085 2039 1134 eximius
2090 1085 2179 1133 ille
2213 1084 2532 1148 sapientum.
2603 1081 2726 1135 Pro·

1660 1161 1802 1211 verb.
1845 1176 1959 1224 cap.
1988 1166 2068 1211 17.
2100 1162 2235 1212 ‘Qui
2273 1161 2581 1211 moderatur
2620 1177 2724 1211 ser-

1656 1252 1834 1288 mones
1856 1252 1996 1301 suoS,
2014 1238 2198 1288 doctus
2218 1245 2274 1287 et
2295 1239 2530 1302 prudens
2553 1247 2655 1300 est,
2672 1246 2724 1288 et

1658 1315 1875 1377 pretiosi
1907 1315 2121 1379 spiritus
2156 1316 2236 1364 vir
2258 1316 2517 1366 eruditus.
2587 1318 2722 1367 Stul-

1659 1399 1743 1441 tus
1763 1407 1968 1457 quoque
1988 1395 2030 1442 si
2053 1395 2301 1455 tacuerit,
2336 1393 2549 1457 sapiens
2573 1409 2723 1458 repu-

1658 1468 1889 1531 tabitur3
1923 1477 1979 1519 et
2002 1470 2044 1519 si
2067 1471 2441 1534 compresserit
2464 1470 2605 1521 labia
2620 1487 2728 1535 sua,

1658 1545 1990 1610 intelligens.’
2019 1547 2249 1596 Ber-nuri.

1725 1625 1856 1680 Quid
1885 1629 2042 1673 autem
2070 1628 2162 1686 est,
2205 1626 2328 1687 quod
2364 1626 2427 1673 ad
2458 1626 2724 1689 precipuos

1657 1700 1805 1788 ciros]
1836 1700 2003 1765 Atqui
2044 1701 2145 1749 alia
2173 1715 2319 1749 mens
2353 1699 2460 1749 fuit
2498 1701 2726 1764 Platoni,

1656 1777 1743 1842 qui
1764 1777 1982 1841 optabat
2003 1778 2300 1826 memoriam
2319 1778 2398 1826 sui
2418 1779 2547 1827 vel
2533 1794 2586 1828 iu
2605 1780 2727 1828 ami-

1658 1855 1754 1918 cis,
1792 1855 1877 1903 vel
1922 1855 1972 1903 in
2018 1855 2209 1904 litteris
2249 1855 2428 1919 vigere
2470 1858 2726 1922 supersti-

1659 1940 1782 1994 tem,
1809 1938 1944 1982 teste
1970 1931 2180 1988 Laenio
2210 1932 2298 1982 lib.
2322 1946 2411 1984 111.
2461 1933 2726 1983 Pindarus

1658 2008 1871 2072 Olymp.
1892 2008 1994 2058 Od.
2017 2013 2067 2058 7.
2103 2009 2163 2057 ‘O
2194 2007 2235 2057 δ’
2259 2007 2442 2072 limos,
2473 2009 2531 2058 ὃν
2567 2014 2719 2072 *aaut

1656 2085 1905 2148 κατέχοντ’
1920 2085 2107 2148 ἀγαθαί.
2145 2087 2296 2136 Silius
2317 2088 2443 2137 Ital.
2465 2088 2561 2137 lib.
2592 2102 2727 2138 xm.

1656 2163 1672 2190 ‘
1691 2162 1817 2226 Ipsa
1839 2162 2043 2227 quidem
2069 2163 2246 2211 Virtus
2272 2163 2485 2213 sibimet
2515 2165 2720 2227 pulcer·

1657 2241 1787 2291 rima
1816 2255 2031 2305 merces,
2062 2242 2231 2291 Dulce
2260 2247 2437 2290 tamen
2474 2244 2619 2293 veuit
2656 2243 2722 2296 ad

1656 2332 1833 2367 manes
1863 2332 1981 2367 cum
2016 2317 2177 2381 gloria
2217 2318 2338 2367 vitae
2376 2318 2550 2368 Durat
2579 2320 2720 2383 apud

1654 2397 1902 2461 Superos,
1924 2411 2021 2445 nec
2060 2395 2225 2444 edunt
2252 2395 2446 2444 oblivia
2467 2396 2718 2446 laudem!

1657 2473 1795 2538 Aug.
1818 2474 2108 2523 Politiauus
2130 2472 2183 2520 in
2203 2472 2378 2535 Sylva,
2413 2473 2501 2522 cui
2538 2474 2721 2524 titulus

1657 2548 1883 2599 Ambra:
1919 2549 2195 2612 ‘Namque
2245 2548 2371 2597 licet
2411 2550 2596 2599 Virtus
2643 2565 2722 2598 se·

1656 2632 1766 2676 met
1809 2632 2057 2675 contenta
2096 2625 2349 2690 quiescat,
2390 2628 2510 2677 Sola
2544 2634 2722 2678 tamen

1647 2704 1819 2766 justos
1836 2703 2016 2752 Virtus
2039 2702 2279 2751 assciscit
2308 2703 2553 2767 honores,
2576 2704 2725 2754 Sola-

1657 2795 1757 2844 que
1782 2795 1837 2829 se
1862 2780 2046 2828 merito
2086 2778 2295 2829 laudum
2333 2779 2537 2843 fulgore
2578 2796 2723 2831 coro·

1656 2857 1782 2906 nat.'
1847 2857 2194 2921 Philosophos
2227 2871 2351 2906 vero
2394 2859 2483 2922 qni
2522 2868 2719 2922 negant

1655 2935 2007 2997 appetendam
2054 2934 2265 2996 gloriam
2317 2948 2454 2996 esse,
2499 2947 2720 3000 eamque

1657 3012 1850 3059 rectius
1875 3025 1906 3058 a
1944 3010 2176 3073 Virtute,
2214 3010 2358 3059 velut
2389 3011 2601 3060 minime
2634 3025 2725 3060 ne·

1657 3086 1939 3136 cessariam
1973 3086 2167 3150 negligi
2208 3092 2499 3147 autumant,
2530 3086 2725 3150 ingeni·

1658 3177 1748 3211 ose
1794 3160 1985 3211 refellit
2023 3160 2112 3209 ille
2160 3162 2275 3224 ipse
2331 3161 2631 3211 Politiauus
2671 3166 2725 3212 iu

1659 3232 1981 3286 Praefatioue
2005 3237 2069 3284 ad
2091 3236 2413 3286 Suetonium.
2448 3238 2724 3302 Marquar-

1656 3314 1752 3362 ‹lus
1791 3314 1918 3362 item
1955 3313 2237 3374 Freherus,
2277 3313 2516 3376 egregius
2557 3316 2727 3363 nostri

1654 3389 2200 3450 mvi-Iurisconsultus,
2234 3389 2322 3439 lib.
2349 3402 2414 3438 n.
2452 3390 2519 3438 de
2544 3390 2723 3452 Fama,

1656 3481 1773 3529 cap.
1793 3470 1842 3516 9.
1868 3480 1920 3515 n.
1946 3469 1995 3515 3.
2063 3466 2149 3514 De
2175 3465 2370 3528 duplici
2411 3465 2599 3528 gloria,
2637 3468 2723 3516 cui

1653 3543 1934 3606 integrum,
1999 3542 2143 3604 legat
2196 3541 2498 3590 Manuelem
2556 3535 2723 3591 Palae·

1656 3621 1883 3684 ologum,
1928 3619 1980 3668 in
2018 3618 2196 3668 Iustit.
2236 3617 2421 3681 Regia,
2465 3617 2622 3668 Orat.
2667 3623 2716 3667 2.

1655 3696 1828 3746 Sitzm.

1723 3773 2015 3836 Quicunque,
2035 3770 2148 3834 ξω]
2184 3770 2304 3820 Hoc
2329 3770 2571 3820 Carmine
2607 3786 2720 3835 gra·

1653 3851 1792 3900 viter
1813 3850 2074 3900 invehitur
2106 3849 2156 3897 in
2191 3862 2298 3909 eos,
2330 3849 2438 3912 qui,
2479 3851 2722 3912 quoniam

1654 3928 1765 3977 vita
1799 3928 1933 3991 ipsa,
1970 3941 2072 3990 qua
2103 3923 2368 3986 fruuntur,
2406 3925 2579 3974 brevis
2620 3934 2721 3987 est,

1653 4005 1951 4054 memoriam
1977 4004 2056 4052 sui
2078 4016 2231 4066 quam
2269 4001 2492 4049 maxime
2515 4001 2718 4064 longam

1653 4081 1862 4133 efficere
1883 4087 2155 4130 conantur.
2191 4079 2345 4128 Idem.

1718 4160 1854 4208 Licet
1875 4162 2078 4207 remotos
2088 4155 2228 4216 fama
2246 4169 2335 4218 per
2351 4152 2490 4217 pop]
2530 4153 2716 4202 Seuec.

1653 4237 1705 4284 in
1734 4235 1896 4285 Herc.
1924 4236 2041 4285 Fur.
2082 4247 2159 4281 vs.
2182 4235 2265 4281 91.
2299 4229 2507 4282 ‘Alium
2541 4230 2716 4277 multis

1652 4312 1818 4378 gloria
1852 4311 2008 4362 terris
2029 4308 2242 4371 Tradat,
2273 4314 2329 4356 et
2367 4320 2543 4356 omnes
2577 4304 2717 4353 fama
