3049 4928
552 385 683 454 448

557 545 764 612 quidem
794 550 947 594 antea
978 543 1125 593 nobis
1162 542 1431 593 absentem
1456 556 1611 592 venc-

557 622 773 671 rabilem
796 619 1050 670 faciebat:
1095 635 1230 670 nunc
1266 629 1441 669 autem
1481 632 1614 681 prae·

557 707 759 749 sentem
806 698 994 747 veritas
1038 711 1373 761 supergressa
1430 695 1612 745 laudes

555 774 940 840 praedicationis
977 773 1224 824 ostendit.
1276 772 1613 822 Mediocrita-

555 852 623 902 tis
668 852 802 899 enim
864 850 1150 910 altissimas,
1194 863 1296 913 qua
1351 848 1610 912 superbioe

553 930 723 994 calcas
757 936 1003 988 tumores,
1034 933 1093 974 et
1126 924 1334 989 pietatis
1372 924 1613 986 ponderi-

553 1006 649 1058 bus
684 1003 998 1068 gravissimis
1035 1017 1246 1066 superas
1275 1001 1481 1062 omnia‚'
1511 1005 1614 1051 &c-

553 1083 823 1132 Ennodius
849 1096 992 1144 vero,
1010 1081 1134 1131 dum
1160 1080 1317 1131 Urbis
1342 1080 1484 1129 cives
1508 1080 1611 1128 ela-

552 1159 800 1220 rissimos,
840 1148 969 1224 quos
1024 1158 1305 1208 imitandos
1343 1157 1611 1221 proponit,

552 1242 820 1288 recenset:
858 1236 1080 1285 ‘Festus
1141 1243 1196 1284 et
1238 1233 1612 1297 Symmachus,’

550 1313 732 1376 inquit,
754 1313 769 1339 ‘
791 1313 1014 1361 omnium
1039 1312 1427 1374 disciplinarum
1444 1318 1611 1359 mate·

551 1389 630 1437 ria
667 1395 728 1438 et
760 1395 1057 1454 constantes
1107 1387 1269 1437 forma
1322 1386 1611 1449 sapientie,

551 1465 617 1514 de
643 1464 783 1515 Urbe
816 1465 1159 1514 sacratissima
1193 1478 1296 1513 non
1332 1463 1607 1513 recedunt.

549 1541 612 1590 In
647 1542 772 1604 ipsis
811 1550 893 1591 est
926 1540 1112 1591 nobilis
1148 1541 1305 1591 cnriae
1344 1540 1610 1604 principa·

550 1626 670 1667 tus:
705 1633 830 1683 qnos
855 1618 1062 1680 vidisse,
1092 1616 1283 1666 erudiri
1320 1622 1413 1668 est.
1483 1616 1607 1666 Non

550 1695 686 1758 apud
711 1710 798 1745 eos
822 1711 989 1745 sermo
1012 1698 1077 1745 de
1100 1697 1332 1759 ludicris,
1354 1712 1454 1748 nec
1481 1711 1609 1761 pan-

547 1772 874 1822 tomimorum
919 1774 1004 1821 vix
1059 1774 1416 1837 cognoscenda
1438 1777 1443 1782 ’
1467 1790 1610 1824 com-

545 1849 869 1897 memoratio.
910 1841 1034 1898 'Isti
1073 1865 1250 1899 auram
1296 1851 1603 1915 popularem

546 1937 642 1986 per
662 1923 869 1985 pudoris
890 1925 1208 1976 detrimenta
1240 1942 1344 1978 non
1364 1929 1607 1992 cupiunt,

547 2000 778 2050 contenti
801 2002 960 2050 rectis
994 2003 1154 2064 magis
1197 2005 1428 2069 placere,
1449 2021 1605 2071 quam

548 2075 801 2137 plurimis.
875 2077 1174 2128 Sortiuntur
1220 2080 1287 2129 de
1333 2081 1605 2132 innocenti

545 2151 753 2200 actione
780 2154 1162 2204 testimonium!
1198 2157 1424 2208 Bernart-

606 2227 917 2290 Symmachus
955 2231 1166 2295 sanctus]
1222 2233 1360 2283 Vide
1412 2234 1606 2297 Elegia

541 2304 986 2370 Symmachorum‚
1012 2324 1125 2372 quae
1149 2311 1237 2360 Fr.
1256 2311 1475 2363 Juretus
1499 2311 1605 2360 suis

543 2380 772 2444 praefixit
794 2382 1014 2434 Miscell.
1064 2386 1198 2435 Item
1223 2387 1610 2450 eanimurum,

540 2456 632 2507 lib.
656 2473 733 2508 xv.
757 2460 882 2511 Var.
905 2462 1073 2525 Epist.
1091 2469 1139 2512 6.
1155 2468 1237 2513 22.
1258 2473 1314 2514 et
1327 2470 1409 2516 51.
1430 2464 1603 2515 Silzm.

608 2536 678 2584 Et
693 2552 826 2599 oeque
857 2544 967 2587 actu
999 2539 1102 2603 ipso
1130 2543 1436 2606 reverendus]
1464 2541 1605 2590 Mire

541 2611 658 2661 heic
675 2616 878 2663 variant
896 2617 1229 2679 exemplaria.
1272 2618 1326 2667 Si
1348 2619 1504 2668 liceat
1531 2618 1607 2667 ita

541 2686 770 2752 legerem
787 2702 843 2739 et
866 2691 1268 2757 distinguerem:
1299 2696 1524 2758 Etoeque,
1548 2711 1606 2744 ac

539 2770 593 2814 tu
612 2767 731 2830 ipsa,
742 2771 1035 2820 reverendus.
1061 2770 1206 2820 Infra
1218 2771 1308 2821 lib.
1318 2777 1368 2822 2.
1388 2773 1539 2822 Pros.
1553 2777 1606 2822 4.

542 2843 558 2870 ‘
572 2843 725 2906 Viget
746 2847 1014 2896 incolumis
1030 2848 1157 2897 illud
1179 2849 1605 2912 pretiosissimum

539 2919 748 2982 generis
776 2924 998 2972 ‚hnmani
1043 2924 1223 2987 decus,
1260 2926 1604 2991 Symmachus

540 3010 709 3061 socer,
731 3005 786 3048 et
808 3000 945 3064 quod
973 2998 1286 3064 vitaepret'io
1308 3017 1407 3051 nou
1430 3004 1603 3067 segnis

540 3085 762 3137 emeres,
796 3076 877 3124 vir
917 3082 1061 3125 totus
1102 3073 1170 3125 ex
1205 3077 1483 3142 sapientia,
1504 3080 1607 3128 vir-

537 3151 844 3217 tutibusque
886 3151 1078 3217 factus,
1115 3169 1323 3205 suarum
1368 3171 1605 3219 securus,

540 3227 642 3276 tuis
659 3229 957 3292 ingemiseit
979 3232 1048 3296 inj
1058 3233 1217 3285 uriis!
1251 3235 1405 3285 Idem.

603 3305 808 3370 Quofit,
824 3312 877 3356 ut
890 3308 1188 3359 existimatio
1201 3310 1320 3359 bona
1330 3312 1487 3374 prima
1506 3326 1601 3359 om·

466 3430 469 3435 ,
537 3378 670 3426 nium
700 3381 885 3430 deserat
926 3383 1161 3448 infelices]
1197 3384 1396 3435 Arnob.
1443 3387 1477 3435 Ι.
1526 3399 1602 3435 ιν.

539 3451 677 3504 Adv.
735 3456 966 3508 Gentes:
1045 3462 1061 3488 ‘
1083 3462 1216 3509 Illud
1264 3462 1601 3511 acerbissime

537 3530 799 3592 vuluerat,
837 3532 972 3596 quod
1031 3534 1191 3583 inurit
1242 3536 1498 3597 innoxios,
1546 3546 1602 3587 et
1648 3573 1651 3577 .

534 3604 675 3668 quod
701 3604 860 3655 decus
899 3608 1119 3658 nominis
1144 3618 1315 3674 atque
1338 3611 1602 3662 existima-

537 3682 730 3731 tionem
754 3680 1009 3733 infamat.’
1040 3683 1213 3734 Sitzm.

601 3759 808 3823 Aliquod
847 3761 1026 3810 crimen
1063 3762 1305 3827 affigitur]
1339 3763 1441 3814 Ms.
1489 3765 1604 3814 Rit-

534 3836 696 3892 tersh.
717 3837 975 3902 qffligitun
999 3840 1150 3890 male.
1183 3840 1383 3901 Malim,
1407 3841 1452 3889 si
1475 3841 1599 3905 qnid

530 3913 834 3963 mutandum
858 3914 945 3973 sit,
967 3917 1140 3980 legere
1161 3921 1426 3985 affingitur.
1492 3920 1600 3970 Au-

533 3990 691 4040 relius
716 3992 918 4055 Victor‚
965 3993 1029 4042 de
1067 3996 1352 4047 Messalina
1391 3997 1599 4048 Claudii

531 4066 785 4133 conjuge:
825 4070 841 4098 ‘
863 4071 1157 4122 Nobiliores
1193 4088 1426 4138 quasque
1466 4088 1599 4137 nup·

536 4152 634 4205 tas,
654 4153 710 4195 et
744 4145 994 4211 virgines,
1019 4156 1304 4199 scortorum
1339 4150 1496 4200 modo
1519 4165 1600 4200 se·

531 4234 650 4268 enm
682 4225 1056 4285 prostituerat:
1106 4226 1376 4290 coactique
1424 4242 1595 4276 mares

533 4296 609 4346 uti
633 4297 892 4352 adessent.
958 4300 1110 4353 Quod
1135 4303 1178 4351 si
1194 4303 1310 4365 quis
1333 4304 1461 4353 talia
1477 4305 1597 4354 hor-

1212 399 1468 448 ·NorrAE
1516 367 1921 448 vAmonun
1975 399 2052 447 m

1692 550 1904 603 ruerat3
1963 542 2139 593 afficto
2198 542 2433 605 mimine,
2478 541 2529 592 in
2568 541 2730 606 ipsum

1692 634 1996 684 omnemque
2035 617 2279 668 familiam
2316 618 2651 669 saeviebatur!
2685 617 2730 664 I·

1746 772 1936 820 Mera.
1953 779 2005 823 5.
2033 773 2078 819 Ο
2094 771 2343 835 stelliferi]
2368 773 2497 821 Cum
2517 778 2627 820 toto
2641 771 2732 818 lioc

1692 851 1935 901 Carmine
1973 848 2155 899 confer
2211 850 2424 914 Apuleii
2459 849 2641 898 librum
2674 848 2735 897 de

1689 927 1913 989 Mundo,
1931 930 2031 977 ὅτε.

1757 1006 1804 1053 0
1829 1004 2054 1065 stelliferi
2077 1005 2294 1053 conditor
2311 1003 2463 1067 orbis]
2483 1002 2666 1052 Senec.
2690 1001 2736 1049 in

1690 1081 1910 1144 Hippol-
1952 1096 2027 1128 vs.
2068 1084 2184 1129 95⁷.
2211 1087 2267 1128 et
2280 1095 2397 1144 seq.
2462 1080 2478 1107 ‘
2500 1076 2740 1143 Signiferi

1690 1165 1866 1206 rector
1889 1157 2120 1220 Olympi,
2142 1157 2243 1208 Qui
2268 1170 2449 1219 sparsa
2482 1155 2592 1205 cito
2616 1154 2740 1204 side·

1690 1249 1746 1282 ra
1768 1232 1959 1282 mundo
1983 1233 2279 1297 cursusque
2317 1247 2473 1295 vagos
2508 1233 2648 1296 rapis
2670 1246 2741 1279 as-

1688 1317 1906 1371 trorum,
1932 1309 2206 1374 Celerique
2225 1310 2373 1373 polos
2397 1310 2613 1360 cardine
2637 1322 2740 1356 ver-

1687 1386 1805 1436 sas?
1825 1386 2001 1436 Sam.

1749 1465 2013 1529 Legemque
2050 1466 2154 1529 poti
2185 1467 2345 1515 sidera
2369 1465 2528 1529 cogis]
2563 1464 2742 1514 Manil.

1683 1542 1775 1592 lib.
1799 1557 1840 1593 1.
1876 1542 2092 1593 Astron.
2178 1544 2194 1571 ‘
2216 1543 2334 1593 Nec
2380 1543 2660 1608 quicquam
2693 1542 2742 1588 in

1683 1625 1831 1669 tauta
1853 1620 2016 1683 magis
2034 1626 2115 1668 est
2134 1619 2375 1668 mirabile
2398 1619 2557 1681 mole,
2580 1618 2742 1668 Quam

1684 1697 1842 1758 ratio,
1862 1703 1919 1745 et
1954 1697 2119 1745 certis
2155 1696 2296 1760 quod
2342 1695 2547 1759 legibus
2583 1694 2746 1743 omnia

1683 1770 1912 1836 parent!
1947 1772 2100 1821 Idem.

1755 1850 1824 1899 Ut
1857 1865 1982 1899 nunc
2012 1847 2170 1913 pleno]
2206 1849 2393 1897 Senec.
2413 1848 2467 1896 in
2497 1846 2643 1896 Med.
2678 1863 2747 1895 vs.

1682 1929 1796 1976 788.
1827 1933 1883 1979 et
1919 1941 2032 1991 seq.
2077 1925 2277 1975 ‘Video
2313 1923 2512 1973 Trivioe
2567 1938 2748 1973 currus

1683 2003 1868 2065 agiles,
1893 2004 2012 2052 Non
2054 2017 2181 2067 quos
2212 2003 2369 2065 pleno
2402 1999 2581 2049 lucida
2601 2001 2748 2049 -vultu

1682 2081 1893 2129 Pernox
1941 2077 2144 2143 agitat!
2222 2078 2287 2127 In
2326 2076 2642 2140 Hippolyto,
2674 2090 2749 2124 vs.

1679 2161 1799 2209 416.
1839 2159 1959 2209 ‘Sic
1981 2167 2038 2206 te
2061 2156 2221 2206 lucidi
2255 2156 2425 2205 vultus
2456 2153 2659 2217 ferant,
2682 2155 2750 2202 Et

1682 2236 1821 2285 nnbe
1870 2242 2028 2299 rupta
2059 2232 2307 2284 *cornibus
2344 2232 2491 2296 puris
2523 2230 2651 2282 iens?
2699 2231 2749 2279 1-

1754 2389 1885 2439 Totis
1909 2389 2096 2448 fratris
2136 2393 2183 2436 et
2215 2387 2358 2436 obvia
2380 2384 2625 2451 flammis]
2655 2384 2747 2434 Se-

1681 2481 1799 2516 nec.
1820 2467 1871 2515 iu
1890 2467 2105 2529 Thyest.
2133 2480 2207 2515 vs.
2231 2468 2347 2513 836.
2414 2463 2572 2514 ‘Non
2601 2462 2749 2512 1³11oe-

1683 2543 1795 2592 beis
1827 2544 1980 2592 obvia
2015 2541 2232 2592 flammis
2255 2543 2455 2591 Demet
2479 2541 2626 2591 nocti
2647 2541 2746 2590 Lu·

1682 2636 1752 2670 na
1815 2622 2045 2679 timores,
2088 2621 2387 2684 vincetque
2441 2619 2523 2667 sni
2567 2619 2745 2669 fratris

1682 2697 1927 2756 habenas,
1967 2698 2143 2745 Curvo
2195 2694 2365 2745 brevis
2417 2695 2592 2744 limite
2636 2709 2745 2744 cur·

1680 2768 1839 2825 rens.’
1874 2773 2025 2823 Idem.
2588 2829 2592 2832 .

1749 2851 1934 2899 Condat
1953 2851 2115 2899 stellas
2151 2848 2287 2898 Luna
2309 2847 2539 2910 minores]
2579 2846 2744 2896 Mani-

1679 2925 1817 2976 festa
1835 2926 2060 2975 imitatio
2084 2923 2328 2974 Horatii:
2367 2924 2384 2951 ‘
2405 2923 2580 2973 Micat
2614 2923 2744 2971 inter

1679 3019 1860 3054 omnes
1879 3005 2077 3056 dulium
2093 3003 2253 3060 sidus,
2276 3003 2419 3051 velut
2444 3002 2587 3049 inter
2608 3000 2743 3067 ignes

1681 3083 1831 3131 Luna
1876 3079 2158 3130 minores.'
2224 3079 2315 3128 Sic
2359 3083 2414 3126 et
2459 3077 2652 3126 Senec.
2693 3075 2742 3123 in

1682 3156 1849 3219 Hipp.
1895 3172 1973 3206 vs.
2014 3161 2130 3207 740.
2227 3155 2394 3204 ‘Cum
2436 3168 2560 3202 suos
2607 3154 2741 3216 ignes

1678 3232 1903 3282 coe'unte
1925 3246 2088 3281 cornu
2123 3230 2330 3291 Junxit,
2361 3237 2598 3278 evcurru
2636 3243 2742 3291 pro-

1678 3313 1901 3370 perante
1946 3321 2146 3369 pernox
2178 3307 2363 3355 Exerit
2398 3306 2576 3354 vultus
2620 3305 2743 3353 rubi·
2835 3345 2843 3353 .

1679 3384 1852 3433 cunda
1879 3383 2094 3445 Phoebe,
2129 3383 2246 3432 Nec
2272 3388 2455 3431 tenent
2479 3383 2651 3430 stellae
2677 3381 2741 3428 fa-

1675 3459 1816 3508 eiem
1839 3457 2098 3509 minores!
2133 3458 2288 3519 Idem.

1748 3537 1814 3584 El
1856 3534 1939 3599 qui
1978 3535 2148 3598 primoe
2184 3532 2414 3596 tempore]
2456 3533 2648 3582 Senec.
2692 3533 2740 3580 in

1679 3611 1847 3675 Hipp.
1882 3627 1958 3660 vs.
1988 3616 2104 3661 746.
2166 3613 2182 3639 ‘
2208 3610 2389 3663 Qualis
2427 3616 2515 3659 est
2551 3611 2740 3673 primas

1674 3685 1912 3737 referens
1967 3686 2216 3736 tenebras
2268 3686 2498 3735 Nuntios
2553 3687 2742 3747 noctis,

1675 3761 1829 3812 modo
1883 3763 2020 3812 lotus
2056 3763 2204 3811 undis
2240 3761 2534 3827 Hesperus,
2581 3762 2740 3826 pulsis

1673 3839 1866 3888 iterum
1894 3838 2123 3888 tenebris
2159 3836 2368 3888 Lucifer
2401 3837 2584 3887 idem!
2632 3839 2742 3887 Ma-

1676 3914 1829 3964 nilius
1855 3915 1943 3965 lib.
1980 3930 2022 3964 1.
2055 3915 2271 3965 Astron.
2338 3915 2353 3943 ‘
2382 3915 2502 3964 Nec
2534 3915 2740 3965 matuti-

1677 3992 1754 4039 nis
1777 3989 2006 4054 fulgeret
2044 3990 2254 4041 Lucifer
2289 3991 2447 4055 horis,
2468 3991 2739 4054 Hesperus

1676 4069 1923 4129 immerso,
1951 4068 2170 4118 dederat
2216 4069 2300 4133 qui
2345 4070 2522 4118 lumen
2561 4069 2736 4131 Olym-

1680 4144 1781 4207 po!
1825 4145 2013 4195 Senec.
2038 4146 2089 4194 in
2115 4146 2261 4196 Ludo
2287 4147 2356 4196 de
2388 4147 2566 4197 Morte
2585 4145 2734 4195 Clau-

1676 4223 1783 4272 dii:
1858 4224 2079 4277 ‘Qualis
2135 4223 2421 4273 discutiens
2477 4221 2730 4286 ¹fugientiu

1673 4299 1886 4352 Lucifer
1929 4308 2089 4365 astro,
2125 4300 2238 4351 Aut
2271 4301 2434 4366 qualis
2467 4300 2634 4364 surgit
2655 4311 2725 4346 re-
2780 4301 2794 4310 ·
