3049 4928
2470 415 2561 486 85

350 583 659 642 versatus
678 574 704 610 ⁸
751 577 1038 658 fueram,
1071 576 1602 662 Philosophiam.
1689 577 1779 661 Et
1805 579 1990 664 quid,
2019 580 2342 665 inquam,¹
2380 587 2454 645 tu
2481 571 2565 645 iu'

351 680 472 743 has
504 680 706 745 exilii
730 682 941 746 nostri
972 680 1412 759 solitudines,v
1439 700 1482 745 o
1512 682 1811 746 omnium
1831 683 2149 766 magistra
2170 684 2554 760 virtutum,'

354 801 599 868 supero
632 784 909 849 cardine
925 794 966 822 ¹¹·
985 783 1014 825 ⁶
1060 784 1347 869 delapsa
1363 794 1390 821 ¹
1415 784 1710 851 venisti?
1760 805 1844 851 an
1888 793 1964 852 ut
1990 792 2065 853 tu
2107 805 2381 871 quoque
2410 805 2549 851 me-

1043 434 1364 484 Pnthoso
1377 433 1573 483 1²11!AE
1627 434 1696 482 m
1713 435 1772 483 B.
1822 434 1868 482 1.

413 951 428 986 ⁸
464 954 574 1017 Ego
588 954 843 1006 Bo'e‘thius.
972 963 1011 989 ¹¹·
1031 954 1079 1007 A
1097 956 1227 1009 coelo.

1274 1070 1632 1094 OOOOOOOONOO

414 1156 444 1201 5
477 1153 493 1180 ‘
512 1153 689 1204 Probe
723 1154 939 1219 scriptiz
972 1154 1153 1205 loribus
1188 1153 1486 1206 obversatus:
1517 1131 1761 1204 Bernart.
1786 1152 1861 1203 sic
1885 1153 2042 1203 etiam
2066 1151 2313 1203 exhibent
2350 1151 2550 1216 Deiph‘.

353 1221 406 1267 et
417 1217 590 1269 Hack.
653 1220 803 1270 Solus
838 1219 1183 1287 Florentinus,
1202 1221 1369 1287 inquit
1390 1220 1583 1271 Vallin.
1604 1219 1737 1284 legit
1764 1222 2093 1269 versatu—6
2123 1218 2353 1270 ‘Vetusz
2387 1232 2549 1283 super·

1350 1353 1562 1405 NOTAE

409 1472 434 1498 '¹
455 1465 517 1515 In
538 1465 673 1528 ciffus
688 1502 701 1518 .
721 1504 735 1520 .
752 1503 768 1518 .
789 1469 987 1535 lar-ibus]
1034 1470 1100 1520 Id
1123 1477 1222 1533 est,
1261 1472 1409 1522 scho-

345 1542 443 1591 lis:
479 1543 560 1593 lar
596 1544 732 1593 enim
763 1544 911 1596 focus
946 1553 1063 1597 est:
1096 1547 1216 1597 hinc
1250 1548 1408 1610 Lares

346 1618 530 1668 Poetis
552 1629 673 1671 sunt
696 1621 788 1671 Dii
813 1623 969 1687 patrii
989 1624 1099 1674 sive
1117 1623 1407 1686 domestici,

343 1701 417 1758 et,
449 1696 497 1746 si
520 1697 792 1748 credamus
815 1699 1062 1765 Apuleio,
1094 1707 1295 1750 mentes
1317 1716 1407 1764 pa·

342 1780 574 1836 rentum,
607 1775 696 1839 qui
733 1776 872 1839 quod
907 1777 1031 1826 olim
1061 1776 1201 1826 domi
1232 1777 1407 1828 buma-

342 1855 544 1911 rentur,
575 1864 716 1900 suam
750 1851 1070 1915 putabantur
1091 1867 1297 1917 semper
1318 1849 1406 1904 cu-

339 1939 461 1975 rare
500 1924 781 1977 familiam:
828 1927 969 1979 unde
1005 1929 1219 1993 Tullius,
1249 1929 1409 1992 ‘Dii,'

340 2002 534 2067 inquit,
568 2004 731 2068 ‘quos
768 2004 948 2069 Graeci
982 2004 1194 2068 δαίμονες
1227 2008 1406 2073 appel-

338 2078 472 2141 lant,
501 2080 692 2145 nostri,
728 2082 931 2146 opinor,
967 2084 1163 2135 Lares.'
1221 2084 1405 2150 ‘Atqui

340 2156 533 2205 scholae
583 2157 971 2222 philosophicae,
1028 2155 1134 2211 non
1193 2161 1285 2212 abs
1348 2177 1405 2212 re

340 2231 590 2283 dicuntur
606 2235 837 2298 ejusdem
863 2235 1210 2302 Philosophiae
1227 2238 1405 2290 focus:

339 2310 760 2375 quandoquidem
804 2312 876 2363 ibi
925 2314 1097 2364 lumen
1147 2316 1404 2379 naturale,

338 2386 473 2451 quod
496 2394 681 2451 potest
701 2388 807 2438 dici
829 2390 1065 2454 quaedam
1092 2391 1300 2440 mentis·
1315 2391 1404 2441 hu·

339 2476 508 2515 manae
543 2464 672 2528 vita,
708 2466 773 2515 ab
807 2466 936 2531 ipsis
972 2468 1404 2532 praecipitationis

340 2541 739 2607 praejudiciique
766 2543 1060 2594 incursibus
1094 2552 1283 2607 tutum,
1315 2560 1403 2595 cu·

338 2617 578 2681 rantibus
613 2618 823 2682 optimis
862 2620 1289 2685 praeceptoribus,
1321 2619 1403 2671 fo-

339 2699 510 2744 vetur.
580 2694 755 2746 Quare
792 2710 911 2746 cum
946 2697 1198 2747 Boethius
1233 2696 1401 2749 infans

337 2769 525 2819 missus
549 2769 711 2822 fuerit
731 2771 982 2836 Athenas,
1018 2773 1107 2824 ubi
1129 2788 1289 2824 anuos
1311 2775 1401 2826 de·

336 2859 447 2897 cem
470 2853 527 2897 et
549 2854 671 2897 octo
688 2863 805 2897 curn
824 2849 1039 2899 aliorum
1057 2850 1398 2914 Philosopho-

338 2934 469 2985 rum,
489 2929 600 2972 tum
624 2924 857 2977 Platonis
876 2926 1167 2989 prasertim
1182 2931 1237 2977 et
1251 2926 1398 2977 Aris-

337 3000 535 3063 totelis,
550 3000 764 3051 lectioni
787 3003 1014 3066 vacavit,
1037 3010 1181 3054 recte
1204 3003 1400 3054 dicitur

337 3080 352 3102 ⁸
367 3075 585 3125 Laribus
603 3076 947 3141 Philosophiae
967 3078 1035 3127 ab
1050 3078 1398 3130 adolescentia

338 3151 698 3203 obversatusz'
742 3160 1026 3218 propterea
1064 3155 1398 3219 Philosophia

337 3243 496 3292 snpra
515 3244 657 3293 aegre
673 3228 877 3281 ferebat
899 3233 916 3260 ‘
930 3232 1111 3282 Musas
1128 3230 1396 3282 Poeticas'

337 3305 504 3356 eidem
532 3305 751 3356 Boethio
776 3307 1023 3358 assidere.

395 3391 419 3416 ⁷
437 3385 501 3435 In
516 3385 605 3434 Ιιαε
615 3385 754 3434 exilii
767 3385 919 3435 noch-i
929 3386 1228 3451 solitudines]
1239 3386 1398 3436 Theo·

335 3460 541 3512 doricus
554 3461 990 3525 ostrogothorum
1009 3463 1145 3525 Rex,
1161 3461 1247 3512 cui
1263 3461 1399 3513 Boii·

335 3538 471 3588 thius
495 3546 653 3588 antea
673 3536 844 3588 fuerat
865 3538 1250 3600 dilectissimus,
1286 3544 1398 3587 tan·

332 3621 438 3667 tam
462 3615 637 3679 impiis
660 3614 985 3679 quibusdam,
1004 3613 1278 3664 Boethium
1302 3611 1396 3664 fal·

330 3706 387 3740 so
424 3693 812 3755 accusantibus,
848 3691 1088 3742 adhibuit
1124 3689 1301 3754 fidem,
1336 3697 1396 3741 ut

327 3767 416 3819 ille
448 3768 589 3818 hunc
605 3768 839 3818 Ticinum
862 3769 1015 3832 vulgo
1036 3769 1243 3833 Papiam
1266 3768 1393 3819 rele-

327 3846 486 3909 garit,
525 3852 768 3910 tanquam
796 3845 846 3895 in
870 3845 1112 3904 exilium:
1147 3859 1303 3910 quam
1338 3845 1392 3894 in

328 3924 665 3974 solitudinem
687 3924 881 3974 idcirco
916 3923 1120 3974 accedit
1151 3924 1390 3974 Philoso-

327 4001 471 4064 phia,
508 4000 645 4067 quod
691 4002 746 4050 in
783 4000 1065 4051 solitudine
1104 4003 1391 4064 praesertim

327 4091 472 4126 mens
509 4078 577 4127 ab
612 4077 751 4126 omni
784 4077 1044 4126 hominum
1078 4078 1396 4127 commercio·

326 4152 573 4215 liberata,
604 4154 708 4204 suis
736 4153 1143 4217 cogitationibus
1165 4152 1391 4203 forman-

332 4228 409 4279 dis
432 4232 598 4281 ·unice
636 4245 826 4280 vacare
869 4230 1069 4294 possit:
1116 4229 1191 4284 sic
1231 4230 1397 4282 Plato'

330 4305 786 4372 philosophaturus
800 4321 904 4358 non
924 4305 1178 4372 Athenas,
1199 4307 1293 4358 sed
1314 4305 1387 4357 A·

1488 1467 1796 1530 cademiam,
1817 1467 2163 1518 suburbanum
2189 1467 2551 1533 Gymnasium,

1488 1545 1682 1609 elegit:
1708 1544 1797 1595 Sic
1819 1544 1988 1594 Musae
2012 1542 2387 1595 desertissimas
2408 1558 2549 1596 mon-

1487 1630 1568 1673 tes
1588 1623 1813 1684 incolere
1836 1621 2117 1685 finguntur,
2169 1659 2171 1665 Α

1553 1705 1587 1732 v
1612 1699 1836 1756 Granium
1865 1696 2099 1759 ”magistra
2129 1695 2383 1761 vinnium]
2425 1697 2550 1748 Phi-

1486 1774 1723 1839 losophia
1755 1773 1913 1837 enim,
1942 1781 2156 1822 auctore
2189 1774 2377 1837 Tullio,
2412 1775 2428 1802 ‘
2451 1775 2552 1824 vir·

1488 1852 1616 1902 tutis
1650 1850 1902 1912 continet,
1937 1856 1994 1899 et
2025 1848 2201 1912 officii,
2231 1856 2286 1898 et
2322 1848 2553 1899 hene-vi·

1487 1929 1658 1992 vendi,
1679 1928 2027 1991 disciplinam,
2049 1941 2203 1992 quam
2226 1925 2315 1991 qni
2338 1924 2547 1990 profite-

1488 2013 1593 2064 tur,
1627 2005 1975 2070 gravissimam
1998 2004 2252 2053 sustinere
2275 2016 2550 2066 personam

1487 2080 1732 2131 videtur!
1779 2082 1860 2148 Et
1882 2086 2028 2130 certe
2051 2080 2210 2129 virtus
2241 2078 2550 2142 generatim,

1476 2158 1636 2222 juxta
1665 2157 1828 2221 ipsius
1851 2155 2149 2207 Aristotelis
2171 2162 2417 2218 mentem,
2455 2153 2549 2204 de-

1483 2234 1625 2285 finiri
1653 2241 1830 2299 potest
1852 2227 2058 2283 affectio
2081 2231 2267 2282 mentis
2290 2238 2348 2281 ut
2369 2232 2551 2281 volun·

1484 2312 1620 2363 taria
1641 2312 1716 2361 sic
1738 2318 1901 2362 recta.
1952 2309 2197 2373 Duplicis
2219 2315 2296 2358 est
2319 2308 2548 2371 generis,

1482 2402 1675 2453 nempe
1727 2389 1743 2417 ‘
1771 2385 2095 2438 dianoiitica'
2150 2391 2209 2437 et
2255 2386 2271 2413 ‘
2301 2383 2547 2440 moralis!

1481 2464 1638 2515 Prior
1654 2471 1735 2516 est
1748 2463 1960 2516 affectio
1974 2463 2161 2514 mentis
2177 2460 2375 2514 notioni
2388 2461 2543 2516 claro

1482 2549 1539 2592 et
1561 2542 1822 2592 distinctae
1845 2541 2235 2591 consentientis.
2279 2538 2548 2589 Posterior

1480 2617 1692 2668 affectio
1729 2617 1957 2682 ejusdem
1996 2617 2184 2667 mentis
2217 2614 2546 2666 mediocrita-

1481 2703 1588 2746 tem
1610 2695 1923 2746 laudabilem
1948 2694 2002 2743 in
2022 2694 2255 2743 humanis
2275 2693 2545 2755 cogitatio·

1481 2772 1652 2833 nibus,
1671 2770 2036 2833 locutionibus,
2056 2770 2404 2834 operibusque
2420 2780 2543 2819 con·

1480 2847 1747 2899 stituentis
1770 2863 1786 2896 ε
1820 2860 1979 2911 quare
2004 2845 2144 2910 prior
2176 2846 2193 2874 ‘
2214 2840 2493 2910 prudentia
2508 2845 2549 2905 3’*

1479 2924 1744 2990 posterior
1775 2923 1792 2952 ‘
1814 2921 2191 2987 temperantia’
2225 2938 2257 2973 a
2289 2921 2542 2972 Cicerone

1479 3005 1697 3053 vocatur
1715 3016 1732 3051 z
1761 2999 2029 3064 utriusque
2062 3005 2237 3049 autem
2274 3004 2542 3063 praecepta

1477 3078 1773 3144 praescribit
1785 3076 2135 3139 Philosophia,
2151 3076 2383 3142 adeoque
2398 3077 2414 3104 ‘
2433 3090 2541 3126 om·
2604 3078 2608 3085 ’

1476 3156 1648 3208 nium’
1682 3164 1764 3206 est
1794 3154 2071 3217 ‘magistra
2091 3153 2376 3223 virtutum!

1541 3241 1569 3269 ¹
1600 3233 1781 3299 Supero
1801 3231 1993 3282 cardine
2012 3231 2225 3296 delapsa]
2276 3232 2543 3283 Divinitas

1476 3309 1636 3360 data:
1674 3310 1848 3358 lumen
1893 3307 2030 3358 enim
2065 3310 2322 3372 naturale,
2353 3315 2538 3374 utpote

1478 3385 1619 3454 quod
1656 3386 1726 3437 ab
1758 3386 1873 3450 ipso
1896 3385 2085 3435 mentis
2106 3385 2341 3436 humanae
2362 3387 2539 3436 condi-

1480 3470 1592 3514 tore
1615 3469 1786 3513 ortum
1813 3468 1912 3524 est,
1945 3460 2189 3512 divinitus
2226 3468 2309 3513 est
2341 3462 2536 3513 datum.

1478 3539 1813 3605 Philosophia
1853 3543 2031 3588 autem
2073 3538 2197 3588 nihil
2250 3545 2334 3589 est
2380 3541 2539 3604 aliud,

1477 3632 1633 3683 quam
1670 3618 1843 3666 lumen
1882 3616 2114 3664 naturale
2152 3614 2535 3667 modificatum:

1478 3694 1493 3722 ‘
1512 3692 1718 3743 lumen’
1739 3692 1967 3757 quidem,
1986 3691 2082 3741 hoc
2104 3695 2391 3756 est,‘notio,
2419 3709 2538 3759 quae

1475 3771 1587 3820 sola
1620 3774 1702 3819 e'st
1743 3768 1933 3818 mentis
1972 3766 2182 3818 lument
2231 3773 2246 3799 ⁸
2272 3770 2540 3820 naturale'

1475 3862 1615 3912 vero,
1646 3847 1698 3898 id
1723 3853 1826 3912 est,
1845 3846 2052 3896 ab’ortu
2070 3847 2320 3898 divinitus
2343 3848 2547 3912 datum,
2634 3852 2637 3855 ’

1474 3926 1585 3975 sive
1608 3940 1640 3973 a
1658 3929 1845 3974 natura
1867 3923 2079 3973 insitum
2114 3924 2533 3992 ingenitumque:

1474 4002 1491 4030 ‘
1511 3998 1887 4051 modificatum'
1911 3998 2152 4063 denique,
2173 4009 2428 4065 quatenus
2451 4011 2539 4056 est

1470 4077 1694 4143 primum
1718 4076 1916 4125 clarum
1938 4080 1994 4123 et
2015 4074 2317 4126 distinctum
2337 4094 2353 4140 ς
2386 4077 2535 4126 dein-

1470 4153 1537 4202 de
1561 4153 1716 4216 paulo
1736 4150 1939 4213 longius
1956 4148 2236 4213 diffusum3
2270 4160 2535 4217 postremo

1467 4229 1581 4280 veri
1602 4227 1838 4293 certique
1858 4225 2047 4291 judicii
2070 4241 2265 4279 norma.
2328 4228 2417 4278 Sic
2437 4229 2532 4279 So-

1468 4312 1663 4370 crates,
1694 4303 1958 4355 referente
1978 4296 2257 4354 Themistio
2295 4305 2449 4358 Orat.
2489 4322 2534 4363 1.
2604 4310 2608 4315 ’
