3049 4928
520 353 607 416 76

1223 367 1538 431 sns'rmr
1585 368 1682 416 nn
1729 367 2043 416 consor..

784 512 1119 581 Casurum
1147 512 1349 577 rutilo
1377 519 1614 595 surgat
1643 514 1732 578 ab
1762 520 1949 577 ortu:

785 614 960 694 Quis
988 613 1193 680 Veris
1211 614 1261 655 ¹⁸
1282 622 1318 651 W
1363 615 1677 700 placidas
1715 622 2047 700 temperet
2072 616 2295 695 horas,

785 717 886 784 Ut
913 725 1125 784 terras
1146 727 1197 770 ¹⁹
1241 718 1451 783 roseis
1495 716 1775 782 fioribus
1807 725 2039 784 ornet:

789 820 968 900 Quis
992 821 1175 886 dedit
1189 826 1248 859 ²0
1289 828 1365 884 ut
1394 819 1593 905 pleno
1620 820 1857 885 fertilis
1888 840 2065 884 anno

784 921 1168 988 Autumnus
1188 930 1215 958 ⁸
1257 921 1552 1005 gravidis
1579 922 1817 986 influat
1846 921 2016 1000 uviS‚

786 1021 1047 1090 Rimari
1065 1033 1094 1072 5
1137 1025 1395 1103 solitus,
1414 1031 1633 1123 §atque
1660 1024 1941 1090 latentis

789 1124 1075 1194 Naturae
1101 1128 1329 1194 varias
1356 1126 1631 1193 reddere
1657 1145 1903 1192 causas
1922 1147 1940 1191 z
1959 1133 1984 1160 ⁸

521 1306 670 1384 aqi-tas
690 1323 770 1359 ves

521 1372 694 1435 quinos

720 1310 985 1361 stertimus
1001 1312 1238 1375 lapsurum
1261 1311 1464 1360 emineat
1482 1308 1543 1358 ab
1562 1309 1744 1358 oriente
1757 1322 2022 1384 purpureo·
2057 1309 2172 1372 quid
2194 1309 2461 1361 moderetur
2478 1309 2579 1359 dies
2600 1312 2733 1358 tran·

765 1375 883 1436 eris,
901 1381 956 1425 ut
979 1377 1163 1426 decoret
1185 1379 1339 1424 terras
1350 1372 1571 1450 floribus
1573 1373 1851 1436 purpureis:
1886 1375 1999 1437 quid
2017 1372 2163 1439 fecit,
2198 1379 2252 1422 ut
2289 1374 2558 1424 Autumnus
2585 1372 2733 1422 abun-

520 1437 952 1497 dantersoecundus
985 1441 1183 1490 instillet
1213 1440 1374 1489 vinum
1395 1439 1594 1488 racemis
1625 1438 1841 1497 tumidis,
1871 1443 2031 1488 suetus
2064 1411 2290 1499 scrutari,
2326 1444 2373 1488 et
2394 1441 2585 1488 occultas
2629 1439 2734 1487 Na-

523 1505 650 1552 2¹1²·oe
681 1520 846 1556 causas
875 1505 1088 1556 diversa
1119 1506 1316 1566 referre.
1387 1503 1493 1566 lue,
1528 1503 1735 1566 inquam,
1771 1503 2009 1553 Boethius
2040 1505 2146 1554 coeli
2165 1505 2394 1568 qnondam
2415 1508 2738 1566 tumr-umque

1451 1649 1690 1670 “0000“
1696 1649 1816 1671 000⁴·

527 1743 658 1795 beut
682 1746 822 1812 Delp
825 1748 874 1797 h.
899 1745 1072 1798 Hack.
1074 1751 1205 1797 —18
1243 1749 1374 1805 Quid
1396 1749 1521 1797 veris
1554 1748 1676 1797 edd.
1704 1748 1923 1798 eaedem.
1928 1752 2058 1797 —19
2097 1748 2167 1798 Ut
2182 1740 2361 1798 terram
2384 1747 2513 1797 Mss.
2536 1752 2592 1796 et
2614 1742 2737 1795 edd.

530 1808 720 1873 Delph.
741 1820 798 1862 et
789 1763 985 1864 p.Hack
988 1817 1118 1862 —20
1139 1813 1241 1863 Ms.
1265 1811 1467 1862 Erfurt.
1493 1814 1783 1876 Quiddedit,
1798 1829 1948 1879 quam
1964 1814 2087 1864 lect.
2101 1813 2260 1863 etiam
2283 1812 2529 1862 exhibent
2548 1811 2741 1875 Delph.

526 1874 702 1925 Hack.

1532 1985 1752 2035 NOTAE

536 2130 537 2133 ¹
586 2062 624 2129 ζ’
659 2097 784 2153 Quis
825 2098 1007 2162 [Quid]
1045 2093 1210 2162 Veris]
1239 2112 1322 2149 vr.
1356 2097 1606 2150 Boethius
1685 2115 1833 2165 opes,
1887 2081 2084 2149 coactis
2136 2110 2379 2160 agrorum
2439 2092 2740 2144 fructibus:

528 2173 799 2237 subjungit
809 2189 865 2224 se
883 2183 986 2224 tem
994 2181 1252 2238 pestatem
1262 2189 1469 2225 vernam
1482 2188 1594 2239 cog·

529 2250 753 2299 novisse.
822 2251 949 2313 Ver,
973 2260 1031 2300 ut
1052 2252 1128 2302 ait
1145 2252 1386 2302 Varrol.
1412 2266 1495 2302 lv.
1532 2251 1599 2301 de

529 2326 594 2375 Ι..
619 2328 683 2375 Ι..
711 2327 786 2375 sic
829 2326 1092 2391 dicitnr‚‘
1127 2328 1267 2393 quod
1289 2334 1399 2378 tum
1426 2329 1598 2378 virere

1685 2176 1822 2228 unde
1864 2175 2046 2240 Virgil.
2088 2187 2152 2223 u.
2204 2171 2455 2235 Geor-gie.
2501 2185 2577 2219 vs.
2626 2172 2742 2219 620.

1679 2260 1697 2289 ‘
1724 2252 1929 2304 Glande
1950 2265 2069 2302 sues
2091 2249 2204 2300 leti
2229 2249 2483 2298 redeunt.
2515 2247 2646 2296 dant
2664 2260 2745 2295 ar·
2821 2295 2828 2301 .

1676 2333 1806 2383 buta
1841 2331 2017 2394 sylvae‚
2068 2329 2140 2377 Et
2182 2326 2351 2375 varios
2392 2324 2545 2388 ponit
2581 2321 2743 2372 foetus

530 2402 789 2467 incipiunt
809 2403 1055 2469 virgulta,
1071 2419 1131 2454 ac
1156 2411 1360 2455 vertere
1385 2420 1441 2455 se
1465 2412 1598 2455 tem·
1673 2413 1970 2467 autumnus,
2002 2410 2060 2454 et
2100 2405 2206 2453 alte
2241 2401 2391 2452 Mitis
2436 2401 2491 2448 ἰιι
2544 2391 2738 2462 apricis

530 2494 630 2542 pus
652 2482 794 2544 anni,
813 2482 915 2530 nisi
934 2482 1068 2547 quod
1092 2483 1250 2532 Iones
1273 2482 1455 2532 dicunt
1471 2482 1600 2547 βῆμ’

529 2556 760 2621 Tempus
798 2560 1033 2611 omnibns
1076 2567 1273 2621 notum,
1325 2560 1463 2625 qnod
1510 2561 1597 2609 hic

531 2635 929 2684 commendatur
948 2652 1064 2686 cnm
1089 2652 1120 2686 a
1149 2638 1360 2701 propria
1381 2638 1601 2699 ratione,

536 2717 648 2760 tum
688 2710 753 2760 ab
797 2711 1070 2763 effectibus
1113 2715 1238 2763 suis.
1306 2712 1356 2763 A
1388 2713 1601 2777 propria

536 2786 745 2852 quidem
769 2790 992 2851 ratione,
1012 2804 1128 2854 quae
1150 2790 1203 2839 in
1226 2789 1323 2838 hoc
1344 2797 1600 2852 versatur,

534 2864 671 2928 quod
695 2866 807 2915 Ver
829 2867 902 2916 sit
925 2866 1135 2929 placida
1157 2873 1462 2931 tempestas,
1477 2866 1601 2916 Sole

535 2941 773 3007 nimirum
792 2950 918 2992 tunc
936 2943 1045 2993 dies
1062 2943 1304 2994 noctibus
1319 2949 1599 3007 aequaute.

536 3016 675 3065 unde
712 3017 930 3067 dicitur:
963 3017 980 3047 ‘
1005 3019 1145 3070 Quid
1190 3018 1329 3067 veris
1369 3016 1602 3080 placidas

533 3098 795 3155 temperet
835 3092 1038 3142 horas·'
1071 3094 1139 3143 ab
1159 3092 1434 3143 effectibus
1458 3106 1603 3154 vero,

534 3181 726 3230 nempe
759 3184 791 3217 a
831 3167 1062 3233 floribus,
1107 3169 1295 3235 quibus
1330 3168 1604 3217 moderata

533 3239 622 3294 illa
656 3243 776 3291 anui
815 3250 1106 3309 tempestas
1139 3245 1155 3271 ‘
1178 3251 1373 3294 terram
1413 3243 1603 3308 ornat,'

534 3319 744 3382 quique,
767 3321 904 3384 quod
941 3335 1171 3369 rosarum
1210 3320 1414 3374 colores
1440 3320 1604 3371 refer-

537 3401 648 3458 ant,
683 3404 934 3446 vocantur
986 3399 1002 3425 ‘
1029 3397 1200 3459 rosei,'
1240 3404 1300 3446 ut
1337 3398 1604 3461 eleganter

536 3471 768 3533 explicat
811 3472 998 3536 virgil.
1035 3487 1102 3522 11.
1133 3473 1328 3536 Georg.
1370 3489 1445 3525 vs.
1487 3479 1601 3525 123.

532 3547 548 3575 ‘
570 3547 679 3597 Ver
701 3549 834 3598 adeo
854 3548 1028 3599 frondi
1048 3564 1340 3612 nemorum,
1363 3566 1454 3600 ver
1471 3551 1603 3601 utile

537 3624 738 3687 Sylvis:
774 3626 910 3675 Vere
949 3631 1158 3674 tument
1178 3632 1353 3691 terrae,
1383 3633 1439 3677 et
1461 3629 1602 3692 geni-

538 3702 667 3751 talia
689 3702 891 3751 semina
924 3700 1184 3766 poscunt,'
1206 3706 1306 3753 &c-

544 3803 553 3810 ·
599 3786 627 3813 ¹
651 3780 776 3836 Quis
791 3778 1110 3843 [Quidjdedit
1128 3785 1183 3829 ut
1201 3814 1218 3830 .
1237 3813 1252 3829 .
1277 3814 1293 3831 .
1308 3780 1604 3845 Autumnus]

540 3872 637 3908 vn.
671 3858 925 3908 Boethius
977 3857 1246 3908 concludit
1285 3872 1342 3909 se
1406 3859 1606 3921 pariter

539 3935 845 3999 cognovisse
869 3940 1191 3983 autumnum.
1254 3934 1272 3961 ‘
1297 3932 1607 3984 Autumnus'

541 4018 737 4072 sutem,
753 4010 884 4069 sive,
916 4014 974 4057 ut
995 4009 1225 4059 nonnulli
1247 4010 1477 4060 scribere
1499 4026 1605 4060 ma·

539 4087 675 4145 lunt,
723 4086 740 4113 ‘
761 4083 1124 4148 Auctumnus,’
1167 4086 1491 4150 quibusdam,
1528 4102 1605 4137 re·

540 4160 743 4209 ferente
777 4160 956 4223 Festo,
997 4162 1071 4211 sic
1113 4164 1428 4226 appellatur,
1463 4163 1603 4227 quod

544 4244 669 4287 tunc
722 4237 946 4288 maxime
1002 4247 1292 4304 augeantur
1339 4239 1602 4291 hominum

1677 2484 1917 2549 coquitur
1933 2480 2192 2531 vindemia
2207 2480 2365 2529 saxis.
2367 2475 2572 2526 'Unde
2584 2475 2746 2525 etiam

1679 2558 2036 2611 ‘'Autumnus
2067 2572 2206 2607 nuuc
2227 2571 2260 2605 a
2302 2553 2631 2617 Philosophia
2668 2552 2744 2602 di-

1680 2640 1816 2690 citur
1848 2636 2030 2700 ‘pleno
2051 2633 2240 2683 fertilis
2262 2645 2394 2682 anuo
2416 2628 2648 2694 gravidis
2670 2629 2749 2680 iu·

1675 2715 1842 2767 fluere
1860 2715 1972 2763 uvis
1988 2712 2023 2762 ι’
2055 2712 2071 2740 4
2091 2712 2287 2761 Plenus
2301 2707 2317 2731 '
2352 2708 2491 2757 enim
2503 2706 2589 2755 hic
2604 2705 2745 2758 iden

1681 2793 1821 2860 quod
1839 2789 2086 2842 refertusz
2121 2789 2259 2840 sicut
2278 2785 2460 2849 Vin-gil.
2472 2785 2747 2849 11.Georg.

1679 2887 1758 2921 vs.
1781 2875 1830 2921 4.
1861 2870 1877 2898 4
1895 2868 2016 2917 Huc
2036 2872 2206 2930 pater,
2227 2879 2259 2913 o
2276 2865 2497 2913 Leuaeez
2535 2861 2640 2916 tuis
2661 2861 2749 2911 hie

1680 2948 1852 2997 omnia
1888 2946 2042 3009 plena
2078 2940 2402 3002 Muneribus,
2425 2937 2526 2989 tibi
2548 2937 2747 3001 pampi-

1680 3037 1780 3072 neo
1816 3018 2058 3085 gravidus
2104 3023 2349 3066 autumno
2388 3016 2569 3066 Floret
2602 3027 2749 3078 ager,

1683 3103 1891 3163 spumat
1914 3094 2079 3159 plenis
2101 3094 2363 3143 vindemia
2384 3091 2577 3141 labris.
2563 3095 2594 3120 ·’
2625 3089 2641 3118 4
2661 3090 2752 3139 In·

1682 3174 1867 3225 fluere’
1904 3186 2027 3223 vero
2067 3169 2203 3220 idem
2255 3168 2396 3234 quod
2439 3167 2746 3218 abundare.

1685 3252 1822 3301 sicut
1861 3251 2064 3300 Seneca
2094 3247 2171 3296 ait
2203 3247 2219 3275 4
2244 3243 2749 3296 fortnnaeiuflueutis

1679 3327 1855 3376 dona?
2728 3343 2736 3350 ·

1748 3411 1772 3447 ι
1790 3400 2002 3465 Rimari]
2051 3398 2403 3461 Perscrutari,
2436 3397 2646 3462 penitus
2672 3398 2751 3449 iu·

1684 3479 1917 3543 quin-ere:
1939 3478 2027 3542 qui
2044 3478 2181 3526 enim
2204 3482 2405 3525 natnrae
2416 3476 2751 3538 causaspeni·

1685 3564 1770 3606 tus
1794 3554 2027 3619 inquirit,
2062 3554 2126 3616 is,
2145 3553 2313 3602 instar
2336 3552 2478 3601 canis
2499 3551 2751 3612 venatici,

1685 3631 1857 3680 omnia
1875 3630 2037 3680 debet
2056 3629 2271 3678 lustrare
2296 3644 2310 3677 ι
2352 3628 2492 3677 unde
2526 3631 2544 3657 ‘
2564 3628 2755 3693 Physi-

1684 3705 1813 3767 cus,’
1858 3704 2025 3769 inquit
2043 3703 2238 3753 Orator
2259 3716 2300 3752 ι.
2326 3703 2392 3752 de
2414 3703 2545 3752 Nat.
2566 3704 2638 3753 D.
2668 3710 2765 3753 est·

1682 3786 1701 3812 4
1723 3783 2035 3846 speculator,
2053 3787 2372 3844 venatui-que
2394 3778 2634 3830 uatum?

1751 3867 1773 3891 ⁸
1793 3859 1995 3907 Notum
2015 3858 2176 3905 varim
2202 3857 2400 3905 reddere
2415 3854 2611 3917 causas]
2643 3856 2750 3906 Na·

1688 3942 1801 3985 tura
1823 3948 1856 3981 a
1875 3946 2058 3983 nascor
2074 3932 2289 3990 dicitnr,
2313 3939 2370 3979 ut
2392 3928 2533 3993 φύσις
2565 3946 2597 3979 a
2615 3927 2720 3992 φύσι
2733 3946 2753 3979 .·

1686 4024 1847 4075 quare
1894 4010 2115 4070 Natura,
2148 4008 2200 4056 in
2237 4021 2427 4071 genere
2450 4021 2622 4056 causae
2647 4004 2756 4056 effi·

1684 4088 1890 4148 cientis,
1911 4092 1992 4134 est
2013 4099 2189 4145 causa,
2212 4099 2244 4133 a
2266 4099 2369 4149 qua
2396 4099 2499 4146 res,
2532 4098 2754 4147 praesers-

1684 4165 1778 4214 tim
1802 4162 2021 4224 sensilis,
2043 4161 2307 4210 nascitur:
2341 4160 2394 4210 in
2413 4175 2605 4224 genere
2628 4175 2753 4211 vero

1682 4236 1889 4303 sonna,
1921 4237 2130 4288 Natura
2158 4235 2355 4287 dicitur
2391 4236 2550 4287 insita
2580 4237 2752 4301 cujus·-
