3049 4928
573 454 705 521 438

572 616 652 664 De
699 612 1134 664 Excusationibus
1175 628 1463 678 munerum,
1506 612 1641 665 libro

570 689 792 740 decimo.
823 689 974 739 Idem.

638 766 1012 816 Prouincialium
1042 764 1294 833 fortunas]
1342 768 1569 819 Salvian.
1603 768 1640 819 l.

570 859 652 897 tv.
674 845 740 896 de
765 846 1001 897 Gubern.
1043 847 1181 897 Dei:
1214 848 1230 875 ‘
1250 848 1389 897 Illud
1431 848 1641 898 latroci-

570 925 712 973 nium
755 939 817 974 ae
854 925 1024 974 scelus
1079 923 1195 988 quis
1252 924 1410 989 digne
1465 925 1640 991 eloqui

572 1001 755 1066 possit,
788 1001 925 1066 quod
949 1016 1065 1051 cum
1088 1002 1246 1065 Resp.
1270 1002 1354 1051 vel
1372 1002 1481 1066 jam
1506 1017 1640 1053 mor·

572 1086 682 1141 tua,
723 1080 808 1127 vel
853 1083 999 1129 certe
1055 1084 1346 1129 extremum
1402 1081 1639 1143 spiritum

573 1168 735 1217 agens
759 1154 812 1203 in
836 1170 900 1204 ea
920 1161 1092 1220 parte,
1125 1168 1225 1221 qua
1259 1155 1427 1205 adbuc
1463 1156 1640 1214 vivere

572 1231 797 1294 videtur,
833 1231 1144 1282 tributorum
1192 1231 1436 1293 vinculis,
1490 1231 1640 1295 quasi

571 1306 873 1371 praedonum
897 1307 1129 1357 manibus
1168 1307 1492 1370 strangulata
1531 1322 1639 1359 mo·

569 1383 768 1433 riatur:
814 1384 1145 1433 inveniuntur
1197 1390 1372 1433 tamen
1430 1383 1639 1448 plurimi

569 1459 809 1523 divitum,
860 1475 1078 1526 quorum
1134 1462 1328 1511 tributa
1383 1476 1639 1525 pauperes

569 1535 782 1588 ferunt:
817 1538 913 1588 boe
937 1544 1039 1602 est,
1073 1538 1405 1587 inveniuntur
1429 1538 1639 1601 plurimi

570 1612 810 1678 divitum,
860 1629 1079 1680 quorum
1124 1614 1325 1664 tributa
1374 1628 1637 1677 pauperes

568 1691 797 1742 necant!
838 1692 990 1741 Idem.
1621 1756 1626 1762 ,

640 1767 759 1816 Tum
795 1766 1002 1829 privatis
1042 1766 1248 1829 rupini-s,
1295 1771 1396 1816 tum
1436 1766 1639 1831 publicis

567 1844 904 1908 vectigalibus]
936 1843 1093 1909 Apud
1117 1844 1485 1894 Cassiodorum
1510 1846 1638 1896 Var.

569 1936 624 1972 v.
647 1923 820 1986 Epist.
856 1935 1059 1972 xxxrx.
1124 1921 1476 1973 Theudoricus
1521 1923 1639 1972 Rex

572 1999 841 2061 aegerrime
863 1996 968 2048 fert
1003 2000 1384 2063 compulsorum
1421 1999 1639 2051 arbitrio

570 2075 961 2138 provincialium
1016 2076 1289 2140 subjacere
1366 2074 1638 2138 fortunas3

568 2151 691 2201 inde
713 2151 1010 2217 subjtmgit:
1035 2152 1052 2181 ‘
1071 2152 1251 2202 Genus
1275 2152 1533 2203 evidentis
1557 2159 1639 2203 est

569 2232 784 2295 praedae,
815 2248 908 2297 pro
931 2233 1066 2283 illius
1091 2235 1357 2284 voluntate
1380 2234 1527 2296 dare,
1549 2233 1637 2298 qui

570 2308 637 2357 ad
662 2323 808 2359 suum
834 2310 1159 2360 commodum
1181 2312 1402 2375 amplius
1422 2309 1637 2360 festinat

569 2385 819 2449 exigere!
901 2388 1166 2438 Salvianus
1207 2404 1411 2454 quoque
1449 2390 1539 2439 lib.
1581 2406 1636 2441 v.

568 2461 654 2514 De
679 2464 816 2516 Gub.
835 2466 958 2530 Dei,
994 2467 1244 2518 vulturios
1268 2467 1414 2530 istos,
1448 2471 1535 2534 qui
1570 2468 1637 2519 ad

568 2541 913 2605 rapacitatem
939 2550 1252 2594 convertunt
1276 2545 1518 2606 animum,
1552 2560 1637 2594 va·

567 2616 646 2667 rio
669 2624 724 2668 et
746 2618 1150 2683 exquisitissimo
1173 2621 1544 2670 calumniarum
1582 2627 1639 2670 et

567 2694 862 2743 auctionum
927 2700 983 2746 et
1038 2697 1369 2761 vectigalium
1423 2712 1638 2762 genere,

567 2769 650 2818 his
690 2770 860 2821 verbis
895 2774 1266 2836 reprehendit:
1301 2774 1477 2823 ‘Illud
1519 2788 1637 2839 gra-

571 2847 682 2896 vius
705 2854 805 2911 est,
839 2849 974 2914 quod
1000 2850 1209 2914 plurimi
1242 2850 1636 2915 proscribuntur

562 2936 602 2971 a
626 2925 823 2987 paucis,
856 2926 1044 2992 quibus
1068 2927 1275 2977 exactio
1298 2927 1506 2992 publica
1545 2941 1636 2991 pe·

569 3000 781 3050 culiaris
806 3008 886 3051 est
906 3003 1107 3066 praeda,
1140 3004 1224 3069 qui
1247 3004 1437 3053 fiscalis
1467 3003 1637 3053 debiti

569 3077 747 3128 titulos
768 3077 968 3130 faciunt
984 3087 1212 3145 quaestus
1230 3095 1345 3130 esse
1368 3081 1635 3145 privatos:

568 3163 623 3204 et
646 3155 742 3205 hoc
766 3171 870 3206 non
894 3157 1079 3207 summi
1100 3164 1323 3221 tantum,
1354 3158 1447 3208 sed
1486 3173 1634 3223 paene

565 3229 761 3282 infimi:
795 3248 896 3284 non
906 3234 1117 3298 Judices
1139 3236 1321 3299 solum,
1355 3235 1451 3284 sed
1472 3235 1633 3285 etiam

559 3307 828 3371 judicibus
883 3311 1249 3377 obsequentes.
1317 3314 1450 3366 Quae
1495 3314 1633 3363 enim

567 3390 689 3439 sunt
708 3399 812 3435 non
835 3387 989 3437 modo
1010 3388 1186 3454 urbes,
1206 3390 1295 3438 sed
1318 3390 1475 3440 etiam
1494 3405 1633 3440 man-

566 3459 703 3523 cipia
726 3468 884 3527 atque
908 3463 1028 3528 vici,
1060 3465 1150 3514 ubi
1171 3480 1273 3515 non
1308 3474 1434 3530 quot
1457 3468 1635 3518 Curia-

567 3535 643 3584 les
661 3535 874 3602 fuerint,
907 3545 989 3589 tot
1013 3542 1222 3604 tyranni
1246 3542 1403 3593 sunt!
1434 3544 1588 3595 Idem.

635 3614 746 3663 Non
764 3615 924 3678 aliter,
944 3631 1082 3680 quam
1105 3619 1186 3680 qui
1201 3618 1531 3685 patiebantur,
1559 3622 1634 3671 in·

564 3689 717 3753 dolui]
742 3690 989 3756 Congrua
1006 3693 1163 3742 verba
1179 3694 1410 3744 invenies
1432 3697 1484 3746 in
1503 3692 1633 3748 li'bro

565 3765 691 3829 Job,
723 3783 842 3832 cap.
865 3772 945 3819 29.
983 3769 1135 3821 Idem.

636 3846 774 3908 Cum,
793 3845 972 3895 acerba*
990 3845 1146 3908 samis
1162 3849 1391 3913 tempore]
1416 3849 1553 3900 Haee
1577 3857 1633 3900 ut

567 3923 750 3973 melius
775 3924 1054 3990 intelligas,
1092 3927 1210 3977 vide
1229 3931 1420 3993 passim
1438 3928 1637 3978 Cassio-

565 3998 748 4049 dorum
768 4000 975 4050 Variar.
1015 4016 1119 4052 ιιι.
1165 4007 1181 4033 ‘
1205 4004 1364 4054 Certe
1409 4005 1473 4054 ad
1522 4011 1633 4053 tan·

568 4084 673 4126 tam
729 4078 1004 4141 penuriam
1059 4082 1454 4148 provincialium
1522 4087 1632 4130 tum

566 4164 921 4220 pervenerunt
955 4156 1200 4223 fortunae,
1237 4167 1294 4209 ut
1335 4160 1456 4209 vitae
1498 4161 1632 4223 peri·

564 4234 681 4284 cula
722 4234 980 4297 sustinere
1026 4251 1127 4285 non
1181 4237 1490 4298 potuissent,
1535 4237 1632 4287 nisi

564 4309 639 4359 eis
674 4309 841 4373 pietas
877 4312 1061 4376 regalis
1109 4312 1266 4362 solita
1309 4313 1630 4364 humanitate

554 4389 955 4455 prospexissetss
979 4399 1035 4442 ut
1058 4391 1286 4457 loquitur
1305 4393 1440 4444 idem
1462 4393 1514 4443 d.
1537 4392 1628 4446 lib.

1268 470 1481 520 NOTAE
1536 469 1939 519 VARIORUM
1993 472 2072 520 ΙΝ

1715 613 1884 678 Epist.
1908 627 2071 665 xxvi.
2108 615 2260 667 Ideni.

1783 690 2052 755 Co‘c‘mptio]
2083 692 2209 757 Ipsa
2263 691 2527 756 coemptio
2581 691 2768 753 συνωὴ,

1716 768 1926 832 publice
1954 784 2076 820 vero
2113 771 2315 833 species
2355 770 2661 819 annonarias
2697 770 2772 818 vel

1715 844 1830 893 urbi
1856 846 1938 894 vel
1975 846 2233 895 exercitui
2268 846 2591 896 necessarias
2629 847 2772 896 etiam

1714 920 1781 969 ab
1836 921 2016 971 invitis
2076 923 2474 986 provincialibus
2538 923 2775 986 exigendi

1714 996 2055 1060 consuetudo,
2134 997 2424 1057 cordum-op
2483 999 2775 1048 vocabatur.

1715 1071 2041 1137 Quamquam
2065 1080 2119 1123 et
2152 1089 2281 1123 onus
2321 1075 2471 1138 illud,
2502 1076 2648 1140 quod
2669 1074 2777 1125 Jus-

1716 1148 1938 1199 tinianus
1961 1149 2247 1214 Bithyniae,
2261 1153 2528 1216 Pbrygiae,
2554 1161 2615 1201 et
2635 1153 2777 1201 'Phra-

1714 1226 1810 1275 eiae
1866 1226 2048 1277 incolis
2099 1225 2413 1278 frumentum
2472 1229 2776 1293 Byzantium

1713 1303 2014 1368 perferendi
2049 1295 2349 1358 conditione
2385 1309 2667 1359 durissima
2698 1310 2780 1358 im·

1714 1382 1905 1445 posuit,
1937 1390 2083 1432 notat
2106 1381 2291 1434 Suidas
2333 1384 2399 1434 ab
2424 1386 2546 1435 ‘illis
2581 1385 2781 1443 σννωνὴι

1712 1471 1825 1508 esse
1849 1460 2185 1523 appellatum.
2229 1462 2357 1513 Vale.

1781 1535 2051 1600 Colimptio]
2082 1537 2306 1588 Publica
2327 1539 2658 1603 comparatio
2677 1555 2782 1603 spe·

1713 1611 1905 1662 cierunt
1941 1614 2131 1664 Graece
2167 1614 2431 1674 συνῶνητον
2470 1617 2785 1680 appellatur,

1711 1689 1768 1738 ἐκ
1808 1691 1897 1739 τοῦ
1932 1689 2020 1740 σὺν
2057 1691 2138 1741 καὶ
2170 1692 2397 1742 ὠνεῖσθαι.
2464 1694 2659 1744 Latine
2704 1695 2785 1743 Co-

1712 1767 1904 1831 'e‘mptim
1954 1769 2398 1820 Quemadmodum
2417 1775 2598 1819 autem
2612 1770 2784 1836 hujus·

1711 1846 1849 1895 modi
1887 1845 2148 1911 coemptio
2192 1848 2498 1912 accipienda
2543 1849 2638 1909 sit,
2687 1862 2783 1897 non

1714 1939 1862 1989 aeque
1884 1931 2090 1974 constat
2124 1926 2262 1988 inter
2300 1939 2497 1976 omnes.
2568 1924 2677 1976 Alii
2711 1925 2782 1974 sie

1712 2014 1828 2050 eam
1850 2001 2135 2066 accipiunt,
2156 2009 2214 2051 ut
2237 2001 2587 2066 provinciales
2612 2018 2644 2051 a
2664 2000 2785 2052 fisco

1712 2080 1916 2143 species
1948 2078 2255 2128 annonarias
2296 2093 2473 2127 emere
2514 2088 2787 2142 cogantur.

1711 2154 1836 2218 Alii,
1869 2163 1926 2204 ut
1951 2170 2042 2203 eas
2066 2153 2191 2204 fisco
2227 2154 2455 2204 vendere
2489 2153 2785 2204 forensibus

1712 2231 1902 2296 preciis
1927 2231 2323 2294 compellantur.
2392 2232 2633 2284 Quorum
2673 2247 2785 2281 sen-

1713 2310 1882 2359 tentia
1905 2309 2091 2359 verior.
2158 2308 2444 2358 coemebat
2467 2309 2609 2359 enim
2643 2310 2788 2359 undi-

1711 2399 1813 2451 que
1834 2384 1989 2435 fiscus
2013 2399 2043 2433 a
2075 2384 2478 2448 provincialibus
2514 2385 2680 2435 etiam
2715 2386 2785 2436 in·

1714 2464 1833 2514 vitis
1857 2464 2057 2528 species
2078 2464 2404 2528 annonarias,
2438 2466 2555 2515 usui
2577 2466 2783 2530 publico

1713 2542 1795 2591 vel
1819 2541 2074 2590 exercitui
2116 2544 2453 2592 necessarias.
2524 2544 2782 2594 Necessa-

1711 2618 1815 2667 rias
1852 2617 1988 2666 dico.
2058 2618 2179 2667 Non
2230 2617 2368 2667 enim
2417 2617 2520 2667 nisi
2568 2626 2783 2684 urgente

1713 2696 1888 2761 aliqua
1925 2695 2242 2745 necessitate
2282 2695 2553 2755 συνώνητον
2589 2697 2782 2748 indice·

1713 2772 1886 2834 batur,
1921 2772 2084 2822 veluti
2111 2772 2329 2822 militum
2362 2781 2455 2823 aut
2485 2774 2636 2824 urbis
2674 2776 2782 2824 sub·

1713 2849 1945 2899 levandae
1973 2863 2194 2915 caussa3
2230 2864 2292 2898 ac
2315 2857 2425 2899 tum
2462 2850 2785 2914 cogebantur

1714 2939 1893 2975 omnes
1919 2923 2172 2991 (excepta
2189 2926 2421 2975 Thraciae
2440 2927 2682 2990 dioecesi,
2703 2928 2785 2978 ubi

1712 3003 1908 3052 tributa
1932 3001 2125 3051 fiscalia
2149 3003 2200 3050 in
2227 3003 2445 3052 solidum
2470 3018 2575 3054 non
2600 3004 2784 3054 infere-

1714 3080 1927 3140 bantur,
1962 3093 2079 3129 cum
2118 3078 2455 3141 barbarorum
2497 3080 2783 3131 incursibus

1711 3157 1884 3206 coloni
1944 3151 2325 3223 attererentur)
2388 3156 2599 3220 species
2666 3155 2786 3208 fisco

1703 3233 1963 3296 xvendere,
2012 3246 2182 3298 neque
2226 3234 2318 3282 ulli
2371 3235 2580 3298 penitus
2636 3236 2789 3301 possi-

1713 3310 1953 3360 dentium
1977 3325 2090 3360 sese
2113 3310 2210 3359 sub
2247 3312 2603 3377 cujuscunque
2639 3313 2788 3377 privi-

1712 3385 1837 3450 legii
1863 3385 2135 3436 occasione
2155 3388 2438 3436 excusandi
2458 3389 2788 3440 tribuebatur

1712 3463 1958 3513 facultas·
2012 3463 2057 3512 N
2066 3478 2130 3512 on
2152 3469 2323 3513 autem
2346 3463 2508 3517 fiebat
2530 3465 2790 3531 coemptio

1714 3541 1830 3590 sine
1852 3540 2169 3589 auctoritate
2193 3539 2463 3604 principis,
2494 3541 2601 3590 nisi
2625 3543 2670 3592 si
2691 3557 2788 3607 qua

1684 3618 1995 3681 ,municipia
2045 3630 2265 3667 annonoe
2315 3620 2542 3667 caritate
2590 3620 2789 3670 labora-

1713 3703 1851 3745 rent.
1920 3695 2061 3744 Cura
2097 3709 2251 3757 porro
2293 3695 2643 3769 emendarum<
2675 3712 2787 3763 spe-

1712 3773 1905 3821 cierum
1952 3771 2016 3819 ad
2059 3785 2178 3820 eum
2222 3773 2432 3836 proprie
2468 3774 2789 3839 pertinebat,

1702 3849 1797 3898 ,eui
1823 3848 2067 3912 princeps
2090 3863 2204 3897 eam
2229 3847 2587 3902 demandarat.
2655 3853 2785 3902 Haec

1713 3925 1779 3974 de
1800 3924 2073 3988 Synoneto
2104 3925 2400 3988 collegimus
2435 3941 2502 3975 ex
2524 3928 2788 3980 Juriscou-

1712 4003 1963 4052 sultorum
1981 4001 2231 4051 Phoenice
2243 4002 2361 4053 Jac.
2377 4002 2617 4070 CuJacio,
2637 4021 2786 4072 quem

1712 4080 1833 4130 vide
1857 4080 2143 4129 observat.
2171 4093 2211 4130 1.
2233 4095 2279 4130 c.
2302 4084 2382 4131 35.
2423 4089 2480 4131 et
2514 4083 2788 4139 Commen-

1713 4167 1812 4211 tar.
1848 4161 1913 4208 ad
1953 4159 2085 4209 Cod.
2126 4158 2218 4208 lib.
2256 4172 2312 4208 x.
2359 4169 2399 4223 t.
2435 4164 2521 4209 27.
2592 4160 2784 4226 Operm

1710 4236 1945 4300 precium
1965 4243 2138 4285 autem
2157 4235 2278 4284 mihi
2294 4234 2471 4285 facere
2493 4252 2610 4287 sum
2634 4240 2786 4302 visus,

1697 4314 1752 4388 -si
1775 4314 2055 4379 adjicerem
2079 4314 2248 4362 locum
2273 4312 2573 4364 Cassiodori
2599 4331 2665 4365 ex
2696 4316 2779 4365 lib.

1709 4405 1778 4441 11.
1795 4391 1924 4440 Var.
1962 4389 2131 4454 Epist.
2172 4393 2257 4439 88.
2297 4389 2385 4440 ubi
2424 4390 2784 4442 Theoderico·
