3049 4928
513 380 611 448 64·

1218 396 1526 447 Bonum
1572 391 1669 446 ΠΒ
1713 393 2019 446 consol„

1510 540 1727 594 NOTAE

518 637 638 688 dem
671 649 785 687 cum
810 644 978 689 metus
999 637 1298 690 amittendae
1321 640 1582 705 prosperi·

519 713 643 763 tatis
696 713 933 776 quaedam
988 713 1058 764 sit
1097 715 1329 779 miseria,
1380 716 1582 767 idcirco

519 788 663 838 nulla
679 788 896 838 hominis
929 791 1248 855 prosperitas
1283 791 1463 843 haberi
1487 803 1582 858 po·

522 871 632 916 test
665 864 912 930 felicitas,
948 866 1052 917 nisi
1083 869 1194 918 haec
1237 867 1394 919 fuerit
1426 870 1587 934 parti·

524 957 651 1007 ceps
681 943 1008 1008 constantiae,
1046 945 1198 1008 cujus
1236 946 1325 996 ille
1364 945 1429 995 sit
1461 960 1584 996 con·

523 1018 697 1071 scius:
745 1020 953 1085 jactata
1006 1027 1178 1072 autem
1233 1022 1321 1071 illa
1377 1017 1587 1073 Boethii

1663 638 1985 705 prosperitas
2017 640 2259 689 constans
2284 648 2387 686 non
2406 633 2527 701 fuit,
2559 646 2720 703 quan·

1662 715 1939 781 doquidem
1961 715 2051 765 ille
2074 714 2139 763 de
2161 714 2322 779 gradu
2347 712 2580 779 dejectus
2602 721 2683 764 est
2704 728 2719 762 ε

1662 793 1883 858 hincque
1953 788 2286 841 manifestum
2349 796 2432 841 est
2495 790 2721 856 aliquem

1663 868 1899 932 potuisse
1935 865 2138 933 eadere,
2175 867 2316 934 quod
2349 866 2486 919 idem
2516 866 2723 918 cecide·

1664 944 1754 995 rit·

1402 1399 1724 1467 PROSA
1768 1402 1824 1466 Ι.

611 1551 798 1616 HAEc
854 1551 1013 1616 dum
1064 1570 1324 1618 mecum
1352 1554 1664 1633 [tacitus3
1697 1555 1846 1638 ipse
1892 1559 2327 1637 reputarem:
2382 1550 2726 1637 querimo-

521 1655 839 1739 niamque
855 1656 1357 1740 lacrymabilem
1379 1656 1539 1740 styli
1563 1652 1821 1721 officio*
1850 1655 2317 1738 designarem,⁸
2335 1655 2366 1690 ⁴
2395 1654 2731 1722 astitisseb

521 1756 682 1820 mihi
710 1778 918 1842 supra
942 1760 1260 1823 verticem
1278 1769 1301 1796 ⁰
1345 1758 1493 1823 visa
1528 1765 1634 1822 est
1677 1758 1921 1823 mulier
1965 1759 2314 1825 reverendi
2365 1758 2729 1824 admodum

585 1959 610 1985 ‘⁸
644 1953 990 2039 Recogitarem.
1060 1951 1082 1986 ὃ
1117 1951 1303 2002 calami
1326 1966 1412 2016 ope
1431 1957 1661 2004 notarem.
1725 1961 1746 1988 ⁶
1782 1954 1939 2020 Caput
1963 1969 2131 2006 meum.

590 2152 620 2197 3
662 2148 854 2197 Tacitus
894 2162 1072 2198 meeum
1122 2145 1244 2198 edd.
1288 2147 1480 2213 Delph.
1524 2154 1582 2199 et
1624 2148 1894 2201 flach—4
1936 2151 1952 2180 ‘
1976 2151 2215 2216 Veteres,
2255 2150 2528 2213 signarem·
2574 2151 2730 2215 plane

1514 2262 1730 2313 NOTAE

584 2365 614 2391 ⁸
634 2357 767 2423 Styli
787 2355 958 2424 officio]
982 2360 1160 2423 Stylus
1188 2365 1271 2410 est
1294 2357 1586 2424 graphium,

526 2448 628 2499 quo
650 2435 874 2483 Veteres
908 2434 958 2483 in
984 2449 1107 2484 cera
1126 2434 1453 2485 exarabant:
1489 2434 1587 2486 hoc

523 2519 700 2560 autem
744 2512 907 2562 veluti
941 2514 1140 2562 calamo
1182 2527 1238 2563 se
1273 2527 1423 2562 nsum
1457 2512 1590 2563 dicit

524 2590 776 2640 Boethius
800 2591 867 2641 ad
900 2591 1202 2641 scribendos
1235 2606 1413 2641 versus
1452 2605 1589 2654 prae-

525 2666 713 2726 dictos,
744 2681 872 2731 quos
912 2674 1062 2718 vocat
1099 2667 1496 2732 ‘querimoniam
1516 2669 1591 2717 la-

526 2741 901 2806 crymabilem‚'
917 2743 1064 2809 qnod
1088 2744 1195 2794 sint
1216 2743 1398 2809 Elegit
1439 2744 1594 2809 Elegi

524 2820 659 2869 enim
677 2826 805 2871 sunt
828 2836 1008 2871 versus
1030 2822 1367 2873 miserabiles.

588 2895 613 2929 Β
643 2896 896 2961 Astitisse]
929 2899 1026 2948 Est
1061 2900 1161 2949 hoc
1197 2899 1250 2949 in
1291 2914 1432 2949 more
1453 2901 1594 2964 posi·

527 2979 658 3033 tum,
676 2987 781 3022 non
802 2973 955 3023 modo
988 2974 1127 3037 apud
1162 2975 1378 3040 Poetas,
1411 2991 1596 3026 verum

527 3049 685 3108 etiam
709 3048 847 3113 apud
873 3050 1144 3113 Oratores,
1174 3059 1237 3100 ut
1270 3050 1409 3116 quod
1439 3065 1595 3101 sensu

527 3124 732 3188 percipi
766 3139 869 3174 non
903 3133 1102 3188 potest,
1135 3127 1188 3176 id
1229 3127 1438 3192 objecta
1467 3141 1595 3192 qua-

527 3199 648 3250 dam
670 3215 728 3249 re
757 3201 955 3263 sensili,
989 3202 1092 3252 sibi
1127 3202 1372 3267 primum,
1405 3202 1595 3253 deiude

526 3276 849 3328 auditoribus
896 3277 999 3327 suis
1034 3279 1368 3343 cogitandum
1404 3294 1594 3344 propo-

526 3359 686 3403 nant:
724 3360 784 3403 nt
819 3368 933 3419 quae
956 3356 1149 3407 veritas
1174 3357 1395 3422 primum
1414 3357 1498 3407 hic
1520 3357 1592 3406 la·

526 3436 646 3479 tere
666 3429 893 3495 videtur,
923 3433 1036 3483 haec
1066 3432 1375 3484 difficultate
1398 3432 1595 3483 inveni·

528 3506 651 3556 endi
689 3507 850 3571 magis
886 3509 1120 3559 arrideat
1159 3511 1386 3561 inventa.
1452 3510 1596 3561 Hinc

529 3580 820 3633 ‘familiare
855 3592 938 3637 est
975 3586 1119 3650 Syris
1159 3593 1216 3636 et
1248 3587 1473 3637 maxime
1495 3589 1598 3638 Pa·

530 3656 781 3721 laestinis,’
826 3659 995 3725 inquit
1037 3662 1095 3711 S.
1131 3661 1353 3711 Hieron.
1387 3663 1442 3711 in
1476 3677 1595 3727 cap.

532 3735 613 3781 18.
648 3734 840 3786 Matth.
895 3736 997 3786 ‘ad
1053 3752 1255 3787 omnem
1309 3752 1599 3788 sermonem

532 3823 678 3864 mum
701 3813 976 3874 parabolas
990 3814 1237 3878 jungere,
1261 3821 1321 3862 ut
1342 3814 1479 3878 quod
1503 3830 1602 3879 per

533 3884 754 3950 simplex
789 3894 1110 3953 praeceptum
1149 3890 1319 3940 teneri
1351 3892 1420 3941 ab
1456 3891 1600 3942 andi-

535 3961 735 4013 toribns
751 3978 856 4014 non
877 3970 1076 4029 potest,
1092 3980 1188 4029 per
1210 3966 1598 4019 similitudinem

531 4039 881 4103 exemplaque
905 4040 1189 4090 teneatur!
1255 4042 1398 4091 Hinc
1422 4043 1600 4107 vulga-

534 4116 594 4159 ta
614 4113 753 4175 apud
776 4112 1035 4164 Auctor-es
1058 4116 1074 4145 ‘
1097 4116 1360 4181 symbola’
1379 4133 1492 4182 quae
1514 4120 1599 4170 vel

534 4185 706 4249 rebus,
746 4189 830 4237 vel
875 4190 1066 4255 verbis,
1102 4192 1186 4242 vel
1224 4193 1445 4258 picturis
1491 4194 1601 4245 sive

536 4275 711 4312 rerum
743 4262 1045 4331 imaginibus
1080 4267 1231 4322 fiunt.
1297 4269 1416 4324 Qua
1443 4270 1510 4321 de
1543 4285 1600 4320 re

1673 2359 1880 2411 doctius
1903 2360 2026 2411 nihil
2060 2359 2162 2410 dici
2189 2366 2384 2425 potest,
2416 2374 2568 2425 quam
2592 2359 2734 2424 quod

1670 2452 1702 2488 a
1724 2437 2038 2489 nobilissimo
2059 2437 2273 2500 Huetio,
2302 2435 2606 2502 conquisitis
2640 2449 2735 2486 un·-

1671 2514 1830 2579 dique
1866 2515 2121 2578 exemplis
2164 2514 2358 2563 dicitur
2396 2513 2449 2561 in
2484 2513 2735 2575 opusculo

1673 2592 1689 2621 ‘
1713 2591 1781 2641 de
1826 2590 2046 2653 Origine
2091 2587 2525 2651 Romanensinm,'
2577 2589 2738 2653 quod,

1674 2668 1717 2717 si
1753 2669 1949 2732 placet,
1980 2668 2231 2718 consules.
2299 2664 2461 2732 Atqui
2497 2666 2736 2715 Philoso-

1672 2744 1812 2809 phia,
1833 2751 2020 2807 utpote
2052 2758 2166 2808 quae
2200 2743 2254 2791 in
2290 2742 2512 2807 quadam
2545 2743 2736 2791 mentis

1672 2820 1992 2884 cogitatione
2034 2823 2291 2881 versatur,
2336 2832 2491 2867 sensu
2530 2818 2735 2882 percipi

1672 2911 1772 2946 non
1796 2904 1972 2961 potest
1988 2912 2006 2947 e
2040 2896 2370 2961 quamobrem
2392 2895 2545 2957 hanc,
2562 2894 2739 2959 objec-

1674 2980 1730 3024 ta
1749 2973 1970 3039 quadam
2005 2988 2063 3023 re
2104 2972 2298 3037 sensili,
2317 2972 2568 3022 Boethius
2601 2972 2738 3023 arbi-

1674 3058 1839 3103 tratus
1871 3059 1953 3102 est
1989 3051 2088 3102 sibi
2109 3053 2352 3116 primum,
2373 3051 2563 3101 deinde
2585 3050 2737 3101 nobis

1672 3142 1786 3178 esse
1803 3127 2208 3192 proponendam.
2272 3126 2617 3191 Philosophiae
2653 3140 2742 3175 au·

1673 3212 1780 3254 tem
1795 3204 1877 3253 hic
1893 3209 2266 3268 proponuntur,
2285 3207 2333 3253 1.
2355 3202 2538 3267 Origo,
2558 3206 2607 3252 2.
2630 3203 2738 3253 Na-

1673 3285 1810 3344 tura,
1833 3285 1883 3331 3.
1903 3280 2159 3345 Subjecta
2173 3279 2449 3343 Materies,
2477 3283 2528 3328 4.
2546 3279 2738 3340 Voces,

1672 3363 1725 3408 6.
1748 3358 1982 3423 Species,
2003 3362 2055 3407 6.
2077 3358 2233 3407 Usus.
2743 3395 2748 3404 .

1740 3434 1786 3485 1.
1803 3434 1975 3500 igitur
1999 3432 2164 3498 Origo
2186 3431 2537 3495 Philosophiae
2560 3431 2611 3480 in
2637 3431 2738 3481 hoc

1677 3499 2005 3575 proponitur,
2048 3508 2188 3574 quod
2239 3508 2460 3558 ‘mulier
2500 3505 2637 3556 visa'
2669 3506 2741 3556 sit

1676 3586 1899 3638 Boethio
1940 3587 1957 3614 ⁴
1982 3584 2208 3635 astitisse
2241 3599 2396 3649 supra
2437 3583 2688 3634 verticem
2705 3581 2740 3634 τ’-

1678 3676 1795 3713 cum
1819 3661 1956 3711 enim
1977 3660 2314 3724 Philosophia
2345 3660 2473 3710 nihil
2496 3659 2636 3709 aliud
2657 3659 2745 3721 sit,

1679 3751 1833 3803 quam
1868 3738 2043 3787 lumen
2074 3738 2311 3786 naturale
2348 3736 2504 3801 paulo
2542 3735 2743 3798 longius

1681 3812 1942 3877 diffusum,
1975 3814 2092 3863 haec
2128 3829 2159 3862 a
2182 3813 2321 3876 Deo,
2357 3827 2390 3861 a
2421 3823 2534 3876 'quo
2568 3812 2742 3861 lumen

1676 3890 1917 3940 naturale
1946 3896 2045 3952 est,
2081 3889 2282 3939 oritur:
2318 3888 2456 3937 unde
2477 3887 2676 3937 Tullius
2696 3900 2739 3937 1.

1679 3967 1897 4017 Tuscnl.
1955 3970 1974 3995 ⁴
1993 3963 2358 4029 Philosophi&
2390 3963 2580 4028 inquit,
2602 3962 2620 3991 ‘
2640 3976 2752 4012 orn--

1679 4043 1820 4092 nium
1842 4048 2014 4091 mater
2036 4041 2244 4101 artium,
2277 4041 2466 4090 donum
2489 4046 2545 4088 et
2566 4039 2743 4088 inven-

1682 4126 1791 4168 tum
1825 4115 2089 4168 Deorum!
2151 4117 2327 4169 Quare
2359 4116 2474 4165 haec
2506 4114 2747 4164 Philoso-

1682 4194 1803 4257 phia
1825 4207 1926 4242 non
1949 4192 2043 4240 nisi
2066 4192 2116 4240 in
2138 4190 2339 4239 sublimi
2371 4191 2487 4241 loco
2508 4196 2563 4238 et
2586 4202 2749 4251 snpra

1683 4275 1845 4334 caput
1863 4267 2033 4320 videri
2056 4265 2253 4331 debuit,
2270 4271 2510 4332 tanquam
2532 4264 2598 4315 de
2614 4265 2747 4315 coelo
