3049 4928
1211 425 1521 475 Ross'rflll
1572 426 1669 474 DE
1718 427 2027 479 coNsoL.

775 573 1013 639 Haeret
1041 572 1344 659 profecto
1372 592 1594 637 semen
1622 574 1977 639 introrsum
2008 577 2199 657 veri,‘⁴

775 674 976 755 Quod
1007 676 1348 739 excitatur
1377 676 1745 741 ventilante
1785 677 2115 743 doctriua.

776 777 960 842 Nam
990 797 1108 842 cnr
1138 778 1352 860 rogati
1370 787 1390 815 ¹
1438 785 1678 862 sponte
1705 787 1888 844 recta
1920 783 2225 860 censetiS‚

774 880 874 944 Ni
903 901 1161 946 mersus
1180 889 1201 918 ⁸
1245 881 1383 945 alto
1413 882 1675 947 viveret
1704 884 1914 947 t'omes
1945 884 2199 950 corde?

514 1099 706 1149 parens,
726 1083 1028 1147 naufragavit
1047 1100 1109 1135 ex
1127 1086 1282 1134 unium
1317 1102 1496 1136 omnem
1532 1090 1696 1137 lucem.
1767 1090 1910 1138 Certe
1938 1101 2090 1137 semen
2121 1086 2342 1136 veritatis
2378 1087 2510 1135 intus
2548 1093 2721 1150 manet,

517 1153 638 1214 quod
674 1149 985 1214 diffunditur,
1013 1156 1183 1212 ugente
1222 1152 1469 1213 magistro.
1543 1154 1780 1209 Quomodo
1823 1154 1948 1202 enim
1989 1153 2278 1213 interrogati
2316 1157 2442 1201 recte
2474 1158 2716 1216 responde-

516 1215 636 1265 retis
664 1216 854 1281 proprio
876 1220 1043 1279 marte,
1078 1216 1172 1264 nisi
1196 1215 1353 1276 fomes
1385 1217 1607 1267 veritatis
1645 1220 1789 1268 menti
1824 1220 2067 1283 prosundae
2102 1218 2276 1268 insitus
2296 1215 2519 1280 vigeret?
2590 1220 2720 1274 Quod

1512 1356 1563 1405 N
1572 1357 1727 1408 01*AE

519 1467 815 1532 rumpitur‚’
851 1469 1139 1533 Sapientiae
1177 1474 1225 1521 9.
1280 1472 1294 1498 ⁴
1328 1479 1581 1534 aggravat

517 1547 756 1605 animam,
791 1551 848 1595 et
891 1553 1105 1596 terrena
1142 1548 1447 1597 inhabitatio
1491 1548 1580 1598 de-

517 1623 696 1685 primit
751 1637 956 1672 sensum
1001 1624 1165 1672 multa
1209 1625 1523 1688 cogitantem
1547 1625 1581 1673 :'

515 1704 637 1752 hine
660 1715 848 1765 corpus
869 1717 1006 1752 nunc
1029 1703 1224 1754 dicitur

581 1787 630 1821 P-
650 1780 943 1829 Obliuiosam
983 1815 997 1830 .
1029 1816 1043 1830 .
1069 1817 1082 1830 .
1131 1782 1352 1830 invehens
1393 1782 1581 1844 molera]

519 1858 678 1922 Cujus
719 1856 1086 1920 propositionis
1123 1857 1451 1918 explicaudae
1491 1857 1583 1907 du·

519 1934 643 1997 plex
668 1942 750 1982 est
771 1931 985 1982 modus:
1021 1933 1153 1981 alter
1190 1933 1493 1984 Platonicus
1530 1943 1585 1984 et

520 2012 709 2062 falsus:
746 2013 883 2061 alter
917 2011 1299 2075 philosophicus
1337 2019 1393 2061 et
1414 2028 1586 2062 verus.

520 2087 786 2139 Platonici
802 2087 1008 2153 quidem
1025 2089 1400 2152 existimarunt,
1410 2105 1588 2140 omnes

520 2168 784 2216 hominum
819 2175 1039 2229 mentes,
1064 2178 1340 2233 antequam
1363 2168 1445 2218 11ae
1469 2183 1587 2217 cum

522 2246 829 2309 corporibus
858 2248 1313 2311 conjungerentur,
1347 2247 1586 2298 conditas

521 2321 700 2384 fuisse,
727 2323 969 2387 omnique
1002 2323 1354 2373 doctrinarum
1389 2338 1584 2388 genere

522 2390 807 2448 instructas
827 2416 841 2461 ;
862 2399 953 2448 sed
972 2407 1191 2466 propter
1207 2401 1414 2468 aliquod
1437 2417 1586 2452 suum

525 2478 719 2527 crimen
755 2477 808 2526 in
843 2493 1064 2543 corpora
1103 2481 1351 2530 immissas
1391 2479 1587 2531 infelici

525 2558 837 2608 commercio
869 2560 1062 2624 omnia,
1082 2562 1244 2611 veluti
1277 2563 1462 2612 hausto
1496 2563 1586 2612 ob·

518 2633 724 2683 liviouis
760 2637 965 2700 poculo,
986 2638 1175 2687 oblitas
1209 2637 1388 2701 fuisse,
1422 2642 1496 2689 ita
1531 2648 1590 2688 ut

524 2719 580 2759 et
620 2725 806 2775 corpus
845 2713 1118 2764 oblivionis
1148 2730 1322 2780 causa,
1356 2723 1413 2765 et
1444 2731 1589 2765 meus

525 2786 640 2850 ipsa
683 2787 929 2852 deinceps
985 2790 1264 2842 addiscens
1325 2793 1591 2842 reminisci

523 2866 729 2916 dicatur
750 2885 762 2916 :
800 2869 889 2918 sed
914 2873 1172 2921 sententia
1203 2873 1317 2924 lraec
1340 2873 1471 2923 falsa
1492 2880 1592 2936 est,

526 2957 645 2992 cum
667 2959 811 2994 mens
837 2947 1058 2998 humana
1090 2965 1192 2999 non
1228 2951 1369 3014 prius
1392 2958 1592 3013 creata,

527 3035 678 3084 quam
724 3022 885 3086 ipsius
929 3027 1162 3090 corporis
1200 3025 1365 3076 forma
1416 3026 1594 3078 fuerit.

525 3096 830 3164 Philosophi
865 3116 1008 3166 vero,
1046 3104 1226 3152 saltem
1259 3103 1293 3152 ii
1336 3105 1422 3167 qui
1462 3119 1593 3167 prae-

521 3174 732 3237 judiciis
756 3192 858 3226 non
891 3179 1171 3240 ducuntur,
1208 3188 1415 3244 putant,
1446 3197 1587 3231 men·

529 3260 634 3302 tem
658 3254 928 3305 humanam
964 3258 1101 3307 inter
1135 3259 1323 3320 Deum,
1346 3259 1491 3323 cujus
1514 3259 1591 3323 ip·

527 3346 585 3380 sa
611 3341 691 3383 est
726 3332 962 3399 effectum,
997 3344 1053 3386 et
1090 3353 1300 3402 corpus,
1323 3339 1472 3403 cujus
1506 3354 1592 3388 ea-

530 3407 649 3458 dem
687 3416 768 3458 est
800 3408 982 3468 forma,
1015 3413 1234 3463 mediam
1269 3430 1300 3463 a
1334 3416 1447 3464 Deo
1481 3417 1594 3481 qui-

527 3486 645 3534 dem
672 3487 845 3536 statim
871 3489 938 3538 ab
960 3497 1077 3538 ortu
1094 3491 1302 3553 optimis
1324 3490 1595 3544 informari

530 3564 914 3627 cognitionibus
944 3565 1323 3632 affectibusque
1357 3570 1422 3618 de
1454 3585 1591 3619 sum-

529 3655 615 3690 mo
639 3640 794 3702 bono,
821 3642 912 3691 sed
937 3659 965 3692 a
989 3658 1208 3706 corpore
1243 3644 1473 3693 adversis
1506 3660 1592 3694 co-

530 3719 869 3781 gitationibus
914 3721 988 3769 ita
1019 3719 1236 3782 turbari,
1272 3721 1351 3769 his
1381 3728 1443 3771 ut
1487 3721 1592 3771 inae

528 3804 620 3846 aut
636 3798 895 3861 pellantur
912 3803 1003 3847 aut
1021 3798 1202 3847 saltem
1221 3796 1561 3849 obscurentur
1579 3816 1593 3848 :

532 3882 708 3924 tamen

597 3959 622 3992 ¹¹
657 3952 831 4001 Haeret
880 3953 1091 4017 profecto
1143 3968 1298 4004 semen
1340 3955 1596 4004 introrsum

530 4028 657 4092 veri]
691 4029 897 4094 Semen,
921 4030 1048 4079 illud
1082 4031 1287 4093 dicitur,
1305 4048 1372 4081 ex
1395 4047 1497 4098 quo
1520 4033 1595 4080 in·

530 4106 630 4155 sito
672 4106 865 4171 aliquid
904 4108 999 4170 fit3
1049 4123 1207 4172 quare
1245 4124 1423 4159 semen
1463 4109 1596 4169 veri,

529 4185 810 4234 introrsum
831 4185 942 4235 sive
964 4185 1100 4235 intra
1120 4192 1346 4236 nostram
1369 4193 1596 4235 mentem

529 4263 778 4327 existens,
799 4263 922 4312 nihil
947 4270 1029 4314 est
1065 4263 1205 4312 aliud
1230 4278 1382 4328 quarn
1408 4264 1598 4325 cogita-

532 4340 627 4403 tio,
642 4356 714 4391 ex
739 4357 841 4407 qua
862 4342 1021 4392 insita
1044 4339 1104 4390 fit
1121 4340 1566 4403 verumjudicium'
1586 4357 1598 4390 :

1664 1474 1911 1537 cogitatio
1935 1482 2106 1524 autem
2137 1474 2228 1524 illa
2264 1479 2345 1523 est
2363 1472 2536 1536 noti03
2571 1470 2723 1534 siqui-

1664 1550 1778 1600 dem
1813 1551 2070 1614 judicium
2103 1566 2283 1601 verum
2316 1566 2419 1613 non
2442 1548 2503 1600 fit
2537 1548 2633 1600 nisi
2660 1562 2722 1597 ex

1666 1629 2018 1692 praeeuntibus
2037 1628 2335 1679 notionibus
2355 1645 2368 1678 :
2393 1626 2722 1692 quamobrem

1662 1706 1701 1754 si
1735 1720 1839 1755 non
1878 1706 2124 1756 obstante
2161 1706 2359 1770 impetu
2384 1704 2636 1768 corporis,
2672 1703 2725 1750 in

1662 1789 1838 1832 mente
1859 1790 2041 1833 nostra
2061 1784 2289 1846 supersit
2320 1792 2536 1845 semper·
2561 1780 2727 1845 aliqua

1664 1858 1807 1907 notio
1830 1859 1938 1909 sive
1978 1859 2115 1918 idea,
2152 1859 2168 1889 ‘
2188 1859 2353 1908 haeret
2375 1855 2617 1922 profecto
2649 1871 2728 1905 se-

1667 1951 1787 1986 men
1830 1938 2110 1987 introrsum
2156 1937 2266 1987 veri
2285 1935 2319 1986 ι’
2372 1942 2431 1985 at
2478 1932 2727 1998 ejusmodi

1667 2015 1810 2064 notio
1854 2029 2059 2080 semper
2118 2021 2376 2078 superest,
2415 2027 2478 2063 ea
2525 2013 2728 2075 saltem,

1668 2106 1822 2156 quam
1858 2090 1927 2140 ab
1963 2098 2082 2140 ortu
2126 2090 2374 2140 divinitus
2417 2089 2729 2152 accepimus,

1669 2167 1733 2218 ab
1757 2182 1819 2217 eo
1852 2175 1908 2218 et
1931 2168 1996 2217 de
2031 2182 2093 2217 eo
2114 2168 2132 2197 ‘
2152 2167 2289 2233 quod
2323 2174 2404 2216 est
2425 2167 2457 2227 ;’
2491 2166 2728 2215 nimirum

1667 2246 1813 2294 Deo:
1848 2245 1968 2295 binc
2005 2244 2250 2295 ‘verum’
2263 2244 2524 2309 judicium
2558 2242 2733 2292 ‘exci-

1670 2330 1809 2372 tatur
1840 2323 2125 2379 ventilante
2168 2321 2440 2383 doctrina,’
2460 2327 2736 2387 quatenus,

1669 2400 1925 2466 Magistro
1960 2408 2222 2462 monente,
2241 2400 2481 2450 naturale
2512 2398 2639 2449 illud
2661 2399 2732 2447 lu·

1668 2494 1806 2543 men,
1830 2480 1997 2529 instar
2018 2480 2150 2543 ignis
2169 2494 2295 2528 aura
2317 2478 2585 2540 commoti,
2614 2491 2733 2541 pau·

1669 2557 1720 2605 lo
1758 2557 1957 2620 longius
1998 2553 2332 2606 diffunditur.
2394 2555 2595 2604 Seneca
2634 2555 2733 2616 Ep.

1668 2637 1751 2683 94.
1776 2635 1791 2660 ⁴
1808 2632 2032 2684 omnium
2052 2632 2189 2682 enim
2210 2633 2538 2682 honestarum
2560 2644 2730 2684 rerum

1669 2710 1863 2759 semina
1904 2709 2060 2759 animi
2107 2717 2317 2774 gerunt,
2354 2725 2470 2774 quae
2513 2707 2735 2757 admoni-

1674 2787 1818 2836 tione
1863 2788 2180 2845 excitantur,
2231 2801 2333 2836 non
2383 2786 2538 2835 aliter
2582 2798 2730 2849 quain

1673 2865 1904 2914 scintilla
1922 2862 2052 2914 flatu
2076 2864 2178 2914 levi
2196 2863 2372 2927 adjuta
2394 2864 2565 2927 ignem
2589 2875 2730 2912 suum

1672 2941 1937 3005 explicat?

1738 3026 1757 3051 ¹
1794 3019 1895 3067 Cur
1935 3020 2113 3083 rogati,
2147 3018 2253 3082 em]
2286 3019 2392 3069 Cur
2423 3017 2731 3083 quicumque

1673 3096 1840 3146 literis
1862 3097 2216 3160 operam'non
2249 3095 2489 3157 dedistis,
2521 3094 2733 3143 interro·

1673 3176 1781 3238 gati
1803 3175 1868 3224 de
1886 3175 1965 3239 iis,
1982 3190 2097 3240 quae
2113 3175 2269 3238 vulgo
2286 3181 2540 3225 vocantur
2562 3174 2578 3204 ‘
2596 3173 2731 3226 axio·

1672 3252 1850 3314 mata‚’
1874 3263 1931 3302 ut
1952 3253 1968 3280 ‘
1990 3267 2055 3301 an
2078 3258 2243 3302 totum
2264 3252 2334 3302 sit
2350 3265 2444 3302 sua
2461 3257 2615 3314 parte
2630 3264 2731 3301 ma·

1666 3330 1794 3393 jus3
1841 3344 1909 3378 an·
1947 3329 2098 3379 alteri
2134 3327 2426 3378 faciendum
2461 3326 2599 3391 quod
2639 3324 2735 3376 tibi

1675 3405 1786 3456 fieri
1823 3421 1926 3456 non
1966 3406 2042 3454 vis
2057 3405 2091 3454 ?’
2136 3412 2281 3455 reete
2318 3403 2737 3468 responderetis?

1677 3483 1765 3533 Sic
1789 3483 2036 3532 Socrates
2060 3490 2115 3532 et
2138 3483 2292 3532 Plato
2329 3479 2591 3545 feruntur,
2613 3495 2735 3544 pue·

1678 3573 1763 3609 ros
1808 3558 1875 3609 de
1925 3557 2316 3610 Mathematicis
2372 3557 2737 3621 interrogasse,

1675 3636 1860 3700 quibus
1900 3635 2066 3700 pueri,
2103 3648 2200 3685 ceu
2240 3633 2418 3699 periti,
2456 3633 2735 3699 responde·

1674 3714 1799 3765 rint.

1742 3798 1760 3828 ⁵
1779 3792 1869 3841 *Ni
1891 3789 2203 3855 mersus,85c.]
2232 3789 2350 3839 Nisi
2366 3788 2419 3838 in
2435 3795 2614 3839 mente
2629 3786 2737 3852 ipsa

1677 3870 1913 3936 quaednm
1944 3873 2197 3934 praeesset
2219 3867 2383 3928 notio,
2405 3882 2520 3932 quae
2541 3866 2612 3917 sit
2632 3867 2733 3917 vel-

1676 3952 1754 4000 uti
1777 3951 1940 4001 fomes
1963 3957 2020 4000 et
2054 3949 2276 3998 materia
2309 3947 2459 4010 hujus
2487 3946 2597 3996 veri
2629 3959 2734 3997 rec·

1679 4028 1824 4094 tique
1849 4026 2065 4093 judicii:
2106 4024 2244 4089 quod
2286 4025 2425 4073 enim
2463 4024 2518 4073 in
2564 4028 2733 4073 mente

1680 4105 1811 4169 ejus,
1831 4105 1917 4169 qui
1939 4117 2115 4153 caecus
2137 4107 2290 4151 natus
2321 4107 2425 4164 est,
2443 4100 2588 4149 nulla
2609 4114 2735 4163 prae·

1679 4184 1748 4233 sit
1772 4182 1891 4234 talis
1924 4181 2152 4231 colorum
2187 4182 2333 4229 notio
2373 4179 2483 4228 sive
2505 4179 2642 4241 idea,
2663 4175 2734 4226 id-

1681 4261 1822 4311 circo
1860 4258 2057 4308 frustra
2070 4256 2331 4322 ‘ejusmodi
2366 4270 2562 4306 caecnm
2587 4254 2735 4303 doce·

1684 4339 1762 4388 bis
1793 4337 2091 4405 frustraque
2119 4333 2462 4399 interrogabis
2497 4333 2564 4393 ‚de
2602 4331 2734 4384 celos
