3049 4928
555 382 688 447 452

554 542 607 591 in
631 540 803 606 quiete
842 540 1050 605 egregia
1083 541 1221 591 facie
1245 542 1492 605 juvenem
1527 542 1602 592 di-

553 634 692 681 cere,
736 618 847 668 fore
902 625 959 667 ut
1014 619 1157 668 brevi
1199 620 1607 681 convalesceret,

552 696 828 760 paucisque
864 694 1047 744 diebus
1091 690 1418 745 interiturum
1446 695 1604 744 Alex-

551 771 766 820 andrum
790 778 1081 834 tyrannum,
1116 773 1280 834 ipsum
1305 780 1475 821 autem
1499 775 1603 821 Eu-

549 854 751 905 demum
767 854 1112 919 quinquennio
1128 860 1249 917 post
1266 855 1469 904 domum
1487 868 1601 904 esse

548 932 853 982 rediturum.
920 929 1091 994 Atque
1109 932 1183 979 ita
1208 930 1411 994 quidem
1434 931 1601 994 prima

548 1008 726 1058 statim
761 1006 942 1055 scribit
964 1006 1273 1055 Aristoteles
1305 1015 1603 1067 consecuta,

548 1090 604 1132 et
624 1083 942 1133 convaluisse
977 1083 1278 1143 Eudemum,
1312 1090 1367 1130 et
1389 1082 1453 1131 ab
1480 1095 1605 1130 uxo-

546 1159 615 1208 ris
650 1157 902 1208 fratribus
926 1158 1257 1206 interfectum
1282 1167 1560 1221 tyrannum
1584 1174 1598 1208 ι

545 1234 728 1300 quinto
752 1241 929 1283 autem
950 1249 1080 1282 anno
1106 1243 1330 1283 exeunte
1363 1249 1477 1283 cum
1517 1248 1600 1283 es·

545 1317 629 1361 set
646 1325 763 1375 spes
788 1325 852 1359 ex
873 1311 959 1359 illo
983 1311 1178 1359 somnio
1202 1311 1255 1358 in
1280 1311 1510 1374 Cyprum
1536 1311 1598 1359 il-

544 1387 649 1435 lum
672 1401 737 1435 ex
757 1386 934 1435 Sicilia
960 1400 1076 1434 esse
1100 1385 1407 1445 rediturum,
1432 1387 1600 1448 praeli-

544 1468 718 1511 antem
755 1477 872 1511 eum
897 1462 959 1510 ad
991 1462 1272 1524 Syracusas
1310 1461 1593 1511 occidisset

542 1554 608 1589 ex
631 1555 731 1605 quo
754 1540 831 1590 ita
853 1541 978 1589 illud
1004 1541 1254 1589 somnium
1295 1554 1408 1590 esse
1431 1541 1599 1590 inter·

542 1623 822 1678 pretatum,
857 1623 916 1665 ut
953 1631 1067 1665 cum
1107 1615 1304 1665 animus
1326 1608 1544 1665 Eddemi
1567 1631 1599 1666 e

542 1706 762 1755 corpore
788 1692 1093 1754 excesserit,
1130 1699 1235 1740 tum
1268 1691 1475 1741 domum
1517 1707 1600 1742 re·

542 1768 765 1817 vertisse
784 1766 1054 1817 videatur!
1123 1768 1321 1817 Seneca
1353 1768 1598 1817 Praefati-

538 1855 639 1892 one
667 1843 753 1894 lib.
778 1858 816 1892 ι.
870 1844 1105 1893 Natural.
1152 1844 1352 1895 Quaest.
1409 1845 1599 1896 Cicero

540 1919 632 1967 lib.
657 1932 697 1967 1.
732 1918 798 1967 de
824 1919 1002 1980 Legib.
1041 1919 1220 1969 Vallia.

608 1994 919 2044 Bibliotheca?
954 1997 1111 2058 potius
1148 2003 1354 2061 comptos
1388 2000 1522 2049 ebore
1541 2015 1599 2050 ac

537 2070 664 2120 uitro
682 2072 913 2135 parietes]
948 2072 1120 2122 Aliter
1142 2073 1300 2137 Apul.
1322 2075 1373 2123 in
1395 2090 1473 2139 pr.
1504 2075 1600 2127 lib.

537 2160 592 2196 v.
631 2148 851 2197 Metam.
885 2149 1127 2198 ‘Summa
1164 2151 1426 2215 laquearia
1462 2152 1597 2202 citro

538 2231 596 2274 et
648 2224 807 2274 ebore
861 2226 1061 2274 curiose
1118 2235 1306 2275 cavata
1366 2227 1595 2278 subeunt

536 2314 706 2350 aureae
760 2303 1011 2351 columnae
1038 2318 1050 2351 ε
1123 2303 1352 2365 parietes
1413 2319 1594 2354 omnes

531 2382 784 2438 argenteo
857 2378 1126 2428 caelamine
1204 2380 1594 2444 conteguntur.'

535 2450 708 2503 Sitzm.
1595 2508 1598 2513 .

602 2531 825 2595 Comptos
837 2532 985 2594 ebore,
996 2547 1052 2581 ac
1072 2533 1199 2581 vitro
1210 2534 1443 2598 parietes]
1475 2536 1598 2586 Fuit

533 2607 739 2670 pictura
778 2624 860 2658 ars
901 2610 1154 2674 quondam
1191 2612 1394 2674 nobilis,
1426 2613 1598 2679 inquit

533 2684 739 2733 Plinius
755 2686 846 2735 lib.
870 2699 1045 2736 xxxv.
1069 2701 1184 2751 cap.
1209 2691 1258 2736 1.
1292 2688 1309 2716 ‘
1330 2695 1453 2739 tunc
1477 2705 1596 2741 curn

532 2768 871 2823 expeteretur
894 2778 925 2810 a
947 2762 1152 2826 regibus
1188 2763 1516 2829 populisque,
1540 2772 1598 2815 et

529 2835 645 2884 illos
686 2837 1008 2900 nobilitaret,
1042 2853 1170 2902 quos
1210 2845 1347 2888 esset
1384 2841 1614 2904 dignata·

529 2914 754 2975 posteris
776 2914 1020 2964 traderet
1056 2930 1192 2964 nunc
1210 2931 1332 2965 vero
1348 2917 1403 2965 in
1427 2925 1595 2967 totum

528 2990 869 3039 marmoribus
890 2992 1056 3055 pulsa,
1065 2991 1174 3054 jam
1197 2991 1405 3057 quidem
1424 3001 1480 3044 et
1502 3010 1594 3044 au-

529 3078 604 3126 ro,
623 3080 722 3116 nec
742 3073 942 3117 tantum
975 3075 1032 3118 ut
1068 3069 1296 3132 parietes
1336 3070 1437 3120 toti
1470 3085 1594 3135 ope-

526 3142 750 3206 riantur,
771 3159 946 3195 verum
971 3152 1027 3194 et
1046 3146 1301 3195 interraso
1318 3161 1594 3214 marmore,

526 3212 874 3268 vermiculatis
893 3219 957 3269 ad
994 3218 1189 3284 effigies
1219 3234 1390 3270 rerum
1414 3229 1470 3273 et
1486 3223 1593 3273 ani·

527 3294 737 3343 malium
762 3297 987 3348 crustis!
1038 3300 1294 3363 Raraeque
1313 3301 1592 3351 lautiorum

530 3368 671 3419 aedes
695 3371 784 3421 ubi
819 3375 1082 3423 lacunaria
1116 3390 1240 3425 auro
1269 3383 1454 3426 ornata
1486 3392 1606 3427 non

529 3454 720 3497 essent.
756 3450 940 3513 Virgil.
959 3451 1159 3500 AEneid.
1177 3466 1215 3502 1.
1235 3453 1251 3480 ‘
1270 3453 1592 3516 Dependent

526 3521 700 3584 lychni
721 3525 1047 3590 laquearibus
1065 3527 1273 3578 aureis.’
1325 3530 1442 3580 Nec
1463 3546 1590 3582 auro

529 3599 714 3661 solum,
767 3602 858 3659 sed
914 3603 1070 3653 ebore
1138 3606 1312 3656 etiam.
1397 3607 1589 3661 Horat.

528 3673 701 3724 Carm.
726 3676 812 3726 lib.
838 3691 902 3726 11.
953 3680 969 3707 ‘
990 3679 1113 3728 Non
1135 3680 1266 3730 ebur
1304 3696 1475 3747 neque
1499 3700 1590 3734 au-

527 3762 669 3797 reum
705 3751 830 3800 Mea
850 3753 1055 3803 renidet
1078 3755 1131 3803 in
1156 3755 1311 3806 domo
1347 3759 1591 3811 lacunar.'

529 3824 730 3875 Seneca
766 3828 859 3878 lib.
905 3843 943 3879 ῐ.
982 3831 1106 3881 Nat.
1149 3832 1348 3884 Quaest.
1385 3835 1403 3863 ‘
1426 3837 1589 3886 Lacu-

525 3901 670 3950 naria
713 3903 870 3954 ebore
904 3904 1196 3970 fulgentia.’
1264 3911 1384 3961 Non
1425 3913 1589 3976 igitur

525 3976 709 4028 mirum
748 3982 811 4045 si,
855 3998 985 4033 cum
1016 3985 1280 4036 domorum
1320 3989 1588 4039 lacunaria

525 4068 654 4105 auro
680 4063 734 4107 et
756 4058 936 4123 ebore,
962 4064 1192 4125 parietes
1226 4079 1351 4114 vero
1381 4080 1508 4115 auro
1531 4073 1587 4116 et

524 4145 780 4185 marmore
806 4143 1132 4202 tegerentur,
1164 4140 1436 4191 Boetianae
1461 4157 1587 4207 quo·

526 4222 626 4271 que
665 4212 1005 4265 Bibliothecae
1047 4216 1279 4278 parietes
1332 4217 1489 4267 ebore
1531 4224 1589 4268 et

522 4284 658 4335 vitro
677 4291 875 4353 compti
898 4297 1101 4342 essent:
1139 4292 1272 4341 vitro
1289 4301 1461 4344 autem
1480 4292 1586 4344 for·

1250 398 1464 445 NOTAE
1513 397 1913 448 vAluoRuM
1968 400 2047 448 ΙΝ

1681 549 1820 593 tasse
1858 543 2243 608 diversicolore,
2284 544 2420 594 unde
2457 544 2728 594 Bibliothe-

1678 633 1789 668 cam
1814 619 2041 683 ingresso
2079 622 2238 671 variae
2277 637 2456 685 eaeque
2488 622 2729 685 jucundae

1679 696 2017 747 redderentur
2078 698 2344 763 imagines.
2436 698 2589 750 Quod
2644 712 2730 747 suo

1680 779 1913 837 tempore
1955 775 2029 823 ita
2064 774 2116 823 iu
2158 790 2248 824 usu
2287 774 2454 825 'fuisse
2494 775 2733 824 observat

1678 849 1878 898 Plinius
1903 850 1995 901 lib.
2035 864 2243 901 xxxvr.
2273 858 2332 899 nt
2370 852 2558 900 vitrum
2583 849 2735 900 Obsi·

1677 926 1902 988 diauum,
1928 927 2214 990 parietibus
2248 927 2499 991 applicari
2520 942 2734 977 consue-

1677 1010 1805 1066 tum,
1829 1019 1921 1067 pro
1941 1005 2161 1067 imagine
2185 1005 2389 1056 umbras
2412 1004 2638 1054 reddere
2660 1019 2735 1053 so-

1674 1080 1820 1147 litum
1845 1058 2010 1133 nofet.
2074 1082 2091 1110 ‘
2111 1082 2173 1131 In
2195 1096 2384 1144 genere
2405 1081 2527 1131 vitri
2551 1088 2608 1131 et
2627 1080 2735 1130 Ob·

1674 1156 1870 1206 sidiana
1892 1166 2241 1219 numerantur,
2259 1157 2324 1206 ad
2343 1156 2731 1206 similitudinem

1672 1233 1857 1294 lapidis
1879 1249 2032 1299 quem
2052 1235 2105 1284 in
2125 1235 2386 1299 AEthiopia
2406 1234 2608 1284 invenit
2631 1233 2735 1284 Ob·

1673 1308 1854 1371 sidius,
1899 1309 2164 1374 nigerrimi
2207 1312 2411 1373 coloris,
2458 1310 2735 1375 aliqnando

1673 1391 1728 1433 et
1763 1386 2089 1447 translucidi,
2121 1387 2373 1436 crassiore
2407 1386 2541 1447 visu,
2575 1392 2732 1451 atque

1672 1461 1725 1509 in
1750 1461 1977 1525 speculis
2001 1462 2257 1526 parietum
2277 1477 2371 1525 pro
2389 1462 2614 1526 imagine
2631 1475 2735 1511 um-

1671 1536 1792 1587 bras
1828 1538 2121 1589 reddente?
2183 1539 2351 1589 Porro
2376 1538 2640 1603 ejusmodi
2663 1537 2737 1589 vi-

1673 1622 1755 1670 tra
1794 1621 1850 1666 et
1895 1617 2105 1679 specula
2146 1630 2241 1679 per
2278 1614 2521 1665 cubicula
2566 1615 2738 1679 dispo·

1673 1691 1837 1741 suisse
1873 1692 2115 1754 Veteres,
2154 1706 2270 1756 quoe
2309 1705 2446 1740 nunc
2489 1692 2739 1755 majores,

1671 1781 1808 1816 nunc
1853 1767 2079 1816 minores
2118 1766 2249 1831 ipsis
2286 1765 2440 1816 rebus
2482 1766 2737 1830 imagines

1671 1842 1972 1907 redderent,
1997 1857 2152 1892 nemo
2185 1849 2267 1892 est
2289 1842 2378 1907 qui
2400 1843 2623 1905 nesciat,
2654 1844 2738 1892 cni

1669 1919 1825 1969 modo
1849 1920 1957 1970 vita
1989 1919 2222 1981 Horatii,
2251 1933 2403 1983 quam
2426 1918 2599 1969 edidit
2615 1921 2735 1969 Pet.

1670 1996 1930 2059 Nunnius,
1968 1997 2106 2046 lecta
2149 1996 2249 2057 sit3
2301 2003 2393 2046 aut
2428 1995 2613 2046 fabula
2647 1998 2737 2046 illa

1669 2073 1845 2123 Hostii
1870 2074 1939 2138 [si
1960 2079 2134 2123 tamen
2154 2072 2293 2122 istud
2318 2077 2629 2136 portentum
2651 2073 2738 2121 lio-

1668 2149 1820 2199 minis
1859 2147 2224 2199 nominandum
2268 2149 2372 2212 est]
2411 2148 2553 2213 apud
2578 2150 2734 2199 Sene·

1668 2239 1780 2275 cam
1795 2224 1884 2276 lib.
1905 2239 1943 2275 ι.
1967 2227 2094 2276 Nat.
2118 2226 2319 2279 Quaest.
2357 2225 2539 2275 Vallia.

1732 2302 1924 2354 Mau-R.
1947 2308 1998 2352 6.
2055 2304 2177 2352 Cum
2201 2301 2370 2354 Phoebi
2385 2302 2545 2352 radiis
2561 2301 2732 2365 grace]

1666 2379 1849 2429 Manil.
1872 2379 1960 2429 lib.
1996 2392 2037 2429 1.
2085 2379 2101 2407 ‘
2126 2379 2261 2428 Solis
2303 2377 2465 2428 radiis
2501 2377 2733 2428 ardescit

1667 2455 1894 2507 torridus
1920 2453 2046 2506 aar!
2077 2454 2256 2506 Sitzm.

1737 2534 1915 2584 Cancri
1933 2531 2086 2597 sidus]
2144 2533 2292 2583 Idem
2315 2532 2406 2583 lib.
2428 2545 2523 2583 111.
2559 2533 2576 2561 ‘
2600 2535 2734 2583 Can-

1670 2611 1747 2659 cri
1788 2625 1904 2660 cum
1945 2609 2116 2659 sidere
2159 2609 2388 2659 Phoebus
2438 2608 2730 2659 Solstitinm

1669 2685 1816 2748 facit,
1860 2691 1917 2736 et
1946 2701 2146 2737 summo
2176 2692 2419 2737 versatur
2459 2683 2729 2750 Olympo.'

1669 2763 1822 2813 Idem.

1735 2839 1992 2902 Inoestuat]
2036 2839 2194 2890 Silius
2228 2837 2324 2889 lib.
2343 2853 2383 2892 1.
2434 2840 2450 2868 ‘
2476 2836 2727 2888 AEstifero

1670 2915 1835 2980 Libye
1858 2922 2128 2980 torquetur
2150 2915 2356 2965 subdita
2375 2913 2620 2964 Cancro.'
2652 2914 2726 2963 Id.

1732 2994 1852 3043 Tam
1871 2993 1976 3057 qui]
2029 2992 2244 3043 Boe‘tius
2266 3007 2381 3042 cum
2404 2993 2510 3043 ista
2536 2993 2725 3043 scribe·

1667 3074 1770 3132 ret,
1802 3068 1913 3118 sine
1941 3068 2212 3119 dubietate
2250 3069 2304 3118 in
2342 3068 2516 3119 auimo
2549 3069 2728 3118 babuit

1665 3144 1822 3194 hosce
1866 3159 2042 3194 versus
2082 3145 2397 3209 Virgilianos
2442 3145 2648 3210 Georg.
2690 3159 2727 3195 1.

1664 3220 1681 3248 ‘
1699 3221 1955 3271 Ardentis
1972 3220 2199 3272 decedat
2219 3222 2372 3271 stella
2383 3236 2597 3272 coronae
2621 3223 2725 3271 De·

1666 3295 1780 3347 bita
1802 3312 1956 3363 quam
1997 3298 2153 3348 sulcis
2185 3298 2477 3348 committas
2513 3298 2728 3359 semina,

1667 3386 1922 3439 quamque
1960 3374 2146 3424 Invitae
2169 3388 2416 3439 properes
2439 3373 2563 3423 anui
2583 3388 2728 3438 spem

1665 3451 1884 3501 credere
1907 3458 2079 3500 terrae.
2144 3450 2300 3500 Multi
2339 3457 2462 3499 ante
2481 3463 2725 3499 occasum

1664 3527 1825 3577 Maiae
1870 3541 2083 3591 cepere,
2126 3526 2217 3576 sed
2261 3526 2375 3576 illos
2423 3527 2728 3589 Expectata

1664 3617 1815 3667 seges
1837 3602 1978 3652 vanis
2001 3602 2158 3653 elusit
2179 3600 2389 3652 aristis!
2422 3601 2578 3651 Idem.
2615 3638 2616 3641 ,
2687 3630 2692 3636 ·

1726 3678 1885 3729 Sulcis
1900 3680 2080 3729 semina
2098 3679 2326 3743 aedidit]
2374 3679 2566 3727 Totum
2590 3677 2725 3725 hunc

1660 3770 1869 3806 versum
1890 3757 2101 3806 Tibullo
2123 3755 2284 3806 debet
2303 3760 2481 3804 noster
2501 3753 2726 3815 Auctor,

1664 3832 1753 3896 qui
1784 3831 1878 3884 lib.
1919 3846 1982 3883 11.
2017 3834 2167 3897 Eleg.
2209 3833 2305 3883 ult.
2357 3830 2530 3895 ‘Spes
2568 3828 2723 3879 sulcis

1661 3909 1835 3960 credit
1856 3909 2017 3959 aratis
2038 3909 2268 3971 Semina,
2300 3922 2417 3973 quae
2438 3920 2631 3971 magno
2650 3903 2724 3955 fe·

1660 4005 1787 4041 nore
1805 3990 1993 4040 reddat
2011 3988 2175 4054 ager!
2207 3989 2362 4038 Idem.

1723 4065 1923 4130 Elusus]
1971 4065 2159 4116 Manil.
2188 4064 2280 4114 lib.
2316 4078 2359 4114 1.
2406 4063 2424 4092 ‘
2441 4061 2719 4126 Nunquam

1660 4141 1896 4193 futilibus
1952 4141 2239 4192 excanduit
2289 4139 2499 4206 ignibus
2540 4138 2717 4196 aether,

1659 4218 2009 4284 Squalidaqne
2032 4218 2164 4268 elusi
2185 4218 2467 4282 deplorant
2487 4230 2616 4266 arva
2634 4227 2714 4262 co-

1660 4296 1787 4361 loni,
1810 4297 1879 4347 Et
1902 4295 2108 4347 steriles
2131 4295 2267 4346 inter
2289 4296 2461 4345 sulcos
2486 4292 2707 4345 defessus
