3049 4928
462 388 602 454 356
1137 386 1477 449 moerim
1507 386 1624 448 sz
1671 398 1982 448 consor„

900 534 1160 634 Aspice
1192 549 1435 614 summi
1467 547 1764 613 culmina
1794 548 1973 614 coeli.

910 653 1062 719 Illic
1080 653 1273 738 justo
1300 652 1552 718 foedere
1579 672 1794 716 rerum

905 756 1221 824 Veterem
1252 758 1522 822 servant
1544 755 1766 821 sidera
1792 763 2079 840 pacem.'
2642 752 2695 817 5*

912 862 980 928 N
986 884 1072 927 on
1105 863 1225 928 Sol
1252 847 1453 927 rutilo
1484 861 1790 927 concitus
1822 861 1978 943 igne

909 965 1226 1032 Gelidum
1256 967 1555 1032 Phoebes
1591 965 1869 1051 impedit
1897 983 2133 1030 axem:

913 1066 1061 1135 Nec
1094 1091 1249 1154 quae
1282 1089 1544 1134 summo
1573 1071 1823 1134 vertice
1846 1066 2079 1133 mundi

914 1170 1163 1240 Flectit
1191 1175 1468 1260 rapidos
1496 1173 1683 1238 Ursa
1709 1177 2000 1252 meatuS,

915 1278 1285 1364 Nunquam
1316 1278 1605 1344 occiduo
1636 1278 1777 1344 lota
1805 1274 2166 1362 profundo,

916 1379 1153 1447 Cetera
1184 1386 1461 1448 cernens
1491 1382 1712 1447 sidera
1739 1381 1973 1464 mergi,

918 1485 1126 1570 Cupit
1155 1485 1439 1551 Oceano
1469 1487 1725 1568 tingere
1755 1483 2110 1549 flammas.⁵

920 1590 1198 1673 Semper
1222 1589 1488 1653 vicibus
1520 1588 1840 1671 temporis
1874 1586 2089 1670 aequis

916 1691 1183 1775 Vesper
1212 1711 1395 1756 seras
1425 1690 1687 1755 nuntiat
1718 1691 2011 1766 umbras,

921 1794 1346 1877 Revehitque
1376 1793 1554 1858 diem
1586 1792 1856 1858 Lucifer
1885 1794 2155 1857 almum.

921 1896 1038 1961 Sic
1069 1902 1364 1961 aeternos
1393 1897 1608 1963 reficit
1639 1888 1879 1962 cursus

923 1998 1252 2065 Alternus
1285 2022 1507 2066 amor:
1555 2003 1654 2067 sic
1684 2001 2021 2084 astrigeris

2492 1246 2698 1338 “io

2611 1791 2701 1855 15

494 2225 607 2271 dera
631 2222 828 2272 vertices
845 2222 946 2271 coeli
968 2221 1193 2271 sublimis.
1263 2221 1365 2272 Hic
1385 2227 1521 2271 astra
1543 2222 1753 2270 retinent
1788 2224 2082 2273 concordiam
2103 2225 2348 2289 antiquam
2369 2238 2549 2285 rerum,
2580 2226 2714 2271 certo

481 2290 683 2347 soedere.
751 2287 837 2355 Sol
855 2293 1022 2351 raptus
1048 2288 1250 2353 flamma
1274 2288 1516 2350 splendida
1554 2302 1647 2336 non
1680 2288 1880 2351 impedit
1913 2304 2102 2338 currum
2127 2291 2374 2353 frigidum
2408 2289 2591 2338 Lnnoe:
2629 2302 2719 2337 ne-

495 2369 583 2416 que
612 2355 753 2416 Ursa,
776 2368 881 2416 quoe
905 2353 1108 2403 vertitur
1129 2353 1256 2402 circa
1276 2367 1508 2402 summum
1523 2354 1688 2415 polum
1708 2355 1891 2415 mnndi,
1913 2355 2023 2405 licet
2044 2356 2154 2405 hine
2176 2371 2412 2420 nunqnam
2432 2352 2716 2413 ablutafue-

496 2419 564 2467 rit
585 2433 752 2469 oceano
775 2420 981 2477 occiduo,
1003 2418 1114 2469 inde
1136 2434 1244 2468 vero
1265 2419 1424 2469 videat
1450 2422 1609 2468 cetera
1631 2424 1763 2468 astra
1785 2420 1930 2483 ablui,
1952 2424 2114 2471 studet
2134 2422 2324 2482 abluere
2344 2436 2453 2472 suos
2473 2421 2610 2483 ignee
2630 2420 2719 2472 hoc

496 2486 655 2533 eodem
699 2485 839 2534 mari.
907 2486 1103 2547 Semper
1146 2487 1336 2534 alterna
1371 2485 1454 2534 sed
1497 2484 1638 2545 justa
1675 2486 1958 2535 successione
1997 2491 2221 2551 temporis
2263 2487 2402 2537 scena
2444 2485 2719 2549 vespertina

497 2548 678 2598 indicat
701 2551 913 2599 tenebras
933 2557 1200 2608 nocturnas,
1233 2552 1484 2612 eademque
1517 2550 1654 2598 stella
1686 2553 1919 2599 matutina
1940 2553 2089 2612 refert
2113 2556 2260 2602 lucem
2270 2553 2559 2613 foecundum.
2631 2550 2722 2599 Sic

498 2630 630 2664 amor
649 2617 916 2679 reciprocus
949 2622 1141 2680 reparat
1167 2620 1321 2665 motus
1336 2620 1589 2680 perpetuos
1604 2631 1621 2664 .·
1648 2616 1718 2663 sz’c
1746 2616 1917 2665 bellum
1949 2618 2128 2667 discors
2147 2621 2344 2681 ejectum
2366 2622 2439 2668 est
2458 2633 2483 2667 e
2503 2615 2716 2680 regioni-

1418 2761 1790 2781 MOmN

563 2850 592 2893 5
628 2846 862 2910 Uterque
901 2846 1099 2897 Thuan.
1138 2855 1195 2896 et
1238 2848 1367 2911 Reg.
1411 2847 1629 2909 tinguere
1649 2847 1997 2913 flammam—6
2029 2847 2225 2895 Durare
2265 2850 2440 2908 queunt
2462 2845 2604 2896 Vici.
2637 2860 2717 2896 se·

1493 2979 1708 3030 NOTAE

505 3074 736 3123 videmus
784 3076 1044 3124 observari
1091 3078 1312 3139 primum
1360 3076 1568 3140 quidem
1651 3085 1908 3140 movetur,
1929 3084 1987 3126 ut
2019 3078 2178 3125 Lunae
2203 3074 2481 3124 circuitum
2504 3088 2603 3122 non
2626 3072 2717 3120 im·

503 3153 558 3208 ¹in
604 3151 893 3214 sideribus3
928 3153 1118 3203 deinde
1163 3155 1217 3203 in
1263 3154 1567 3215 elementis;
1653 3157 1848 3220 pediat.
1914 3155 2167 3205 Similiter
2206 3151 2408 3203 ‘Ursa’
2449 3153 2589 3215 polo,
2633 3150 2717 3198 cui

506 3238 691 3291 postea
726 3230 776 3277 in
816 3230 940 3292 ipsis
976 3232 1096 3279 anui
1137 3232 1570 3295 tempestatibus3
1652 3248 1838 3284 nomen
1863 3231 2303 3293 dedit,vicinaita
2321 3243 2561 3279 movetur
2583 3229 2718 3277 circa

507 3306 733 3370 denique
751 3307 799 3353 in
819 3308 1055 3374 erunibus
1073 3310 1377 3373 corporibus
1397 3310 1572 3358 viven-

510 3384 679 3432 tibus:
734 3383 799 3431 de
844 3384 1030 3448 quibus
1071 3401 1298 3440 seorsum
1338 3386 1572 3435 Philoso-

512 3463 633 3524 phia
657 3463 859 3511 dictura
878 3472 975 3513 est.

573 3544 591 3569 ¹
628 3536 826 3586 Servant
860 3539 1018 3587 sidera
1046 3539 1234 3603 pacem]
1271 3555 1309 3590 1.
1345 3541 1577 3590 Praedic·

512 3622 581 3663 tae
604 3613 961 3664 Providenti‘ae
987 3618 1125 3679 leges
1164 3617 1503 3676 observantur
1526 3618 1577 3666 iu

514 3692 789 3753 sideribuS‚
837 3692 1072 3743 nimirum
1129 3694 1180 3742 in
1225 3694 1366 3755 Sole,
1415 3695 1579 3756 Luna,

515 3771 669 3831 Ursa,
725 3768 969 3818 Lucifero
1022 3778 1077 3820 et
1135 3770 1325 3820 ceteris
1398 3771 1580 3820 stellis·

519 3847 648 3895 Nam
676 3845 906 3909 quamvis
927 3846 1017 3895 Sol
1044 3847 1118 3896 ita
1142 3848 1211 3896 sit
1232 3856 1418 3910 eorpus
1452 3846 1582 3896 luci-

516 3922 657 3984 dum,
702 3931 759 3972 ut
802 3923 929 3984 ignis
984 3925 1160 3973 baberi
1208 3926 1390 3987 possit,
1427 3926 1582 3987 juxta

515 4002 646 4049 illud
674 4002 820 4051 Eecl.
844 4006 925 4051 43.
974 4004 990 4032 ‘
1015 4003 1102 4052 Sol
1119 4018 1339 4053 exurens
1361 4010 1582 4063 montes),

485 4093 486 4096 ’
518 4079 692 4142 radios
713 4080 890 4143 igneos
926 4079 1253 4139 exsufflans3’
1289 4080 1435 4128 Luna
1460 4083 1583 4127 vero

517 4155 589 4204 ita
612 4171 799 4218 corpus
835 4165 1152 4220 opacum,ut
1189 4156 1287 4204 nisi
1324 4156 1490 4203 alieno
1514 4156 1587 4204 lu-

519 4232 656 4282 mine
698 4234 952 4293 reluceat,
991 4232 1181 4295 frigida
1229 4233 1397 4295 potins
1433 4247 1584 4296 quam

520 4308 688 4358 calida
722 4308 903 4357 haberi
940 4307 1147 4371 debeat,
1178 4308 1263 4357 Sol
1299 4315 1471 4356 tamen
1509 4308 1586 4356 ita

1656 3310 1877 3360 eundem
1910 3311 2105 3373 polum,
2144 3318 2203 3359 ut
2242 3308 2602 3359 occidentibus
2637 3319 2717 3355 ce-

1658 3389 1783 3435 teris
1840 3386 2098 3435 sideribus
2163 3400 2427 3450 nunquam
2498 3381 2719 3432 occidat.

1661 3464 1776 3512 Nec
1792 3477 1939 3512 secus
1963 3461 2206 3524 ‘Venus,'
2229 3476 2345 3526 quae
2371 3460 2583 3509 alternis
2604 3471 2719 3506 noc-

1661 3525 2026 3603 tem'diemque
2052 3537 2394 3602 praenuntiat,
2411 3550 2558 3585 mane
2576 3533 2721 3584 Luci·

1660 3615 1762 3676 fer,
1803 3630 1919 3663 sero
1961 3615 2187 3679 Vesper,
2228 3615 2359 3663 nihil
2404 3609 2719 3663 obstantibus

1662 3695 1848 3747 ceteris
1871 3694 2022 3743 astris
2056 3693 2474 3743 constantissime
2509 3706 2618 3741 suas
2646 3688 2717 3737 al-

1663 3779 1839 3822 ternat
1863 3771 2018 3821 vices.
2083 3772 2266 3835 Usque
2291 3769 2423 3819 adeo
2451 3783 2618 3818 verum
2640 3770 2723 3820 est

1663 3847 1835 3897 sidera
1880 3848 2216 3911 praescriptas
2261 3846 2611 3896 Providentiae
2647 3842 2720 3894 le-

1668 3940 1757 3989 ges
1803 3924 2101 3972 observare.
2166 3923 2272 3972 Sed
2314 3924 2380 3971 de
2416 3927 2431 3951 ‘
2462 3916 2721 3971 Lucifero'

1665 3999 1841 4049 Metro
1877 4006 1924 4049 5.
1965 3999 2052 4049 lib.
2076 4014 2115 4048 1.
2149 3999 2215 4049 de
2242 4004 2256 4027 ‘
2281 4001 2417 4049 Ursa
2435 3999 2449 4017 '
2487 3998 2647 4047 Metro
2664 3998 2719 4042 5.

1666 4078 1700 4126 1.
1722 4091 1800 4125 1v.
1821 4084 1874 4126 et
1911 4077 1977 4124 de
2003 4076 2279 4138 sideribuS,
2303 4092 2436 4142 quae,
2461 4090 2566 4125 cum
2588 4071 2723 4121 occi·

1665 4153 1817 4215 dunt,
1843 4152 2010 4217 poetis
2045 4153 2289 4203 dicuntur
2328 4166 2517 4202 oceano
2547 4145 2723 4219 mergi,

1666 4230 1855 4294 passim
1881 4229 2079 4279 dictum
2105 4236 2202 4279 est.
