3049 4928
536 395 667 461 526

608 553 707 611 Qun·
727 552 952 603 oblectari
987 554 1107 603 vitio
1137 554 1393 618 nequeunt]
1428 555 1599 606 Nemo

538 631 645 681 'tam
669 633 886 681 mucosis
907 632 1138 693 naribus,
1156 642 1213 681 ut
1238 633 1478 682 mendum
1496 646 1599 681 non

538 708 903 770 persentiscat.
956 715 1152 772 quanto
1200 709 1382 758 melius
1430 716 1488 758 ut
1533 723 1601 757 ex

538 783 748 847 scriptis
785 785 1030 848 reposui?
1062 784 1145 848 qui
1185 784 1435 833 obluctari.
1503 785 1602 834 Co-

536 861 659 911 lum.
692 861 826 911 libro
867 875 970 909 vn.
1039 861 1245 912 ‘Quum
1283 861 1335 909 in
1374 861 1601 924 proscin-

535 937 724 999 dendo,
754 945 844 987 eut
867 937 1061 986 duriori
1082 937 1192 985 solo
1217 945 1308 985 sut
1330 938 1499 986 obviae
1523 951 1603 985 ra·

536 1015 638 1065 dici
654 1016 969 1076 obluctatus,
986 1013 1231 1064 convellit
1253 1012 1454 1063 armos?
1478 1013 1602 1062 Ber-

537 1097 665 1141 nart.
689 1095 696 1102 ”

604 1169 834 1218 Ordinem
854 1168 1028 1217 retinet
1052 1173 1296 1231 servatque
1337 1166 1599 1230 Naturam]

532 1246 776 1295 Socrates
814 1253 868 1293 et
889 1244 1055 1294 Stoici
1081 1246 1324 1295 virtutem
1344 1260 1409 1294 ex
1436 1245 1601 1295 Natu—

533 1337 592 1373 rs
614 1323 861 1372 dicebant
884 1335 1020 1386 esse,
1044 1335 1158 1386 quae
1186 1334 1394 1384 prorsus
1417 1322 1598 1370 abbor-

534 1408 679 1451 reret
701 1416 732 1450 a
755 1400 897 1448 vitiis
926 1414 941 1446 ε
971 1413 1189 1464 quorum
1213 1400 1265 1447 in
1288 1399 1598 1447 sententiam

533 1484 650 1529 toto
674 1478 844 1528 auimo
867 1477 980 1528 abit
1013 1478 1079 1527 Β.
1118 1477 1396 1541 Angustia.
1418 1475 1507 1527 lib.
1530 1489 1597 1525 11.

531 1555 601 1605 de
637 1556 750 1606 Civ.
793 1556 914 1618 Dei,
949 1570 1066 1619 cap.
1091 1559 1172 1605 17.
1196 1555 1270 1605 ita
1303 1553 1593 1619 loquendo:

526 1636 544 1666 ⁸
565 1633 761 1683 Vitium
788 1640 972 1682 contra
1007 1640 1245 1681 naturam
1282 1639 1379 1693 est,
1409 1638 1470 1679 ut
1493 1644 1595 1680 non

533 1710 719 1774 possit,
760 1709 862 1759 nisi
919 1724 1109 1759 nocere
1150 1708 1390 1758 naturaeR
1455 1707 1596 1757 Vide

527 1786 722 1837 ibidem
768 1787 965 1837 Ludov.
988 1787 1193 1836 Vivem.
1230 1787 1402 1835 Multo
1436 1786 1594 1835 etiam

526 1865 582 1915 in
617 1864 835 1914 eandem
869 1864 1179 1915 sententiam
1198 1870 1320 1912 sunt
1355 1862 1495 1926 apud
1520 1862 1592 1911 D.

530 1942 975 2005 chrysostomum,
992 1957 1056 1991 ex
1079 1956 1182 2005 quo
1199 1943 1311 1991 hoec
1329 1947 1594 1990 mutuatus

529 2025 608 2068 est
630 2018 999 2067 disertissimus
1017 2017 1191 2066 Vives.
1262 2018 1428 2069 Quam
1461 2018 1593 2067 scite

531 2102 707 2145 sutem
732 2108 794 2144 ac
815 2094 1080 2156 sapienter
1099 2094 1357 2144 Pindarus
1375 2095 1590 2160 Olymp.

528 2185 611 2221 lx.
654 2170 718 2219 Τὸ
736 2169 788 2219 δὲ
825 2172 938 2234 φυᾷ,
960 2168 1211 2234 κράτιστον
1249 2169 1389 2224 ὅταν.
1423 2173 1493 2223 Et
1516 2174 1591 2223 Ο·

527 2250 689 2314 lymp.
736 2264 799 2301 11.
848 2248 1024 2312 Σοφὸς,
1052 2251 1078 2297 ὁ
1106 2250 1271 2300 πολλὰ
1305 2250 1436 2301 εἰδὼς
1474 2254 1590 2316 φυᾷ.

531 2328 602 2377 Et
625 2327 837 2391 Olymp.
862 2340 993 2376 xlu.
1028 2326 1247 2390 Ἀμαχον
1278 2327 1330 2377 δὲ
1350 2326 1517 2392 κρύψαι
1532 2328 1592 2378 τὸ

517 2402 755 2468 ,συγγενὲς
783 2402 909 2463 ἦθος.
976 2405 1107 2455 Inde
1139 2406 1204 2458 Q.
1243 2407 1389 2456 Cur«.
1415 2407 1504 2457 lib.
1534 2422 1590 2457 x.

524 2483 601 2532 ita
637 2483 817 2533 scribit
856 2483 923 2534 de
962 2484 1289 2534 Alexandro:
1324 2485 1589 2534 ‘Hercule

516 2560 665 2624 juste
725 2561 1100 2610 aestimantibus
1149 2562 1361 2624 Regem,
1405 2562 1589 2626 liquet,

525 2636 664 2686 bons
685 2645 884 2687 naturae
906 2639 1017 2701 ejus
1030 2636 1209 2700 fuisse,
1228 2639 1357 2687 vitia
1380 2639 1461 2687 vel
1483 2637 1588 2689 for-

524 2718 663 2763 tunoe
686 2715 770 2763 vel
795 2714 1002 2764 aetatisl
1033 2715 1208 2765 Sitzm.

595 2790 855 2855 Verumque
887 2793 1019 2841 illam
1045 2793 1265 2841 Platonis
1284 2806 1382 2842 esse
1402 2797 1587 2841 senten·

523 2867 641 2916 tiam
663 2868 807 2930 liquet
823 2884 844 2927 ;
884 2869 1041 2929 Solos,
1061 2870 1184 2932 quod
1204 2869 1491 2929 desiderent,
1503 2869 1587 2929 fa-

521 2960 627 2995 cere
682 2961 818 3011 posse
860 2948 1100 3010 sapientes
1116 2963 1132 2996 .·
1182 2946 1416 3009 improbos
1474 2961 1586 2995 cero

522 3037 742 3072 exercere
762 3023 947 3086 quidem
968 3024 1089 3086 quod
1122 3023 1302 3081 libeut3
1334 3025 1458 3085 quod
1478 3037 1587 3072 vero

521 3101 805 3164 desiderent,
840 3103 1027 3164 explere
1045 3115 1139 3149 mm
1157 3100 1310 3163 posse]
1346 3100 1427 3148 Ex
1452 3101 1587 3150 Gor·

520 3178 606 3240 gia
642 3178 877 3228 Platonis
918 3184 1197 3240 sumptum,
1234 3177 1319 3226 ubi
1341 3177 1586 3226 Socrates

520 3254 588 3303 sd
608 3256 822 3305 Polum:
858 3252 1074 3303 ‘Assero
1103 3253 1365 3318 equidem,
1381 3269 1412 3302 o
1435 3254 1585 3311 Pole,

521 3336 624 3378 tum
667 3334 904 3379 rhetores
944 3345 1094 3394 qnam
1142 3340 1389 3395 tyrannos
1435 3331 1585 3379 mini-

520 3420 653 3454 mam
671 3406 723 3454 in
745 3406 1044 3457 civitatibus
1064 3407 1259 3456 hebere
1277 3408 1587 3472 potentiam,

519 3481 948 3545 quemadmodum
983 3485 1137 3547 paulo
1172 3492 1293 3533 ante
1316 3485 1583 3535 dicebam:

520 3557 647 3606 nihil
672 3558 807 3606 enim
846 3557 932 3621 (ut
954 3560 1030 3607 ita
1054 3558 1298 3622 dixerim)
1319 3560 1492 3610 facere
1517 3575 1584 3610 ex

515 3637 597 3687 his
631 3653 749 3703 quae
788 3638 989 3698 volunt,
1023 3635 1197 3687 fucere
1233 3644 1408 3685 tamen
1445 3638 1583 3702 quod

515 3714 614 3764 sibi
651 3713 983 3778 opinantibus
1017 3713 1269 3776 optimum
1308 3713 1585 3763 videatur?

515 3790 789 3840 Illustrans
832 3789 1136 3853 Philosophi
1173 3789 1367 3839 dietum
1394 3791 1582 3840 eximie

517 3868 731 3932 subjicit
750 3867 998 3918 Boetius:
1020 3871 1034 3896 ‘
1047 3869 1267 3918 Faciunt
1283 3869 1418 3918 enim
1437 3879 1580 3934 quae-

513 3945 667 4007 libet,
690 3946 812 3995 dum
836 3959 933 4009 per
950 3960 1012 3994 ea
1028 3945 1215 4009 quibus
1230 3945 1579 4010 delectantur,

456 4021 460 4025 ’
512 4022 569 4072 id
595 4022 781 4072 bonum
816 4022 955 4088 quod
995 4023 1312 4083 desiderant,
1342 4038 1396 4071 se
1418 4023 1578 4087 adep-

514 4106 659 4149 turos
682 4106 868 4164 putant
889 4115 903 4160 ;
939 4099 1031 4148 sed
1056 4100 1263 4149 minime
1284 4099 1580 4163 adipiscun-

515 4184 622 4236 tur,
643 4177 884 4241 quoniam
909 4176 972 4224 ad
996 4175 1370 4226 beatitudinem
1387 4175 1578 4238 probra

511 4266 617 4303 non
641 4251 886 4302 veniunt.'
923 4254 1152 4302 Bernart.

580 4326 723 4381 Illam
756 4330 978 4395 Platonis
1015 4327 1322 4391 sententiam]
1360 4328 1422 4378 In
1445 4328 1575 4378 Gor·

1245 411 1458 461 No'rAE
1511 410 1605 459 VA
1620 411 1913 462 monum
1968 413 2047 467 ΙΝ

1677 554 1781 618 gis,
1801 561 1857 604 et
1897 554 2172 606 Alcibiade
2208 555 2394 620 primo,
2429 555 2518 606 nbi
2554 556 2733 619 probat

1675 632 1853 694 Plato,
1874 633 2041 683 Melos
2059 640 2301 698 potentes
2319 648 2421 681 non
2437 648 2571 686 esse.
2605 634 2738 682 Prae·

1673 718 1814 759 stare
1866 712 1977 775 pati
2026 728 2175 773 quiam
2233 711 2428 761 inferre
2485 713 2737 776 injuriam.

1678 787 1853 836 Bonos
1876 794 1933 837 et
1955 789 2218 853 sapientes
2240 789 2375 837 solos
2397 804 2512 837 esse
2532 788 2738 840 felices:

1676 866 1834 915 nieles
1861 881 1982 916 vero
2005 865 2259 917 infelices,
2324 867 2586 931 Injuriam
2619 867 2740 916 infe·

1675 950 1898 1006 rentem,
1941 945 2215 994 miserum:
2270 945 2359 994 sed
2401 945 2742 1007 miseriorem,

1676 1021 1718 1069 si
1750 1035 2024 1086 numquam
2051 1037 2226 1086 poenas
2249 1024 2372 1072 luat.
2442 1022 2586 1071 Hinc
2610 1024 2739 1070 enim

1675 1099 1936 1147 rationum
1991 1113 2192 1148 suarum
2252 1107 2514 1147 momenta
2571 1099 2741 1148 hausit

1677 1183 1860 1226 auctor
1883 1183 2077 1226 noster.
2154 1178 2346 1225 Censet
2392 1190 2605 1242 qnoque
2629 1175 2742 1225 Ari·

1673 1253 1890 1302 stoteles
1912 1253 2002 1302 lib.
2045 1267 2101 1303 v·
2135 1252 2202 1302 de
2224 1252 2482 1311 Moribus,
2503 1253 2739 1302 deterius

1672 1329 1857 1393 injuris
1905 1327 2116 1380 afficere
2168 1344 2319 1393 quam
2380 1327 2521 1378 affici
2545 1345 2561 1378 ε
2621 1331 2742 1394 qnia

1673 1405 1903 1467 afficere,
1951 1406 2074 1467 μετὰ
2125 1406 2289 1457 κακίας
2334 1404 2414 1454 καὶ
2457 1404 2641 1468 peter-br
2669 1405 2742 1470 ἧν,

1669 1484 1686 1511 ‘
1703 1485 1821 1534 enm
1841 1484 1971 1533 vitio
1989 1484 2056 1533 sit
2071 1490 2126 1533 et
2141 1482 2585 1547 vituperandum!
2605 1482 2740 1534 affici

1675 1573 1797 1609 vero
1831 1558 1942 1609 ἄνευ
1960 1560 2127 1610 κακίας
2156 1559 2235 1608 καὶ
2265 1557 2463 1620 ἀδικίας,
2494 1559 2645 1609 ‘sine
2668 1559 2738 1609 vi·

1672 1638 1747 1688 tio
1771 1645 1828 1688 et
1849 1636 2137 1703 injustitia?
2179 1637 2353 1688 Vallia.

1737 1715 1946 1765 Faciunt
1984 1716 2112 1765 enim
2148 1713 2387 1777 quaelibet,
2419 1714 2534 1761 dum
2556 1727 2647 1775 per
2661 1711 2736 1775 ea]

1668 1792 1796 1843 Mss.
1824 1797 1879 1840 et
1916 1790 2060 1840 Edit.
2099 1787 2334 1839 Norimb.
2376 1788 2586 1838 Faciunt
2616 1791 2737 1837 enim

1665 1883 1772 1932 qnoe
1791 1867 1924 1931 libet,
1946 1871 2027 1931 ξε.
2094 1868 2158 1916 In
2179 1865 2401 1916 eundem
2423 1872 2602 1915 autem
2624 1880 2738 1914 seu·

1668 1962 1776 1996 snm
1814 1946 2085 1996 Salvianus
2126 1943 2214 1993 lib.
2254 1957 2293 1993 1.
2330 1942 2396 1991 de
2424 1941 2570 1992 an.
2596 1942 2737 1991 Dei:

1666 2023 1913 2072 ‘Soleant
1953 2020 2186 2085 quamvis
2220 2033 2331 2068 esse
2371 2018 2627 2081 nonnulli,
2651 2018 2735 2081 qui

1666 2099 1838 2162 turpia
1871 2105 2028 2163 atque
2053 2098 2295 2147 obscaena
2313 2100 2599 2158 sectantes,
2621 2102 2676 2143 et
2694 2095 2735 2143 si

1657 2177 1817 2240 juxta
1861 2175 2157 2239 opinionem
2205 2187 2348 2222 suem
2392 2172 2541 2222 beati
2595 2179 2734 2232 sunt,

1665 2252 1787 2318 quia
1808 2251 2163 2316 adipiscuntur
2182 2248 2319 2313 quod
2345 2248 2546 2309 volunt,
2578 2262 2639 2298 re
2664 2257 2734 2297 ta-

1664 2345 1783 2380 men
1818 2330 1933 2394 ipsa
1967 2328 2110 2378 beati
2157 2341 2257 2376 non
2288 2325 2574 2390 sunt,qnia
2595 2325 2731 2389 quod

1664 2408 1866 2471 volunt,
1907 2407 2045 2456 nolle
2085 2405 2390 2455 debuerant.
2480 2402 2731 2468 Religiosi

1665 2496 1837 2536 autem
1884 2486 1981 2535 hoc
2024 2484 2223 2533 cunctis
2284 2481 2547 2531 beatiores
2595 2488 2729 2543 sum,

1661 2564 1783 2627 quia
1798 2572 1852 2612 et
1867 2562 2081 2623 habent,
2094 2575 2209 2625 quae
2228 2559 2426 2621 volunt,
2445 2564 2504 2607 et
2519 2560 2732 2607 meliors

1662 2656 1812 2706 quam
1834 2655 1950 2703 qnae
1969 2639 2183 2700 habent,
2198 2634 2404 2685 omnino
2421 2633 2616 2683 babere
2630 2649 2730 2683 non

1663 2714 1922 2781 possunt.'
1952 2716 2123 2765 Sitzm.

1727 2795 1910 2843 an.
1944 2798 1991 2842 2.
2028 2794 2159 2849 Quos
2192 2791 2341 2846 vides,
2388 2789 2495 2852 qe]
2530 2789 2727 2839 Multos
2804 2796 2812 2806 ·

1660 2872 1886 2921 incertos
1926 2878 2130 2920 certare
2168 2870 2301 2917 bane
2346 2882 2453 2916 rem
2495 2867 2733 2927 vidimus,

1663 2949 1801 2998 sitne
1826 2949 2143 3012 privatorum
2159 2945 2419 2994 hominum
2442 2944 2622 3006 potius
2646 2957 2730 2990 ex·

1662 3025 1892 3089 petenda
1908 3024 2196 3086 vita.quam
2214 3030 2574 3084 tyrannorum.
2595 3019 2728 3068 Nam

1661 3115 1778 3151 cum
1803 3100 2084 3163 dignitates
2108 3113 2282 3147 eorum
2305 3105 2359 3146 et
2388 3111 2535 3159 opes,
2559 3103 2617 3144 et
2639 3097 2729 3144 im-

1661 3178 1808 3241 peria
1837 3177 2125 3233 intuentur,
2147 3188 2322 3223 omnes
2347 3186 2436 3221 eos
2458 3173 2578 3222 Diis
2596 3174 2730 3221 adae·

1664 3255 1897 3319 quandos
1919 3268 2030 3302 esse
2055 3258 2293 3312 censent,
2311 3253 2396 3316 qui
2433 3252 2533 3301 soli
2555 3265 2725 3300 rerum

1660 3334 1948 3399 potiuntur.
2016 3330 2145 3380 Cum
2181 3343 2302 3379 vero
2326 3330 2539 3379 timores
2560 3337 2618 3379 et
2642 3345 2725 3393 pe-

1660 3412 1900 3463 riculosae
1940 3408 2146 3472 plenum
2186 3421 2315 3470 opus
2337 3407 2467 3454 aleae
2491 3407 2726 3455 conside·

1661 3495 1801 3549 rant,
1820 3499 1993 3535 rursus
2012 3484 2195 3548 quovis
2216 3482 2367 3532 modo
2384 3483 2544 3532 vitam
2563 3491 2725 3532 trans·

1661 3567 1802 3627 igere
1841 3561 2029 3610 melius
2070 3575 2182 3608 esse
2206 3558 2532 3621 existimant,
2571 3575 2721 3624 quam

1658 3641 1708 3690 in
1723 3638 2015 3703 hujusmodi
2036 3635 2416 3687 calamitatibus
2435 3638 2519 3685 vel
2538 3638 2723 3685 smisso

1657 3733 1818 3781 regno
1841 3716 2110 3766 dominari.
2176 3714 2342 3778 quue
2364 3713 2525 3763 etiam
2544 3718 2722 3778 quovis

1658 3796 1851 3845 lumine
1870 3794 2058 3844 clarius
2071 3793 2245 3842 elucet
2259 3806 2325 3841 ex
2337 3807 2445 3857 seq.
2465 3793 2721 3842 Carmine.

1657 3874 1809 3922 Idem.

1721 3948 1847 3998 Solii
1886 3946 2109 4008 culmine]
2140 3946 2326 3995 Senec.
2362 3945 2415 3995 in
2435 3945 2626 3995 Trosd.
2651 3960 2719 3993 vs.

1653 4030 1770 4075 886.
1803 4028 1818 4053 ‘
1839 4025 1943 4074 Hic
1991 4022 2205 4073 forsitan
2248 4030 2301 4071 te
2339 4037 2489 4071 casus
2515 4023 2717 4071 excelso

1655 4101 1816 4164 magis
1832 4099 1971 4149 Solio
1994 4097 2252 4160 reponet?
2319 4097 2383 4146 In
2408 4096 2620 4161 Thyest.
2646 4111 2715 4144 vs.

1652 4182 1766 4228 390.
1810 4178 1825 4205 ‘
1847 4177 1964 4225 Stet
2005 4175 2297 4238 quicunque
2341 4173 2484 4222 volet
2531 4181 2713 4237 potens

1654 4254 1801 4305 Aulae
1827 4252 2051 4302 culmine
2076 4248 2314 4300 lubrico.'
2353 4250 2502 4315 Idm

1716 4331 1943 4394 Purpura
1979 4329 2132 4389 claros
2169 4325 2374 4389 nitente]
2430 4327 2615 4377 Senec.
2661 4325 2709 4376 in
