<?xml version="1.0" encoding="UTF-8"?>
<!DOCTYPE html PUBLIC "-//W3C//DTD XHTML 1.0 Transitional//EN"
    "http://www.w3.org/TR/xhtml1/DTD/xhtml1-transitional.dtd">
<html xmlns="http://www.w3.org/1999/xhtml" xml:lang="en" lang="en">
 <head>
  <title>
</title>
<meta http-equiv="Content-Type" content="text/html;charset=utf-8" />
  <meta name='ocr-system' content='tesseract 3.04.00' />
  <meta name='ocr-capabilities' content='ocr_page ocr_carea ocr_par ocr_line ocrx_word'/>
</head>
<body>
  <div class='ocr_page' id='page_1' title='image "./deconsolationep00boetgoog_0157.png"; bbox 0 0 3049 4928; ppageno 0'>
   <div class='ocr_carea' id='block_1_1' title="bbox 1007 408 1819 460">
    <p class='ocr_par' dir='ltr' id='par_1_1' title="bbox 1007 408 1819 460">
     <span class='ocr_line' id='line_1_1' title="bbox 1007 408 1819 460; baseline -0.002 -2"><span class='ocrx_word' id='word_1_1' title='bbox 1007 408 1531 460; x_wconf 66' lang='lat' dir='ltr'>Pnlhosopmffi.</span> <span class='ocrx_word' id='word_1_2' title='bbox 1583 410 1724 458; x_wconf 66' lang='lat' dir='ltr'>Lus.</span> <span class='ocrx_word' id='word_1_3' title='bbox 1771 411 1819 458; x_wconf 89' lang='lat'>1.</span> 
     </span>
    </p>
   </div>
   <div class='ocr_carea' id='block_1_2' title="bbox 998 554 1671 639">
    <p class='ocr_par' dir='ltr' id='par_1_2' title="bbox 998 554 1671 639">
     <span class='ocr_line' id='line_1_2' title="bbox 998 554 1671 639; baseline 0 -20"><span class='ocrx_word' id='word_1_4' title='bbox 998 555 1108 620; x_wconf 88' lang='lat' dir='ltr'>Tu</span> <span class='ocrx_word' id='word_1_5' title='bbox 1135 573 1403 639; x_wconf 88' lang='lat' dir='ltr'>quoque</span> <span class='ocrx_word' id='word_1_6' title='bbox 1431 554 1491 620; x_wconf 84' lang='lat' dir='ltr'>si</span> <span class='ocrx_word' id='word_1_7' title='bbox 1520 555 1629 619; x_wconf 83' lang='lat' dir='ltr'>vis</span> <span class='ocrx_word' id='word_1_8' title='bbox 1645 562 1671 590; x_wconf 80' lang='lat'>⁸</span> 
     </span>
    </p>
   </div>
   <div class='ocr_carea' id='block_1_3' title="bbox 2381 393 2511 617">
    <p class='ocr_par' dir='ltr' id='par_1_3' title="bbox 2381 393 2511 617">
     <span class='ocr_line' id='line_1_3' title="bbox 2381 393 2511 462; baseline 0.038 -5"><span class='ocrx_word' id='word_1_9' title='bbox 2381 393 2511 462; x_wconf 82' lang='lat'>147</span> 
     </span>
     <span class='ocr_line' id='line_1_4' title="bbox 2418 552 2504 617; baseline -0.012 0"><span class='ocrx_word' id='word_1_10' title='bbox 2418 552 2504 617; x_wconf 79' lang='lat'>20</span> 
     </span>
    </p>
   </div>
   <div class='ocr_carea' id='block_1_4' title="bbox 992 657 1591 1050">
    <p class='ocr_par' dir='ltr' id='par_1_4' title="bbox 992 657 1591 1050">
     <span class='ocr_line' id='line_1_5' title="bbox 996 657 1496 722; baseline -0.004 0"><span class='ocrx_word' id='word_1_11' title='bbox 996 657 1277 722; x_wconf 82' lang='lat' dir='ltr'><strong>Lumine</strong></span> <span class='ocrx_word' id='word_1_12' title='bbox 1307 659 1496 722; x_wconf 85' lang='lat' dir='ltr'>claro</span> 
     </span>
     <span class='ocr_line' id='line_1_6' title="bbox 993 760 1564 840; baseline -0.004 -14"><span class='ocrx_word' id='word_1_13' title='bbox 993 760 1280 826; x_wconf 82' lang='lat' dir='ltr'>Cernere</span> <span class='ocrx_word' id='word_1_14' title='bbox 1313 781 1564 840; x_wconf 89' lang='lat' dir='ltr'>verum,</span> 
     </span>
     <span class='ocr_line' id='line_1_7' title="bbox 992 863 1505 928; baseline -0.002 -1"><span class='ocrx_word' id='word_1_15' title='bbox 992 863 1290 928; x_wconf 81' lang='lat' dir='ltr'>Tramite</span> <span class='ocrx_word' id='word_1_16' title='bbox 1320 869 1505 928; x_wconf 86' lang='lat' dir='ltr'>recto</span> 
     </span>
     <span class='ocr_line' id='line_1_8' title="bbox 993 965 1591 1050; baseline -0.005 -19"><span class='ocrx_word' id='word_1_17' title='bbox 993 965 1280 1050; x_wconf 85' lang='lat' dir='ltr'>Carpere</span> <span class='ocrx_word' id='word_1_18' title='bbox 1311 965 1591 1046; x_wconf 82' lang='lat' dir='ltr'>eallem3</span> 
     </span>
    </p>
   </div>
   <div class='ocr_carea' id='block_1_5' title="bbox 991 1067 1524 1155">
    <p class='ocr_par' dir='ltr' id='par_1_5' title="bbox 991 1067 1524 1155">
     <span class='ocr_line' id='line_1_9' title="bbox 991 1067 1524 1155; baseline -0.004 -21"><span class='ocrx_word' id='word_1_19' title='bbox 991 1068 1262 1155; x_wconf 76' lang='lat' dir='ltr'>Gaudia</span> <span class='ocrx_word' id='word_1_20' title='bbox 1293 1067 1524 1153; x_wconf 80' lang='lat' dir='ltr'>pelle‚¹’</span> 
     </span>
    </p>
   </div>
   <div class='ocr_carea' id='block_1_6' title="bbox 988 1170 1647 1440">
    <p class='ocr_par' dir='ltr' id='par_1_6' title="bbox 988 1170 1647 1440">
     <span class='ocr_line' id='line_1_10' title="bbox 994 1170 1549 1247; baseline -0.002 -12"><span class='ocrx_word' id='word_1_21' title='bbox 994 1170 1187 1235; x_wconf 91' lang='lat' dir='ltr'>Pelle</span> <span class='ocrx_word' id='word_1_22' title='bbox 1220 1172 1549 1247; x_wconf 88' lang='lat' dir='ltr'>timorem,</span> 
     </span>
     <span class='ocr_line' id='line_1_11' title="bbox 988 1272 1647 1359; baseline -0.002 -22"><span class='ocrx_word' id='word_1_23' title='bbox 988 1272 1327 1359; x_wconf 87' lang='lat' dir='ltr'>Spemque</span> <span class='ocrx_word' id='word_1_24' title='bbox 1357 1272 1647 1356; x_wconf 54' lang='lat' dir='ltr'>sugam„</span> 
     </span>
     <span class='ocr_line' id='line_1_12' title="bbox 993 1374 1594 1440; baseline 0 0"><span class='ocrx_word' id='word_1_25' title='bbox 993 1375 1142 1440; x_wconf 87' lang='lat' dir='ltr'>Nec</span> <span class='ocrx_word' id='word_1_26' title='bbox 1174 1376 1366 1440; x_wconf 90' lang='lat' dir='ltr'>dolor</span> <span class='ocrx_word' id='word_1_27' title='bbox 1391 1374 1594 1440; x_wconf 85' lang='lat' dir='ltr'>adsit.</span> 
     </span>
    </p>
   </div>
   <div class='ocr_carea' id='block_1_7' title="bbox 309 1528 2063 1595">
    <p class='ocr_par' dir='ltr' id='par_1_7' title="bbox 309 1528 2063 1595">
     <span class='ocr_line' id='line_1_13' title="bbox 309 1528 2063 1595; baseline 0.003 -18"><span class='ocrx_word' id='word_1_28' title='bbox 309 1528 484 1580; x_wconf 71' lang='lat' dir='ltr'>linibus</span> <span class='ocrx_word' id='word_1_29' title='bbox 489 1532 672 1595; x_wconf 72' lang='lat' dir='ltr'>fluns,</span> <span class='ocrx_word' id='word_1_30' title='bbox 692 1532 773 1582; x_wconf 72' lang='lat' dir='ltr'>hic</span> <span class='ocrx_word' id='word_1_31' title='bbox 792 1548 885 1582; x_wconf 75' lang='lat' dir='ltr'>non</span> <span class='ocrx_word' id='word_1_32' title='bbox 904 1546 1013 1582; x_wconf 79' lang='lat' dir='ltr'>raro</span> <span class='ocrx_word' id='word_1_33' title='bbox 1032 1532 1225 1583; x_wconf 77' lang='lat' dir='ltr'>sistitur</span> <span class='ocrx_word' id='word_1_34' title='bbox 1253 1532 1437 1595; x_wconf 80' lang='lat' dir='ltr'>scopulo</span> <span class='ocrx_word' id='word_1_35' title='bbox 1467 1532 1678 1595; x_wconf 77' lang='lat' dir='ltr'>opposito</span> <span class='ocrx_word' id='word_1_36' title='bbox 1699 1532 1871 1582; x_wconf 82' lang='lat' dir='ltr'>montis</span> <span class='ocrx_word' id='word_1_37' title='bbox 1888 1530 2063 1592; x_wconf 71' lang='lat' dir='ltr'>fracti.</span> 
     </span>
    </p>
   </div>
   <div class='ocr_carea' id='block_1_8' title="bbox 2131 1531 2509 1582">
    <p class='ocr_par' dir='ltr' id='par_1_8' title="bbox 2131 1531 2509 1582">
     <span class='ocr_line' id='line_1_14' title="bbox 2131 1531 2509 1582; baseline -0.011 0"><span class='ocrx_word' id='word_1_38' title='bbox 2131 1531 2368 1582; x_wconf 76' lang='lat' dir='ltr'>Similiter</span> <span class='ocrx_word' id='word_1_39' title='bbox 2386 1531 2431 1579; x_wconf 81' lang='lat' dir='ltr'>si</span> <span class='ocrx_word' id='word_1_40' title='bbox 2454 1534 2509 1579; x_wconf 71' lang='lat' dir='ltr'>ta</span> 
     </span>
    </p>
   </div>
   <div class='ocr_carea' id='block_1_9' title="bbox 306 1595 2510 1728">
    <p class='ocr_par' dir='ltr' id='par_1_9' title="bbox 306 1595 2510 1728">
     <span class='ocr_line' id='line_1_15' title="bbox 307 1595 2510 1660; baseline -0 -17"><span class='ocrx_word' id='word_1_41' title='bbox 307 1595 429 1657; x_wconf 72' lang='lat' dir='ltr'>cupis</span> <span class='ocrx_word' id='word_1_42' title='bbox 468 1597 646 1647; x_wconf 78' lang='lat' dir='ltr'>intueri</span> <span class='ocrx_word' id='word_1_43' title='bbox 686 1599 936 1647; x_wconf 78' lang='lat' dir='ltr'>veritatem</span> <span class='ocrx_word' id='word_1_44' title='bbox 973 1598 1162 1646; x_wconf 80' lang='lat' dir='ltr'>notione</span> <span class='ocrx_word' id='word_1_45' title='bbox 1195 1598 1423 1659; x_wconf 77' lang='lat' dir='ltr'>evidenti,</span> <span class='ocrx_word' id='word_1_46' title='bbox 1458 1602 1505 1645; x_wconf 79' lang='lat' dir='ltr'>et</span> <span class='ocrx_word' id='word_1_47' title='bbox 1537 1601 1695 1647; x_wconf 75' lang='lat' dir='ltr'>tenere</span> <span class='ocrx_word' id='word_1_48' title='bbox 1718 1599 1979 1660; x_wconf 76' lang='lat' dir='ltr'>judicando</span> <span class='ocrx_word' id='word_1_49' title='bbox 2010 1599 2106 1648; x_wconf 77' lang='lat' dir='ltr'>iter</span> <span class='ocrx_word' id='word_1_50' title='bbox 2136 1599 2306 1646; x_wconf 66' lang='lat' dir='ltr'>tritum</span> <span class='ocrx_word' id='word_1_51' title='bbox 2338 1595 2510 1646; x_wconf 82' lang='lat' dir='ltr'>semita</span> 
     </span>
     <span class='ocr_line' id='line_1_16' title="bbox 306 1659 2510 1728; baseline 0 -21"><span class='ocrx_word' id='word_1_52' title='bbox 306 1665 441 1723; x_wconf 81' lang='lat' dir='ltr'>recta,</span> <span class='ocrx_word' id='word_1_53' title='bbox 461 1676 646 1712; x_wconf 79' lang='lat' dir='ltr'>remove</span> <span class='ocrx_word' id='word_1_54' title='bbox 670 1663 912 1727; x_wconf 78' lang='lat' dir='ltr'>loetitiam,</span> <span class='ocrx_word' id='word_1_55' title='bbox 947 1678 1128 1713; x_wconf 81' lang='lat' dir='ltr'>remove</span> <span class='ocrx_word' id='word_1_56' title='bbox 1148 1666 1340 1721; x_wconf 82' lang='lat' dir='ltr'>metum,</span> <span class='ocrx_word' id='word_1_57' title='bbox 1363 1662 1544 1726; x_wconf 80' lang='lat' dir='ltr'>expelle</span> <span class='ocrx_word' id='word_1_58' title='bbox 1564 1677 1713 1726; x_wconf 82' lang='lat' dir='ltr'>spem,</span> <span class='ocrx_word' id='word_1_59' title='bbox 1734 1677 1877 1728; x_wconf 75' lang='lat' dir='ltr'>neque</span> <span class='ocrx_word' id='word_1_60' title='bbox 1906 1663 2140 1725; x_wconf 66' lang='lat' dir='ltr'>aegritudo</span> <span class='ocrx_word' id='word_1_61' title='bbox 2175 1663 2415 1727; x_wconf 78' lang='lat' dir='ltr'>pertineat</span> <span class='ocrx_word' id='word_1_62' title='bbox 2447 1659 2510 1707; x_wconf 78' lang='lat' dir='ltr'>ad</span> 
     </span>
    </p>
   </div>
   <div class='ocr_carea' id='block_1_10' title="bbox 1295 1794 1512 1847">
    <p class='ocr_par' dir='ltr' id='par_1_10' title="bbox 1295 1794 1512 1847">
     <span class='ocr_line' id='line_1_17' title="bbox 1295 1794 1512 1847; baseline -0.009 0"><span class='ocrx_word' id='word_1_63' title='bbox 1295 1796 1345 1847; x_wconf 78' lang='lat' dir='ltr'>N</span> <span class='ocrx_word' id='word_1_64' title='bbox 1354 1794 1512 1846; x_wconf 73' lang='lat' dir='ltr'><strong>0¹1*AE</strong></span> 
     </span>
    </p>
   </div>
   <div class='ocr_carea' id='block_1_11' title="bbox 258 1890 1365 4331">
    <p class='ocr_par' dir='ltr' id='par_1_11' title="bbox 258 1890 1365 3103">
     <span class='ocr_line' id='line_1_18' title="bbox 302 1890 1359 1958; baseline 0.003 -18"><span class='ocrx_word' id='word_1_65' title='bbox 302 1890 464 1941; x_wconf 84' lang='lat' dir='ltr'>citare</span> <span class='ocrx_word' id='word_1_66' title='bbox 500 1893 677 1956; x_wconf 88' lang='lat' dir='ltr'>potuit</span> <span class='ocrx_word' id='word_1_67' title='bbox 711 1893 903 1957; x_wconf 72' lang='lat' dir='ltr'>Vir-gil.</span> <span class='ocrx_word' id='word_1_68' title='bbox 928 1907 1019 1945; x_wconf 88' lang='grc' dir='ltr'><strong>ιιι.</strong></span> <span class='ocrx_word' id='word_1_69' title='bbox 1055 1893 1254 1958; x_wconf 81' lang='lat' dir='ltr'>Georg.</span> <span class='ocrx_word' id='word_1_70' title='bbox 1286 1908 1359 1943; x_wconf 82' lang='lat' dir='ltr'>vs.</span> 
     </span>
     <span class='ocr_line' id='line_1_19' title="bbox 298 1968 1361 2035; baseline 0 -18"><span class='ocrx_word' id='word_1_71' title='bbox 298 1971 410 2018; x_wconf 74' lang='lat' dir='ltr'>uo.</span> <span class='ocrx_word' id='word_1_72' title='bbox 443 1970 459 1995; x_wconf 91' lang='lat'>‘</span> <span class='ocrx_word' id='word_1_73' title='bbox 486 1968 703 2034; x_wconf 85' lang='lat' dir='ltr'>udisque</span> <span class='ocrx_word' id='word_1_74' title='bbox 739 1971 872 2020; x_wconf 87' lang='lat' dir='ltr'>aries</span> <span class='ocrx_word' id='word_1_75' title='bbox 908 1971 962 2020; x_wconf 92' lang='lat' dir='ltr'>in</span> <span class='ocrx_word' id='word_1_76' title='bbox 997 1971 1203 2035; x_wconf 80' lang='lat' dir='ltr'>gurgite</span> <span class='ocrx_word' id='word_1_77' title='bbox 1228 1970 1361 2020; x_wconf 88' lang='lat' dir='ltr'>villis</span> 
     </span>
     <span class='ocr_line' id='line_1_20' title="bbox 300 2044 1365 2112; baseline 0.003 -18"><span class='ocrx_word' id='word_1_78' title='bbox 300 2044 585 2109; x_wconf 79' lang='lat' dir='ltr'>Mersatur,</span> <span class='ocrx_word' id='word_1_79' title='bbox 605 2047 892 2112; x_wconf 85' lang='lat' dir='ltr'>missusque</span> <span class='ocrx_word' id='word_1_80' title='bbox 916 2049 1145 2098; x_wconf 86' lang='lat' dir='ltr'>secundo</span> <span class='ocrx_word' id='word_1_81' title='bbox 1181 2046 1365 2097; x_wconf 86' lang='lat' dir='ltr'>defluit</span> 
     </span>
     <span class='ocr_line' id='line_1_21' title="bbox 301 2122 1363 2188; baseline 0.004 -19"><span class='ocrx_word' id='word_1_82' title='bbox 301 2122 472 2171; x_wconf 64' lang='lat' dir='ltr'>amni!</span> <span class='ocrx_word' id='word_1_83' title='bbox 512 2127 564 2173; x_wconf 73' lang='lat'>3.</span> <span class='ocrx_word' id='word_1_84' title='bbox 586 2124 603 2152; x_wconf 89' lang='lat'>‘</span> <span class='ocrx_word' id='word_1_85' title='bbox 617 2124 779 2173; x_wconf 82' lang='lat' dir='ltr'>obex&#39;</span> <span class='ocrx_word' id='word_1_86' title='bbox 810 2124 1002 2176; x_wconf 84' lang='lat' dir='ltr'>dicitur</span> <span class='ocrx_word' id='word_1_87' title='bbox 1023 2126 1088 2175; x_wconf 86' lang='lat' dir='ltr'>ab</span> <span class='ocrx_word' id='word_1_88' title='bbox 1110 2125 1195 2188; x_wconf 90' lang='lat' dir='ltr'>obj</span> <span class='ocrx_word' id='word_1_89' title='bbox 1205 2124 1363 2175; x_wconf 87' lang='lat' dir='ltr'>icien-</span> 
     </span>
     <span class='ocr_line' id='line_1_22' title="bbox 299 2197 1362 2266; baseline 0.002 -19"><span class='ocrx_word' id='word_1_90' title='bbox 299 2197 384 2261; x_wconf 84' lang='lat' dir='ltr'>do,</span> <span class='ocrx_word' id='word_1_91' title='bbox 398 2201 519 2264; x_wconf 83' lang='lat' dir='ltr'>quia</span> <span class='ocrx_word' id='word_1_92' title='bbox 532 2198 730 2251; x_wconf 88' lang='lat' dir='ltr'>foribus</span> <span class='ocrx_word' id='word_1_93' title='bbox 751 2202 1064 2266; x_wconf 78' lang='lat' dir='ltr'>objiciatur:</span> <span class='ocrx_word' id='word_1_94' title='bbox 1089 2202 1207 2251; x_wconf 89' lang='lat' dir='ltr'>binc</span> <span class='ocrx_word' id='word_1_95' title='bbox 1225 2200 1362 2265; x_wconf 86' lang='lat' dir='ltr'>apud</span> 
     </span>
     <span class='ocr_line' id='line_1_23' title="bbox 300 2275 1365 2342; baseline 0.002 -18"><span class='ocrx_word' id='word_1_96' title='bbox 300 2275 480 2337; x_wconf 70' lang='lat' dir='ltr'>poetas</span> <span class='ocrx_word' id='word_1_97' title='bbox 519 2277 707 2340; x_wconf 71' lang='lat' dir='ltr'>saepius</span> <span class='ocrx_word' id='word_1_98' title='bbox 736 2278 983 2329; x_wconf 86' lang='lat' dir='ltr'>scribitur</span> <span class='ocrx_word' id='word_1_99' title='bbox 1019 2279 1036 2307; x_wconf 92' lang='lat'>‘</span> <span class='ocrx_word' id='word_1_100' title='bbox 1060 2275 1267 2342; x_wconf 88' lang='lat' dir='ltr'>objice,&#39;</span> <span class='ocrx_word' id='word_1_101' title='bbox 1288 2283 1365 2338; x_wconf 91' lang='lat' dir='ltr'>et,</span> 
     </span>
     <span class='ocr_line' id='line_1_24' title="bbox 297 2354 1365 2420; baseline 0.004 -20"><span class='ocrx_word' id='word_1_102' title='bbox 297 2359 497 2401; x_wconf 84' lang='lat' dir='ltr'>mutata</span> <span class='ocrx_word' id='word_1_103' title='bbox 533 2354 693 2402; x_wconf 86' lang='lat' dir='ltr'>etiam</span> <span class='ocrx_word' id='word_1_104' title='bbox 732 2354 828 2404; x_wconf 87' lang='lat' dir='ltr'>hac</span> <span class='ocrx_word' id='word_1_105' title='bbox 867 2355 1150 2420; x_wconf 81' lang='lat' dir='ltr'>scriptura,</span> <span class='ocrx_word' id='word_1_106' title='bbox 1195 2354 1365 2418; x_wconf 87' lang='lat' dir='ltr'>prima</span> 
     </span>
     <span class='ocr_line' id='line_1_25' title="bbox 298 2428 1364 2496; baseline 0.005 -20"><span class='ocrx_word' id='word_1_107' title='bbox 298 2428 496 2491; x_wconf 77' lang='lat' dir='ltr'><strong>syllaba</strong></span> <span class='ocrx_word' id='word_1_108' title='bbox 539 2431 864 2495; x_wconf 80' lang='lat' dir='ltr'>producitur,</span> <span class='ocrx_word' id='word_1_109' title='bbox 904 2438 963 2482; x_wconf 92' lang='lat' dir='ltr'>ut</span> <span class='ocrx_word' id='word_1_110' title='bbox 1000 2432 1141 2496; x_wconf 88' lang='lat' dir='ltr'>apud</span> <span class='ocrx_word' id='word_1_111' title='bbox 1178 2431 1364 2495; x_wconf 82' lang='lat' dir='ltr'>Virgil.</span> 
     </span>
     <span class='ocr_line' id='line_1_26' title="bbox 298 2506 1364 2560; baseline 0.005 -7"><span class='ocrx_word' id='word_1_112' title='bbox 298 2517 370 2555; x_wconf 77' lang='lat' dir='ltr'>tv.</span> <span class='ocrx_word' id='word_1_113' title='bbox 403 2506 566 2557; x_wconf 81' lang='lat' dir='ltr'>Geor.</span> <span class='ocrx_word' id='word_1_114' title='bbox 605 2523 681 2558; x_wconf 86' lang='lat' dir='ltr'>vs.</span> <span class='ocrx_word' id='word_1_115' title='bbox 713 2512 826 2558; x_wconf 79' lang='lat'>422.</span> <span class='ocrx_word' id='word_1_116' title='bbox 893 2516 909 2539; x_wconf 77' lang='lat'>⁸</span> <span class='ocrx_word' id='word_1_117' title='bbox 937 2509 1087 2560; x_wconf 85' lang='lat' dir='ltr'>Intus</span> <span class='ocrx_word' id='word_1_118' title='bbox 1123 2524 1179 2559; x_wconf 83' lang='lat' dir='ltr'>se</span> <span class='ocrx_word' id='word_1_119' title='bbox 1231 2508 1364 2559; x_wconf 80' lang='lat' dir='ltr'>vasti</span> 
     </span>
     <span class='ocr_line' id='line_1_27' title="bbox 299 2578 1364 2648; baseline 0.005 -19"><span class='ocrx_word' id='word_1_120' title='bbox 299 2578 520 2632; x_wconf 86' lang='lat' dir='ltr'>Proteus</span> <span class='ocrx_word' id='word_1_121' title='bbox 546 2584 679 2648; x_wconf 81' lang='lat' dir='ltr'>tegit</span> <span class='ocrx_word' id='word_1_122' title='bbox 712 2585 863 2635; x_wconf 87' lang='lat' dir='ltr'>obice</span> <span class='ocrx_word' id='word_1_123' title='bbox 900 2585 1053 2636; x_wconf 83' lang='lat' dir='ltr'>saxi.’</span> <span class='ocrx_word' id='word_1_124' title='bbox 1121 2587 1188 2635; x_wconf 91' lang='lat' dir='ltr'>Et</span> <span class='ocrx_word' id='word_1_125' title='bbox 1211 2586 1364 2635; x_wconf 85' lang='lat' dir='ltr'>Clau-</span> 
     </span>
     <span class='ocr_line' id='line_1_28' title="bbox 296 2657 1361 2726; baseline 0.006 -20"><span class='ocrx_word' id='word_1_126' title='bbox 296 2657 434 2711; x_wconf 80' lang='lat' dir='ltr'>dian.</span> <span class='ocrx_word' id='word_1_127' title='bbox 471 2659 505 2709; x_wconf 90' lang='lat'>1.</span> <span class='ocrx_word' id='word_1_128' title='bbox 551 2673 591 2709; x_wconf 90' lang='lat'>1.</span> <span class='ocrx_word' id='word_1_129' title='bbox 651 2661 717 2711; x_wconf 86' lang='lat' dir='ltr'>de</span> <span class='ocrx_word' id='word_1_130' title='bbox 763 2661 946 2726; x_wconf 81' lang='lat' dir='ltr'>Rapta</span> <span class='ocrx_word' id='word_1_131' title='bbox 990 2663 1361 2726; x_wconf 75' lang='lat' dir='ltr'>Proserpinae:</span> 
     </span>
     <span class='ocr_line' id='line_1_29' title="bbox 258 2735 1364 2801; baseline 0.005 -18"><span class='ocrx_word' id='word_1_132' title='bbox 258 2776 269 2784; x_wconf 87' lang='lat'>.</span> <span class='ocrx_word' id='word_1_133' title='bbox 293 2736 309 2763; x_wconf 84' lang='lat'>‘</span> <span class='ocrx_word' id='word_1_134' title='bbox 331 2735 452 2785; x_wconf 80' lang='lat' dir='ltr'>Sive</span> <span class='ocrx_word' id='word_1_135' title='bbox 477 2736 617 2801; x_wconf 87' lang='lat' dir='ltr'>quod</span> <span class='ocrx_word' id='word_1_136' title='bbox 650 2737 884 2787; x_wconf 77' lang='lat' dir='ltr'>obicibus</span> <span class='ocrx_word' id='word_1_137' title='bbox 923 2738 1219 2793; x_wconf 62' lang='lat' dir='ltr'>discurens</span> <span class='ocrx_word' id='word_1_138' title='bbox 1244 2753 1364 2788; x_wconf 87' lang='lat' dir='ltr'>ven·</span> 
     </span>
     <span class='ocr_line' id='line_1_30' title="bbox 296 2811 1361 2876; baseline 0.004 -16"><span class='ocrx_word' id='word_1_139' title='bbox 296 2817 375 2861; x_wconf 86' lang='lat' dir='ltr'>tus</span> <span class='ocrx_word' id='word_1_140' title='bbox 392 2811 630 2876; x_wconf 64' lang='lat' dir='ltr'>opertis!</span> <span class='ocrx_word' id='word_1_141' title='bbox 677 2817 728 2863; x_wconf 83' lang='lat'>4.</span> <span class='ocrx_word' id='word_1_142' title='bbox 752 2815 769 2843; x_wconf 88' lang='lat'>‘</span> <span class='ocrx_word' id='word_1_143' title='bbox 784 2829 964 2864; x_wconf 83' lang='lat' dir='ltr'>saxum</span> <span class='ocrx_word' id='word_1_144' title='bbox 982 2814 998 2839; x_wconf 88' lang='lat'>&#39;</span> <span class='ocrx_word' id='word_1_145' title='bbox 1021 2816 1109 2866; x_wconf 85' lang='lat' dir='ltr'>hic</span> <span class='ocrx_word' id='word_1_146' title='bbox 1133 2821 1361 2864; x_wconf 89' lang='lat' dir='ltr'>montem</span> 
     </span>
     <span class='ocr_line' id='line_1_31' title="bbox 294 2888 1365 2953; baseline 0.002 -17"><span class='ocrx_word' id='word_1_147' title='bbox 294 2888 582 2953; x_wconf 74' lang='lat' dir='ltr'>significat:</span> <span class='ocrx_word' id='word_1_148' title='bbox 644 2896 705 2939; x_wconf 92' lang='lat' dir='ltr'>ut</span> <span class='ocrx_word' id='word_1_149' title='bbox 755 2889 960 2941; x_wconf 87' lang='lat' dir='ltr'>AEneid.</span> <span class='ocrx_word' id='word_1_150' title='bbox 1023 2905 1088 2942; x_wconf 85' lang='grc' dir='ltr'>ιι.</span> <span class='ocrx_word' id='word_1_151' title='bbox 1132 2906 1210 2941; x_wconf 86' lang='lat' dir='ltr'>vs.</span> <span class='ocrx_word' id='word_1_152' title='bbox 1251 2894 1365 2939; x_wconf 71' lang='lat'><strong>30⁷.</strong></span> 
     </span>
     <span class='ocr_line' id='line_1_32' title="bbox 295 2963 1363 3028; baseline 0.002 -15"><span class='ocrx_word' id='word_1_153' title='bbox 295 2967 310 2991; x_wconf 78' lang='lat'><strong>⁴</strong></span> <span class='ocrx_word' id='word_1_154' title='bbox 334 2963 618 3028; x_wconf 82' lang='lat' dir='ltr'>Accipiens</span> <span class='ocrx_word' id='word_1_155' title='bbox 649 2965 877 3016; x_wconf 87' lang='lat' dir='ltr'>sonitum</span> <span class='ocrx_word' id='word_1_156' title='bbox 905 2966 1020 3016; x_wconf 83' lang='lat' dir='ltr'>saxi</span> <span class='ocrx_word' id='word_1_157' title='bbox 1059 2966 1126 3016; x_wconf 87' lang='lat' dir='ltr'>de</span> <span class='ocrx_word' id='word_1_158' title='bbox 1164 2965 1363 3016; x_wconf 87' lang='lat' dir='ltr'>vertice</span> 
     </span>
     <span class='ocr_line' id='line_1_33' title="bbox 301 3040 812 3103; baseline 0.004 -13"><span class='ocrx_word' id='word_1_159' title='bbox 301 3040 519 3103; x_wconf 68' lang='lat' dir='ltr'>putor!</span> <span class='ocrx_word' id='word_1_160' title='bbox 803 3057 812 3064; x_wconf 91' lang='lat'><strong>·</strong></span> 
     </span>
    </p>

    <p class='ocr_par' dir='ltr' id='par_1_12' title="bbox 281 3116 1365 4331">
     <span class='ocr_line' id='line_1_34' title="bbox 356 3116 1364 3182; baseline 0 -15"><span class='ocrx_word' id='word_1_161' title='bbox 356 3122 380 3150; x_wconf 84' lang='lat'>¹¹</span> <span class='ocrx_word' id='word_1_162' title='bbox 401 3117 477 3167; x_wconf 77' lang='lat' dir='ltr'>Tu</span> <span class='ocrx_word' id='word_1_163' title='bbox 498 3132 679 3182; x_wconf 77' lang='lat' dir='ltr'>quoque</span> <span class='ocrx_word' id='word_1_164' title='bbox 700 3119 744 3168; x_wconf 84' lang='lat' dir='ltr'>si</span> <span class='ocrx_word' id='word_1_165' title='bbox 764 3116 862 3181; x_wconf 78' lang='lat' dir='ltr'>vis]</span> <span class='ocrx_word' id='word_1_166' title='bbox 920 3117 1050 3168; x_wconf 86' lang='lat' dir='ltr'>Cum</span> <span class='ocrx_word' id='word_1_167' title='bbox 1076 3132 1202 3181; x_wconf 87' lang='lat' dir='ltr'>ergo</span> <span class='ocrx_word' id='word_1_168' title='bbox 1228 3132 1364 3181; x_wconf 80' lang='lat' dir='ltr'>prae-</span> 
     </span>
     <span class='ocr_line' id='line_1_35' title="bbox 295 3192 1364 3258; baseline 0.002 -16"><span class='ocrx_word' id='word_1_169' title='bbox 295 3192 451 3244; x_wconf 83' lang='lat' dir='ltr'>dictae</span> <span class='ocrx_word' id='word_1_170' title='bbox 473 3194 896 3258; x_wconf 78' lang='lat' dir='ltr'>perturbationes</span> <span class='ocrx_word' id='word_1_171' title='bbox 919 3201 1117 3243; x_wconf 81' lang='lat' dir='ltr'>tantum</span> <span class='ocrx_word' id='word_1_172' title='bbox 1141 3193 1247 3244; x_wconf 90' lang='lat' dir='ltr'>sint</span> <span class='ocrx_word' id='word_1_173' title='bbox 1268 3194 1364 3244; x_wconf 90' lang='lat' dir='ltr'>im·</span> 
     </span>
     <span class='ocr_line' id='line_1_36' title="bbox 294 3270 1360 3337; baseline 0.001 -16"><span class='ocrx_word' id='word_1_174' title='bbox 294 3270 668 3335; x_wconf 85' lang='lat' dir='ltr'>pedimentum,</span> <span class='ocrx_word' id='word_1_175' title='bbox 700 3278 760 3321; x_wconf 86' lang='lat' dir='ltr'>nt</span> <span class='ocrx_word' id='word_1_176' title='bbox 791 3272 946 3321; x_wconf 78' lang='lat' dir='ltr'>clarae</span> <span class='ocrx_word' id='word_1_177' title='bbox 988 3271 1360 3337; x_wconf 83' lang='lat' dir='ltr'>distinctaeque</span> 
     </span>
     <span class='ocr_line' id='line_1_37' title="bbox 294 3346 1361 3411; baseline 0.002 -16"><span class='ocrx_word' id='word_1_178' title='bbox 294 3346 629 3411; x_wconf 82' lang='lat' dir='ltr'>cognitionis,</span> <span class='ocrx_word' id='word_1_179' title='bbox 652 3346 728 3396; x_wconf 85' lang='lat' dir='ltr'>sic</span> <span class='ocrx_word' id='word_1_180' title='bbox 743 3346 902 3396; x_wconf 85' lang='lat' dir='ltr'>etiam</span> <span class='ocrx_word' id='word_1_181' title='bbox 926 3360 1063 3397; x_wconf 81' lang='lat' dir='ltr'>verae</span> <span class='ocrx_word' id='word_1_182' title='bbox 1086 3347 1361 3397; x_wconf 64' lang='lat' dir='ltr'>sententiaa</span> 
     </span>
     <span class='ocr_line' id='line_1_38' title="bbox 293 3421 1362 3488; baseline 0.003 -17"><span class='ocrx_word' id='word_1_183' title='bbox 293 3421 585 3483; x_wconf 74' lang='lat' dir='ltr'>bsbendae3</span> <span class='ocrx_word' id='word_1_184' title='bbox 622 3421 666 3471; x_wconf 86' lang='lat' dir='ltr'>si</span> <span class='ocrx_word' id='word_1_185' title='bbox 689 3422 869 3487; x_wconf 84' lang='lat' dir='ltr'>cupias</span> <span class='ocrx_word' id='word_1_186' title='bbox 892 3429 948 3473; x_wconf 88' lang='lat' dir='ltr'>et</span> <span class='ocrx_word' id='word_1_187' title='bbox 982 3423 1217 3474; x_wconf 85' lang='lat' dir='ltr'>evidenti</span> <span class='ocrx_word' id='word_1_188' title='bbox 1241 3439 1362 3488; x_wconf 83' lang='lat' dir='ltr'>cog·</span> 
     </span>
     <span class='ocr_line' id='line_1_39' title="bbox 290 3497 1361 3564; baseline 0.004 -19"><span class='ocrx_word' id='word_1_189' title='bbox 290 3497 482 3548; x_wconf 81' lang='lat' dir='ltr'>uitione</span> <span class='ocrx_word' id='word_1_190' title='bbox 528 3497 804 3547; x_wconf 76' lang='lat' dir='ltr'>veritatem</span> <span class='ocrx_word' id='word_1_191' title='bbox 841 3499 1131 3562; x_wconf 82' lang='lat' dir='ltr'>percipere,</span> <span class='ocrx_word' id='word_1_192' title='bbox 1172 3506 1229 3549; x_wconf 88' lang='lat' dir='ltr'>et</span> <span class='ocrx_word' id='word_1_193' title='bbox 1259 3515 1361 3564; x_wconf 87' lang='lat' dir='ltr'>quo</span> 
     </span>
     <span class='ocr_line' id='line_1_40' title="bbox 293 3576 1361 3643; baseline 0.003 -18"><span class='ocrx_word' id='word_1_194' title='bbox 293 3576 562 3626; x_wconf 82' lang='lat' dir='ltr'>evidentia</span> <span class='ocrx_word' id='word_1_195' title='bbox 605 3576 695 3627; x_wconf 82' lang='lat' dir='ltr'>illa</span> <span class='ocrx_word' id='word_1_196' title='bbox 740 3584 889 3628; x_wconf 71' lang='lat' dir='ltr'>recta</span> <span class='ocrx_word' id='word_1_197' title='bbox 933 3578 1129 3628; x_wconf 85' lang='lat' dir='ltr'>ducere</span> <span class='ocrx_word' id='word_1_198' title='bbox 1184 3583 1361 3643; x_wconf 85' lang='lat' dir='ltr'>potest</span> 
     </span>
     <span class='ocr_line' id='line_1_41' title="bbox 281 3653 1363 3719; baseline 0.002 -17"><span class='ocrx_word' id='word_1_199' title='bbox 281 3653 570 3716; x_wconf 85' lang='lat' dir='ltr'>judicando</span> <span class='ocrx_word' id='word_1_200' title='bbox 610 3655 774 3719; x_wconf 84' lang='lat' dir='ltr'>sequi,</span> <span class='ocrx_word' id='word_1_201' title='bbox 810 3661 870 3704; x_wconf 92' lang='lat' dir='ltr'>tu</span> <span class='ocrx_word' id='word_1_202' title='bbox 907 3660 1134 3704; x_wconf 88' lang='lat' dir='ltr'>mentem</span> <span class='ocrx_word' id='word_1_203' title='bbox 1175 3654 1363 3719; x_wconf 84' lang='lat' dir='ltr'>praeju·</span> 
     </span>
     <span class='ocr_line' id='line_1_42' title="bbox 294 3728 1361 3796; baseline 0.001 -18"><span class='ocrx_word' id='word_1_204' title='bbox 294 3729 448 3779; x_wconf 88' lang='lat' dir='ltr'>diciis</span> <span class='ocrx_word' id='word_1_205' title='bbox 470 3730 549 3778; x_wconf 89' lang='lat' dir='ltr'>sic</span> <span class='ocrx_word' id='word_1_206' title='bbox 569 3743 720 3794; x_wconf 82' lang='lat' dir='ltr'>exue,</span> <span class='ocrx_word' id='word_1_207' title='bbox 741 3737 800 3780; x_wconf 89' lang='lat' dir='ltr'>ut</span> <span class='ocrx_word' id='word_1_208' title='bbox 834 3745 1004 3796; x_wconf 88' lang='lat' dir='ltr'>neque</span> <span class='ocrx_word' id='word_1_209' title='bbox 1027 3728 1237 3794; x_wconf 83' lang='lat' dir='ltr'>gaudio,</span> <span class='ocrx_word' id='word_1_210' title='bbox 1268 3744 1361 3779; x_wconf 90' lang='lat' dir='ltr'>ne·</span> 
     </span>
     <span class='ocr_line' id='line_1_43' title="bbox 290 3806 1365 3873; baseline -0.002 -17"><span class='ocrx_word' id='word_1_211' title='bbox 290 3821 392 3872; x_wconf 87' lang='lat' dir='ltr'>que</span> <span class='ocrx_word' id='word_1_212' title='bbox 418 3808 627 3869; x_wconf 85' lang='lat' dir='ltr'>timore,</span> <span class='ocrx_word' id='word_1_213' title='bbox 646 3821 819 3873; x_wconf 90' lang='lat' dir='ltr'>neque</span> <span class='ocrx_word' id='word_1_214' title='bbox 841 3821 954 3871; x_wconf 85' lang='lat' dir='ltr'>spe,</span> <span class='ocrx_word' id='word_1_215' title='bbox 973 3821 1143 3871; x_wconf 87' lang='lat' dir='ltr'>neque</span> <span class='ocrx_word' id='word_1_216' title='bbox 1168 3806 1365 3869; x_wconf 84' lang='lat' dir='ltr'>dolore,</span> 
     </span>
     <span class='ocr_line' id='line_1_44' title="bbox 290 3881 1361 3949; baseline -0.003 -17"><span class='ocrx_word' id='word_1_217' title='bbox 290 3898 461 3949; x_wconf 87' lang='lat' dir='ltr'>neque</span> <span class='ocrx_word' id='word_1_218' title='bbox 518 3884 755 3948; x_wconf 79' lang='lat' dir='ltr'>qualibet</span> <span class='ocrx_word' id='word_1_219' title='bbox 813 3883 916 3932; x_wconf 91' lang='lat' dir='ltr'>alia</span> <span class='ocrx_word' id='word_1_220' title='bbox 966 3881 1361 3946; x_wconf 78' lang='lat' dir='ltr'>perturbatione</span> 
     </span>
     <span class='ocr_line' id='line_1_45' title="bbox 294 3956 1361 4009; baseline -0.003 -1"><span class='ocrx_word' id='word_1_221' title='bbox 294 3960 484 4009; x_wconf 87' lang='lat' dir='ltr'>ductus</span> <span class='ocrx_word' id='word_1_222' title='bbox 532 3958 845 4008; x_wconf 87' lang='lat' dir='ltr'>sententiam</span> <span class='ocrx_word' id='word_1_223' title='bbox 888 3956 1067 4008; x_wconf 82' lang='lat' dir='ltr'>feras:</span> <span class='ocrx_word' id='word_1_224' title='bbox 1119 3963 1181 4007; x_wconf 85' lang='lat' dir='ltr'>ut</span> <span class='ocrx_word' id='word_1_225' title='bbox 1224 3956 1361 4006; x_wconf 87' lang='lat' dir='ltr'>enim</span> 
     </span>
     <span class='ocr_line' id='line_1_46' title="bbox 290 4033 1361 4099; baseline -0.001 -15"><span class='ocrx_word' id='word_1_226' title='bbox 290 4035 367 4084; x_wconf 83' lang='lat' dir='ltr'>bis</span> <span class='ocrx_word' id='word_1_227' title='bbox 411 4033 797 4095; x_wconf 82' lang='lat' dir='ltr'>affectionibus,</span> <span class='ocrx_word' id='word_1_228' title='bbox 850 4033 1012 4084; x_wconf 85' lang='lat' dir='ltr'>veluti</span> <span class='ocrx_word' id='word_1_229' title='bbox 1055 4033 1361 4099; x_wconf 71' lang='lat' dir='ltr'>quibusdam</span> 
     </span>
     <span class='ocr_line' id='line_1_47' title="bbox 294 4108 1364 4177; baseline 0 -16"><span class='ocrx_word' id='word_1_230' title='bbox 294 4113 516 4173; x_wconf 79' lang='lat' dir='ltr'>nebulis,</span> <span class='ocrx_word' id='word_1_231' title='bbox 534 4127 680 4162; x_wconf 87' lang='lat' dir='ltr'>meus</span> <span class='ocrx_word' id='word_1_232' title='bbox 699 4119 1016 4177; x_wconf 83' lang='lat' dir='ltr'>perceptura</span> <span class='ocrx_word' id='word_1_233' title='bbox 1035 4108 1364 4176; x_wconf 82' lang='lat' dir='ltr'>obscuratur,</span> 
     </span>
     <span class='ocr_line' id='line_1_48' title="bbox 293 4190 1361 4256; baseline 0.001 -16"><span class='ocrx_word' id='word_1_234' title='bbox 293 4192 368 4241; x_wconf 88' lang='lat' dir='ltr'>sic</span> <span class='ocrx_word' id='word_1_235' title='bbox 391 4191 577 4241; x_wconf 89' lang='lat' dir='ltr'>iisdem</span> <span class='ocrx_word' id='word_1_236' title='bbox 617 4201 862 4256; x_wconf 85' lang='lat' dir='ltr'>tanquam</span> <span class='ocrx_word' id='word_1_237' title='bbox 898 4190 1078 4241; x_wconf 80' lang='lat' dir='ltr'>fraenis</span> <span class='ocrx_word' id='word_1_238' title='bbox 1101 4199 1248 4241; x_wconf 87' lang='lat' dir='ltr'>recte</span> <span class='ocrx_word' id='word_1_239' title='bbox 1274 4191 1361 4255; x_wconf 85' lang='lat' dir='ltr'>ju-</span> 
     </span>
     <span class='ocr_line' id='line_1_49' title="bbox 291 4266 1363 4331; baseline 0 -14"><span class='ocrx_word' id='word_1_240' title='bbox 291 4268 531 4318; x_wconf 82' lang='lat' dir='ltr'>dicatura</span> <span class='ocrx_word' id='word_1_241' title='bbox 563 4266 858 4319; x_wconf 74' lang='lat' dir='ltr'>cohibetur.</span> <span class='ocrx_word' id='word_1_242' title='bbox 925 4267 1217 4331; x_wconf 83' lang='lat' dir='ltr'>Propterea</span> <span class='ocrx_word' id='word_1_243' title='bbox 1248 4267 1363 4317; x_wconf 83' lang='lat' dir='ltr'>Vir-</span> 
     </span>
    </p>
   </div>
   <div class='ocr_carea' id='block_1_12' title="bbox 1436 1885 2513 4347">
    <p class='ocr_par' dir='ltr' id='par_1_13' title="bbox 1437 1885 2512 2326">
     <span class='ocr_line' id='line_1_50' title="bbox 1437 1885 2512 1957; baseline -0.006 -15"><span class='ocrx_word' id='word_1_244' title='bbox 1437 1892 1610 1956; x_wconf 87' lang='lat' dir='ltr'>gilius,</span> <span class='ocrx_word' id='word_1_245' title='bbox 1623 1891 2005 1957; x_wconf 82' lang='lat' dir='ltr'>significaturus</span> <span class='ocrx_word' id='word_1_246' title='bbox 2021 1891 2243 1940; x_wconf 82' lang='lat' dir='ltr'>animum</span> <span class='ocrx_word' id='word_1_247' title='bbox 2254 1888 2334 1938; x_wconf 89' lang='lat' dir='ltr'>his</span> <span class='ocrx_word' id='word_1_248' title='bbox 2355 1885 2512 1937; x_wconf 83' lang='lat' dir='ltr'>affec-</span> 
     </span>
     <span class='ocr_line' id='line_1_51' title="bbox 1440 1965 2510 2029; baseline -0.005 -12"><span class='ocrx_word' id='word_1_249' title='bbox 1440 1970 1581 2018; x_wconf 83' lang='lat' dir='ltr'>tibus</span> <span class='ocrx_word' id='word_1_250' title='bbox 1604 1970 1939 2019; x_wconf 88' lang='lat' dir='ltr'>0bscuratum</span> <span class='ocrx_word' id='word_1_251' title='bbox 1965 1984 2070 2018; x_wconf 84' lang='lat' dir='ltr'>suae</span> <span class='ocrx_word' id='word_1_252' title='bbox 2109 1968 2266 2017; x_wconf 86' lang='lat' dir='ltr'>etiam</span> <span class='ocrx_word' id='word_1_253' title='bbox 2292 1965 2510 2029; x_wconf 87' lang='lat' dir='ltr'>originis</span> 
     </span>
     <span class='ocr_line' id='line_1_52' title="bbox 1437 2042 2508 2109; baseline -0.006 -13"><span class='ocrx_word' id='word_1_254' title='bbox 1437 2046 1697 2109; x_wconf 85' lang='lat' dir='ltr'>oblivisci,</span> <span class='ocrx_word' id='word_1_255' title='bbox 1707 2048 1864 2096; x_wconf 86' lang='lat' dir='ltr'>cauit.</span> <span class='ocrx_word' id='word_1_256' title='bbox 1881 2046 1997 2095; x_wconf 85' lang='lat' dir='ltr'>AEn.</span> <span class='ocrx_word' id='word_1_257' title='bbox 2013 2060 2090 2095; x_wconf 87' lang='lat' dir='ltr'>vr.</span> <span class='ocrx_word' id='word_1_258' title='bbox 2112 2060 2188 2093; x_wconf 86' lang='lat' dir='ltr'>vs.</span> <span class='ocrx_word' id='word_1_259' title='bbox 2201 2047 2317 2092; x_wconf 75' lang='lat'><strong>733.</strong></span> <span class='ocrx_word' id='word_1_260' title='bbox 2336 2044 2352 2071; x_wconf 80' lang='lat'>⁸</span> <span class='ocrx_word' id='word_1_261' title='bbox 2366 2042 2508 2091; x_wconf 83' lang='lat' dir='ltr'>Hine</span> 
     </span>
     <span class='ocr_line' id='line_1_53' title="bbox 1437 2122 2504 2189; baseline -0.007 -14"><span class='ocrx_word' id='word_1_262' title='bbox 1437 2130 1703 2189; x_wconf 86' lang='lat' dir='ltr'>metuunt,</span> <span class='ocrx_word' id='word_1_263' title='bbox 1752 2124 2094 2189; x_wconf 88' lang='lat' dir='ltr'>cupiuntque,</span> <span class='ocrx_word' id='word_1_264' title='bbox 2132 2122 2330 2181; x_wconf 87' lang='lat' dir='ltr'>dolent,</span> <span class='ocrx_word' id='word_1_265' title='bbox 2380 2134 2504 2181; x_wconf 82' lang='lat' dir='ltr'>gau-</span> 
     </span>
     <span class='ocr_line' id='line_1_54' title="bbox 1438 2197 2508 2267; baseline -0.006 -17"><span class='ocrx_word' id='word_1_266' title='bbox 1438 2201 1669 2267; x_wconf 88' lang='lat' dir='ltr'>dentque</span> <span class='ocrx_word' id='word_1_267' title='bbox 1688 2218 1704 2264; x_wconf 80' lang='lat'>3</span> <span class='ocrx_word' id='word_1_268' title='bbox 1737 2216 1835 2251; x_wconf 88' lang='lat' dir='ltr'>nec</span> <span class='ocrx_word' id='word_1_269' title='bbox 1860 2215 2011 2250; x_wconf 82' lang='lat' dir='ltr'>auras</span> <span class='ocrx_word' id='word_1_270' title='bbox 2033 2197 2346 2262; x_wconf 84' lang='lat' dir='ltr'>Respiciuut</span> <span class='ocrx_word' id='word_1_271' title='bbox 2367 2197 2508 2245; x_wconf 85' lang='lat' dir='ltr'>clau·</span> 
     </span>
     <span class='ocr_line' id='line_1_55' title="bbox 1439 2270 2283 2326; baseline -0.007 0"><span class='ocrx_word' id='word_1_272' title='bbox 1439 2292 1512 2326; x_wconf 84' lang='lat' dir='ltr'>sae</span> <span class='ocrx_word' id='word_1_273' title='bbox 1540 2276 1772 2325; x_wconf 89' lang='lat' dir='ltr'>tenebris</span> <span class='ocrx_word' id='word_1_274' title='bbox 1797 2282 1850 2325; x_wconf 89' lang='lat' dir='ltr'>et</span> <span class='ocrx_word' id='word_1_275' title='bbox 1872 2288 2084 2324; x_wconf 83' lang='lat' dir='ltr'>carcere</span> <span class='ocrx_word' id='word_1_276' title='bbox 2107 2270 2283 2323; x_wconf 59' lang='lat' dir='ltr'>carco?</span> 
     </span>
    </p>

    <p class='ocr_par' dir='ltr' id='par_1_14' title="bbox 1436 2346 2513 4347">
     <span class='ocr_line' id='line_1_56' title="bbox 1502 2346 2508 2416; baseline -0.006 -15"><span class='ocrx_word' id='word_1_277' title='bbox 1502 2350 1529 2385; x_wconf 71' lang='lat' dir='ltr'>b</span> <span class='ocrx_word' id='word_1_278' title='bbox 1555 2353 1752 2401; x_wconf 79' lang='lat' dir='ltr'>Gaudia</span> <span class='ocrx_word' id='word_1_279' title='bbox 1777 2352 1923 2416; x_wconf 81' lang='lat' dir='ltr'>pelle]</span> <span class='ocrx_word' id='word_1_280' title='bbox 1971 2346 2316 2400; x_wconf 87' lang='lat' dir='ltr'>Perturbatio</span> <span class='ocrx_word' id='word_1_281' title='bbox 2334 2360 2508 2395; x_wconf 86' lang='lat' dir='ltr'>versa-</span> 
     </span>
     <span class='ocr_line' id='line_1_57' title="bbox 1441 2423 2509 2494; baseline -0.005 -17"><span class='ocrx_word' id='word_1_282' title='bbox 1441 2434 1528 2477; x_wconf 85' lang='lat' dir='ltr'>tur</span> <span class='ocrx_word' id='word_1_283' title='bbox 1551 2427 1602 2477; x_wconf 89' lang='lat' dir='ltr'>in</span> <span class='ocrx_word' id='word_1_284' title='bbox 1625 2426 1846 2494; x_wconf 84' lang='lat' dir='ltr'>quadam</span> <span class='ocrx_word' id='word_1_285' title='bbox 1871 2425 2219 2478; x_wconf 82' lang='lat' dir='ltr'>commotione</span> <span class='ocrx_word' id='word_1_286' title='bbox 2251 2423 2442 2474; x_wconf 85' lang='lat' dir='ltr'>mentis</span> <span class='ocrx_word' id='word_1_287' title='bbox 2476 2438 2509 2473; x_wconf 84' lang='lat' dir='ltr'>a</span> 
     </span>
     <span class='ocr_line' id='line_1_58' title="bbox 1439 2502 2508 2570; baseline -0.007 -16"><span class='ocrx_word' id='word_1_288' title='bbox 1439 2519 1664 2569; x_wconf 85' lang='lat' dir='ltr'>corpore</span> <span class='ocrx_word' id='word_1_289' title='bbox 1687 2511 1835 2554; x_wconf 86' lang='lat' dir='ltr'>orta:</span> <span class='ocrx_word' id='word_1_290' title='bbox 1871 2502 2201 2570; x_wconf 86' lang='lat' dir='ltr'>quamobrem</span> <span class='ocrx_word' id='word_1_291' title='bbox 2234 2515 2351 2550; x_wconf 92' lang='lat' dir='ltr'>cum</span> <span class='ocrx_word' id='word_1_292' title='bbox 2372 2513 2508 2548; x_wconf 85' lang='lat' dir='ltr'>com-</span> 
     </span>
     <span class='ocr_line' id='line_1_59' title="bbox 1439 2575 2509 2644; baseline -0.006 -12"><span class='ocrx_word' id='word_1_293' title='bbox 1439 2583 1601 2632; x_wconf 87' lang='lat' dir='ltr'>motio</span> <span class='ocrx_word' id='word_1_294' title='bbox 1623 2582 1712 2632; x_wconf 73' lang='lat' dir='ltr'>illa</span> <span class='ocrx_word' id='word_1_295' title='bbox 1751 2580 1967 2630; x_wconf 85' lang='lat' dir='ltr'>infinitis</span> <span class='ocrx_word' id='word_1_296' title='bbox 2007 2595 2172 2644; x_wconf 87' lang='lat' dir='ltr'>prope</span> <span class='ocrx_word' id='word_1_297' title='bbox 2207 2578 2370 2627; x_wconf 88' lang='lat' dir='ltr'>modis</span> <span class='ocrx_word' id='word_1_298' title='bbox 2390 2575 2509 2627; x_wconf 86' lang='lat' dir='ltr'>fieri</span> 
     </span>
     <span class='ocr_line' id='line_1_60' title="bbox 1438 2657 2513 2723; baseline -0.007 -15"><span class='ocrx_word' id='word_1_299' title='bbox 1438 2659 1622 2723; x_wconf 86' lang='lat' dir='ltr'>possit,</span> <span class='ocrx_word' id='word_1_300' title='bbox 1654 2657 1903 2708; x_wconf 89' lang='lat' dir='ltr'>definitus</span> <span class='ocrx_word' id='word_1_301' title='bbox 1922 2670 2038 2707; x_wconf 85' lang='lat' dir='ltr'>esse</span> <span class='ocrx_word' id='word_1_302' title='bbox 2061 2671 2163 2706; x_wconf 90' lang='lat' dir='ltr'>non</span> <span class='ocrx_word' id='word_1_303' title='bbox 2194 2660 2372 2719; x_wconf 89' lang='lat' dir='ltr'>potest</span> <span class='ocrx_word' id='word_1_304' title='bbox 2391 2667 2513 2717; x_wconf 82' lang='lat' dir='ltr'>per·</span> 
     </span>
     <span class='ocr_line' id='line_1_61' title="bbox 1440 2734 2508 2789; baseline -0.008 0"><span class='ocrx_word' id='word_1_305' title='bbox 1440 2739 1796 2789; x_wconf 75' lang='lat' dir='ltr'>turbationum</span> <span class='ocrx_word' id='word_1_306' title='bbox 1843 2750 2108 2786; x_wconf 88' lang='lat' dir='ltr'>numerus.</span> <span class='ocrx_word' id='word_1_307' title='bbox 2188 2734 2293 2783; x_wconf 91' lang='lat' dir='ltr'>Hic</span> <span class='ocrx_word' id='word_1_308' title='bbox 2334 2739 2508 2781; x_wconf 84' lang='lat' dir='ltr'>tamen</span> 
     </span>
     <span class='ocr_line' id='line_1_62' title="bbox 1438 2808 2507 2877; baseline -0.007 -14"><span class='ocrx_word' id='word_1_309' title='bbox 1438 2822 1777 2863; x_wconf 88' lang='lat' dir='ltr'>numerantur</span> <span class='ocrx_word' id='word_1_310' title='bbox 1815 2819 2038 2877; x_wconf 85' lang='lat' dir='ltr'>quatuor</span> <span class='ocrx_word' id='word_1_311' title='bbox 2062 2808 2507 2875; x_wconf 83' lang='lat' dir='ltr'>perturbationum</span> 
     </span>
     <span class='ocr_line' id='line_1_63' title="bbox 1439 2888 2506 2954; baseline -0.005 -15"><span class='ocrx_word' id='word_1_312' title='bbox 1439 2904 1651 2954; x_wconf 85' lang='lat' dir='ltr'>genera,</span> <span class='ocrx_word' id='word_1_313' title='bbox 1683 2888 1822 2953; x_wconf 86' lang='lat' dir='ltr'>quod</span> <span class='ocrx_word' id='word_1_314' title='bbox 1862 2902 2051 2937; x_wconf 89' lang='lat' dir='ltr'>novum</span> <span class='ocrx_word' id='word_1_315' title='bbox 2090 2901 2196 2936; x_wconf 92' lang='lat' dir='ltr'>non</span> <span class='ocrx_word' id='word_1_316' title='bbox 2229 2892 2341 2934; x_wconf 83' lang='lat' dir='ltr'>est:</span> <span class='ocrx_word' id='word_1_317' title='bbox 2386 2898 2506 2934; x_wconf 85' lang='lat' dir='ltr'>nam</span> 
     </span>
     <span class='ocr_line' id='line_1_64' title="bbox 1440 2960 2506 3029; baseline -0.006 -13"><span class='ocrx_word' id='word_1_318' title='bbox 1440 2965 1628 3016; x_wconf 87' lang='lat' dir='ltr'>Cicero</span> <span class='ocrx_word' id='word_1_319' title='bbox 1668 2964 1858 3029; x_wconf 89' lang='lat' dir='ltr'>passim</span> <span class='ocrx_word' id='word_1_320' title='bbox 1882 2963 2062 3025; x_wconf 86' lang='lat' dir='ltr'>docet,</span> <span class='ocrx_word' id='word_1_321' title='bbox 2084 2960 2506 3026; x_wconf 81' lang='lat' dir='ltr'>perturbationes</span> 
     </span>
     <span class='ocr_line' id='line_1_65' title="bbox 1439 3037 2509 3107; baseline -0.006 -16"><span class='ocrx_word' id='word_1_322' title='bbox 1439 3056 1553 3091; x_wconf 87' lang='lat' dir='ltr'>esse</span> <span class='ocrx_word' id='word_1_323' title='bbox 1577 3049 1818 3107; x_wconf 88' lang='lat' dir='ltr'>quatuor,</span> <span class='ocrx_word' id='word_1_324' title='bbox 1842 3054 2030 3101; x_wconf 82' lang='lat' dir='ltr'>nempe</span> <span class='ocrx_word' id='word_1_325' title='bbox 2074 3040 2091 3067; x_wconf 88' lang='lat'>‘</span> <span class='ocrx_word' id='word_1_326' title='bbox 2116 3037 2383 3099; x_wconf 78' lang='lat' dir='ltr'>laetitiam,’</span> <span class='ocrx_word' id='word_1_327' title='bbox 2418 3044 2432 3065; x_wconf 86' lang='lat'>‘</span> <span class='ocrx_word' id='word_1_328' title='bbox 2451 3038 2509 3086; x_wconf 83' lang='lat' dir='ltr'>li-</span> 
     </span>
     <span class='ocr_line' id='line_1_66' title="bbox 1441 3115 2506 3181; baseline -0.006 -12"><span class='ocrx_word' id='word_1_329' title='bbox 1441 3118 1702 3181; x_wconf 84' lang='lat' dir='ltr'>bidinem,’</span> <span class='ocrx_word' id='word_1_330' title='bbox 1716 3119 1731 3146; x_wconf 92' lang='lat'>‘</span> <span class='ocrx_word' id='word_1_331' title='bbox 1745 3117 1976 3181; x_wconf 88' lang='lat' dir='ltr'>metum‚’</span> <span class='ocrx_word' id='word_1_332' title='bbox 1992 3123 2048 3167; x_wconf 89' lang='lat' dir='ltr'>et</span> <span class='ocrx_word' id='word_1_333' title='bbox 2065 3118 2080 3144; x_wconf 88' lang='lat'>‘</span> <span class='ocrx_word' id='word_1_334' title='bbox 2095 3115 2453 3180; x_wconf 79' lang='lat' dir='ltr'>aegritudinem</span> <span class='ocrx_word' id='word_1_335' title='bbox 2469 3115 2506 3164; x_wconf 66' lang='grc' dir='ltr'>ι’</span> 
     </span>
     <span class='ocr_line' id='line_1_67' title="bbox 1439 3191 2507 3262; baseline -0.007 -16"><span class='ocrx_word' id='word_1_336' title='bbox 1439 3211 1505 3246; x_wconf 85' lang='lat' dir='ltr'>ex</span> <span class='ocrx_word' id='word_1_337' title='bbox 1530 3197 1714 3262; x_wconf 86' lang='lat' dir='ltr'>quibus</span> <span class='ocrx_word' id='word_1_338' title='bbox 1738 3195 1868 3245; x_wconf 85' lang='lat' dir='ltr'>duas</span> <span class='ocrx_word' id='word_1_339' title='bbox 1909 3194 2109 3258; x_wconf 84' lang='lat' dir='ltr'>priores</span> <span class='ocrx_word' id='word_1_340' title='bbox 2146 3192 2219 3241; x_wconf 87' lang='lat' dir='ltr'>ait</span> <span class='ocrx_word' id='word_1_341' title='bbox 2257 3191 2400 3241; x_wconf 86' lang='lat' dir='ltr'>nasci</span> <span class='ocrx_word' id='word_1_342' title='bbox 2439 3205 2507 3241; x_wconf 85' lang='lat' dir='ltr'>ex</span> 
     </span>
     <span class='ocr_line' id='line_1_68' title="bbox 1440 3268 2507 3336; baseline -0.006 -14"><span class='ocrx_word' id='word_1_343' title='bbox 1440 3272 1641 3322; x_wconf 89' lang='lat' dir='ltr'>duobus</span> <span class='ocrx_word' id='word_1_344' title='bbox 1663 3270 1887 3336; x_wconf 85' lang='lat' dir='ltr'>opinatis</span> <span class='ocrx_word' id='word_1_345' title='bbox 1926 3269 2096 3333; x_wconf 85' lang='lat' dir='ltr'>bonis,</span> <span class='ocrx_word' id='word_1_346' title='bbox 2130 3268 2370 3318; x_wconf 79' lang='lat' dir='ltr'>laetitiam</span> <span class='ocrx_word' id='word_1_347' title='bbox 2395 3268 2507 3332; x_wconf 86' lang='lat' dir='ltr'>qui·</span> 
     </span>
     <span class='ocr_line' id='line_1_69' title="bbox 1438 3344 2506 3412; baseline -0.006 -14"><span class='ocrx_word' id='word_1_348' title='bbox 1438 3348 1559 3398; x_wconf 89' lang='lat' dir='ltr'>dem</span> <span class='ocrx_word' id='word_1_349' title='bbox 1593 3363 1662 3398; x_wconf 84' lang='lat' dir='ltr'>ex</span> <span class='ocrx_word' id='word_1_350' title='bbox 1699 3346 2061 3412; x_wconf 74' lang='lat' dir='ltr'>praesentibus,</span> <span class='ocrx_word' id='word_1_351' title='bbox 2116 3344 2385 3395; x_wconf 83' lang='lat' dir='ltr'>libidinem</span> <span class='ocrx_word' id='word_1_352' title='bbox 2437 3358 2506 3394; x_wconf 84' lang='lat' dir='ltr'>ex</span> 
     </span>
     <span class='ocr_line' id='line_1_70' title="bbox 1437 3424 2505 3489; baseline -0.004 -14"><span class='ocrx_word' id='word_1_353' title='bbox 1437 3424 1663 3489; x_wconf 81' lang='lat' dir='ltr'>futuris3</span> <span class='ocrx_word' id='word_1_354' title='bbox 1720 3426 1851 3476; x_wconf 87' lang='lat' dir='ltr'>duas</span> <span class='ocrx_word' id='word_1_355' title='bbox 1905 3439 2025 3475; x_wconf 81' lang='lat' dir='ltr'>vero</span> <span class='ocrx_word' id='word_1_356' title='bbox 2078 3424 2392 3487; x_wconf 86' lang='lat' dir='ltr'>posteriores</span> <span class='ocrx_word' id='word_1_357' title='bbox 2436 3437 2505 3472; x_wconf 85' lang='lat' dir='ltr'>ex</span> 
     </span>
     <span class='ocr_line' id='line_1_71' title="bbox 1439 3499 2507 3566; baseline -0.005 -14"><span class='ocrx_word' id='word_1_358' title='bbox 1439 3502 1641 3552; x_wconf 86' lang='lat' dir='ltr'>duobus</span> <span class='ocrx_word' id='word_1_359' title='bbox 1685 3503 1834 3552; x_wconf 83' lang='lat' dir='ltr'>maiis</span> <span class='ocrx_word' id='word_1_360' title='bbox 1874 3502 2123 3566; x_wconf 85' lang='lat' dir='ltr'>opinatis,</span> <span class='ocrx_word' id='word_1_361' title='bbox 2162 3508 2355 3550; x_wconf 88' lang='lat' dir='ltr'>metum</span> <span class='ocrx_word' id='word_1_362' title='bbox 2395 3499 2507 3564; x_wconf 87' lang='lat' dir='ltr'>qui-</span> 
     </span>
     <span class='ocr_line' id='line_1_72' title="bbox 1438 3575 2505 3643; baseline -0.005 -15"><span class='ocrx_word' id='word_1_363' title='bbox 1438 3578 1555 3628; x_wconf 89' lang='lat' dir='ltr'>dem</span> <span class='ocrx_word' id='word_1_364' title='bbox 1591 3578 1804 3640; x_wconf 83' lang='lat' dir='ltr'>futuris,</span> <span class='ocrx_word' id='word_1_365' title='bbox 1826 3577 2192 3643; x_wconf 85' lang='lat' dir='ltr'>aegritudiuem</span> <span class='ocrx_word' id='word_1_366' title='bbox 2231 3575 2505 3640; x_wconf 80' lang='lat' dir='ltr'>praesenti·</span> 
     </span>
     <span class='ocr_line' id='line_1_73' title="bbox 1437 3652 2510 3719; baseline -0.003 -13"><span class='ocrx_word' id='word_1_367' title='bbox 1437 3657 1554 3707; x_wconf 87' lang='lat' dir='ltr'>bus.</span> <span class='ocrx_word' id='word_1_368' title='bbox 1618 3656 1705 3707; x_wconf 90' lang='lat' dir='ltr'>Sic</span> <span class='ocrx_word' id='word_1_369' title='bbox 1736 3656 1989 3706; x_wconf 85' lang='lat' dir='ltr'>Horatius</span> <span class='ocrx_word' id='word_1_370' title='bbox 2026 3653 2195 3719; x_wconf 86' lang='lat' dir='ltr'>Epist.</span> <span class='ocrx_word' id='word_1_371' title='bbox 2237 3653 2274 3700; x_wconf 82' lang='lat'>1.</span> <span class='ocrx_word' id='word_1_372' title='bbox 2320 3665 2363 3700; x_wconf 80' lang='grc' dir='ltr'>ι.</span> <span class='ocrx_word' id='word_1_373' title='bbox 2407 3652 2510 3715; x_wconf 84' lang='lat' dir='ltr'>Ep.</span> 
     </span>
     <span class='ocr_line' id='line_1_74' title="bbox 1436 3728 2507 3794; baseline -0.006 -12"><span class='ocrx_word' id='word_1_374' title='bbox 1436 3735 1488 3782; x_wconf 77' lang='grc' dir='ltr'>ὃ.</span> <span class='ocrx_word' id='word_1_375' title='bbox 1555 3738 1571 3761; x_wconf 78' lang='lat'>⁸</span> <span class='ocrx_word' id='word_1_376' title='bbox 1596 3731 1861 3794; x_wconf 85' lang='lat' dir='ltr'>Gaudeat,</span> <span class='ocrx_word' id='word_1_377' title='bbox 1916 3746 1981 3780; x_wconf 83' lang='lat' dir='ltr'>an</span> <span class='ocrx_word' id='word_1_378' title='bbox 2045 3729 2253 3791; x_wconf 74' lang='lat' dir='ltr'>doleat5</span> <span class='ocrx_word' id='word_1_379' title='bbox 2309 3728 2507 3792; x_wconf 89' lang='lat' dir='ltr'>cupiat,</span> 
     </span>
     <span class='ocr_line' id='line_1_75' title="bbox 1437 3805 2504 3873; baseline -0.003 -16"><span class='ocrx_word' id='word_1_380' title='bbox 1437 3813 1737 3869; x_wconf 80' lang='lat' dir='ltr'>metuatve3</span> <span class='ocrx_word' id='word_1_381' title='bbox 1787 3807 1910 3873; x_wconf 87' lang='lat' dir='ltr'>quid</span> <span class='ocrx_word' id='word_1_382' title='bbox 1935 3807 2003 3857; x_wconf 90' lang='lat' dir='ltr'>ad</span> <span class='ocrx_word' id='word_1_383' title='bbox 2024 3806 2187 3857; x_wconf 85' lang='lat' dir='ltr'>rem?&#39;</span> <span class='ocrx_word' id='word_1_384' title='bbox 2253 3805 2504 3869; x_wconf 85' lang='lat' dir='ltr'>Ejusdem</span> 
     </span>
     <span class='ocr_line' id='line_1_76' title="bbox 1438 3882 2507 3946; baseline -0.002 -11"><span class='ocrx_word' id='word_1_385' title='bbox 1438 3885 1641 3935; x_wconf 84' lang='lat' dir='ltr'>numeri</span> <span class='ocrx_word' id='word_1_386' title='bbox 1680 3885 1914 3935; x_wconf 83' lang='lat' dir='ltr'>meminit</span> <span class='ocrx_word' id='word_1_387' title='bbox 1971 3885 2024 3933; x_wconf 88' lang='lat' dir='ltr'>S.</span> <span class='ocrx_word' id='word_1_388' title='bbox 2065 3882 2409 3946; x_wconf 82' lang='lat' dir='ltr'>Augustinus,</span> <span class='ocrx_word' id='word_1_389' title='bbox 2450 3882 2507 3933; x_wconf 80' lang='lat' dir='ltr'>S.</span> 
     </span>
     <span class='ocr_line' id='line_1_77' title="bbox 1439 3960 2505 4028; baseline -0.005 -15"><span class='ocrx_word' id='word_1_390' title='bbox 1439 3963 1813 4028; x_wconf 85' lang='lat' dir='ltr'>Hieronymus,</span> <span class='ocrx_word' id='word_1_391' title='bbox 1829 3963 2106 4026; x_wconf 86' lang='lat' dir='ltr'>pluresque</span> <span class='ocrx_word' id='word_1_392' title='bbox 2133 3960 2219 4009; x_wconf 86' lang='lat' dir='ltr'>alii</span> <span class='ocrx_word' id='word_1_393' title='bbox 2240 3966 2363 4024; x_wconf 87' lang='lat' dir='ltr'>post</span> <span class='ocrx_word' id='word_1_394' title='bbox 2383 3960 2505 4008; x_wconf 76' lang='lat' dir='ltr'>Vir--</span> 
     </span>
     <span class='ocr_line' id='line_1_78' title="bbox 1441 4038 2503 4105; baseline -0.006 -14"><span class='ocrx_word' id='word_1_395' title='bbox 1441 4042 1622 4105; x_wconf 81' lang='lat' dir='ltr'>gilium</span> <span class='ocrx_word' id='word_1_396' title='bbox 1667 4041 1782 4090; x_wconf 85' lang='lat' dir='ltr'>loco</span> <span class='ocrx_word' id='word_1_397' title='bbox 1819 4055 1939 4090; x_wconf 87' lang='lat' dir='ltr'>mox</span> <span class='ocrx_word' id='word_1_398' title='bbox 1984 4038 2163 4090; x_wconf 81' lang='lat' dir='ltr'>citato.</span> <span class='ocrx_word' id='word_1_399' title='bbox 2243 4039 2315 4088; x_wconf 88' lang='lat' dir='ltr'>Et</span> <span class='ocrx_word' id='word_1_400' title='bbox 2354 4041 2503 4085; x_wconf 86' lang='lat' dir='ltr'>certe</span> 
     </span>
     <span class='ocr_line' id='line_1_79' title="bbox 1439 4112 2504 4182; baseline -0.007 -16"><span class='ocrx_word' id='word_1_401' title='bbox 1439 4115 1869 4182; x_wconf 83' lang='lat' dir='ltr'>quemadmodum</span> <span class='ocrx_word' id='word_1_402' title='bbox 1893 4123 2111 4180; x_wconf 85' lang='lat' dir='ltr'>quatuor</span> <span class='ocrx_word' id='word_1_403' title='bbox 2133 4112 2504 4178; x_wconf 87' lang='lat' dir='ltr'>principalibus</span> 
     </span>
     <span class='ocr_line' id='line_1_80' title="bbox 1441 4190 2503 4258; baseline -0.006 -17"><span class='ocrx_word' id='word_1_404' title='bbox 1441 4193 1631 4256; x_wconf 75' lang='lat' dir='ltr'>ventis,</span> <span class='ocrx_word' id='word_1_405' title='bbox 1689 4193 1874 4258; x_wconf 84' lang='lat' dir='ltr'>reliqui</span> <span class='ocrx_word' id='word_1_406' title='bbox 1933 4191 2096 4252; x_wconf 85' lang='lat' dir='ltr'>venti,</span> <span class='ocrx_word' id='word_1_407' title='bbox 2151 4190 2226 4240; x_wconf 86' lang='lat' dir='ltr'>sic</span> <span class='ocrx_word' id='word_1_408' title='bbox 2279 4194 2503 4255; x_wconf 83' lang='lat' dir='ltr'>quatuor</span> 
     </span>
     <span class='ocr_line' id='line_1_81' title="bbox 1444 4263 2507 4347; baseline -0.005 -29"><span class='ocrx_word' id='word_1_409' title='bbox 1444 4268 1815 4347; x_wconf 75' lang='lat' dir='ltr'>principalibus</span> <span class='ocrx_word' id='word_1_410' title='bbox 1862 4264 2338 4331; x_wconf 81' lang='lat' dir='ltr'>perturbationibus</span> <span class='ocrx_word' id='word_1_411' title='bbox 2385 4263 2507 4313; x_wconf 66' lang='lat' dir='ltr'>reli,-</span> 
     </span>
    </p>
   </div>
  </div>
 </body>
</html>
