3049 4928
535 400 671 468 194
1241 412 1550 464 noaruu
1603 411 1701 464 nu
1746 411 2054 462 consor..

537 567 681 626 tum
714 563 965 625 tantum
994 554 1231 623 ceteris
1278 557 1509 637 rebus,
1562 577 1717 624 cum
1746 576 1821 623 se
1853 556 2233 641 cognoscit,
2262 556 2593 625 excellat:
2636 576 2745 625 ea·

540 663 695 728 dem
755 667 976 727 tamen
1027 658 1203 725 infra
1250 658 1507 724 bestias
1553 659 1911 742 redigatur,
1957 660 2019 723 si
2079 680 2153 727 se
2203 677 2405 724 nosse
2453 659 2744 726 desierit.

540 768 726 834 Nam
756 764 1004 831 ceteris
1034 761 1490 827 animantibus
1531 773 1683 827 sese
1728 762 2057 845 ignorare,
2086 769 2322 829 natura
2352 767 2504 828 ests<
2533 762 2748 828 homi·-

537 871 732 935 nibus
758 864 978 943 vero,⁶
996 864 1198 931 vitio
1231 863 1428 930 venit.
1519 863 1746 943 Quam
1776 884 1939 930 vero
1975 865 2113 931 late
2159 872 2357 949 patet
2387 871 2607 930 vester
2635 865 2745 931 hic

542 978 790 1049 error,w
835 969 955 1054 qui
1007 967 1233 1033 ornari
1287 986 1497 1050 posse
1556 967 1816 1051 aliquid
1873 969 2283 1033 ornamentis
2341 969 2751 1043 existimatis

545 1074 824 1141 alienis!
910 1070 1011 1137 At
1035 1072 1109 1138 id
1134 1070 1274 1137 fieri
1305 1070 1558 1155 nequit.
1648 1070 1833 1135 Nam
1863 1072 1923 1135 si
1956 1070 2120 1155 quid
2148 1091 2241 1136 ex
2284 1070 2622 1155 appositis
2650 1071 2752 1136 lu-

547 1182 722 1255 ceat,
778 1175 936 1261 ipsa
977 1173 1250 1259 quidem
1269 1182 1295 1225 ⁷
1340 1192 1497 1258 quae
1551 1176 1707 1238 sunt
1757 1173 2094 1257 apposita,
2140 1171 2533 1239 laudantur:
2576 1172 2751 1238 illud

544 1297 706 1344 vero
730 1278 837 1343 his
867 1282 1118 1343 tectum
1166 1283 1372 1363 atque
1406 1277 1706 1343 velatum
1751 1276 1823 1340 in
1868 1294 1998 1340 sua
2049 1275 2494 1345 nihilominus
2542 1275 2754 1341 foedi-

543 1386 682 1446 tate
727 1381 1062 1464 perdurat.
1065 1380 1091 1419 ⁸
1179 1380 1321 1464 Ego
1367 1400 1526 1447 vero
1571 1399 1760 1462 nego,
1808 1378 1980 1444 illud
2028 1398 2177 1444 esse
2196 1386 2223 1428 ⁹
2266 1379 2524 1444 bonum
2568 1378 2751 1463 quod

542 1492 788 1550 noceat
828 1484 1119 1549 habenti.
1122 1492 1150 1523 ⁸
1238 1483 1425 1550 Num
1468 1483 1544 1548 id
1598 1482 1933 1548 mentior?
2023 1480 2337 1561 Minime,
2397 1482 2695 1565 inquies.
2699 1490 2756 1524 ¹⁰

544 1585 763 1672 Atqui
793 1586 1047 1653 divitiae
1078 1587 1582 1671 possidentibus
1610 1605 1925 1703 persaepe
1972 1588 2363 1662 nocuerunt,
2412 1604 2564 1649 cum
2597 1602 2757 1668 pes-

545 1689 758 1753 simus
802 1689 1104 1774 quisque,
1132 1708 1348 1773 eoque
1381 1689 1650 1753 alieni¹¹
1699 1689 1910 1773 magis
1953 1687 2217 1766 aviduS,
2262 1687 2586 1771 quicquid
2633 1704 2755 1751 us-

546 1810 752 1876 quam
782 1791 1006 1869 auri‚¹²
1050 1799 1522 1874 gemmarum¹³
1569 1797 1697 1871 est,
1752 1811 1828 1857 se
1883 1791 2128 1871 solum,
2160 1790 2279 1875 qui
2325 1789 2757 1873 habeatdig-

1465 1938 1592 1958 ‘m

548 2015 748 2078 Delph.
782 2013 1152 2065 existimatione.
1154 2019 1253 2065 —6
1283 2014 1350 2065 In
1371 2015 1571 2064 Thuan.
1593 2014 1778 2078 primo,
1800 2012 1934 2079 Reg.
1962 2020 2019 2065 et
2019 2020 2268 2092 ‘utroque
2287 2013 2427 2065 vict.
2461 2012 2612 2062 deest
2632 2026 2763 2063 vero.

548 2084 645 2128 -7
679 2082 695 2110 ‘
714 2080 864 2128 Ferri
888 2086 1094 2141 potest:
1128 2094 1220 2130 cur
1241 2086 1414 2130 tamen
1440 2096 1469 2128 a
1490 2080 1662 2129 veteri
1686 2094 1789 2128 non
1812 2080 1979 2129 stem?
2011 2080 2118 2142 ipsu
2145 2081 2188 2129 si
2397 2078 2691 2127 ’.Bernart
2695 2105 2758 2116 -

545 2149 579 2193 8
613 2145 713 2194 Ms.
736 2143 985 2193 Rittersh.
1002 2150 1057 2193 et
1079 2144 1163 2194 ed.
1184 2145 1325 2195 Flor.
1348 2145 1671 2195 Nihilominus
1690 2145 2089 2205 insuasoeditute
2106 2147 2349 2222 perdurat·
2352 2148 2448 2194 -9
2479 2144 2615 2194 Mss.
2639 2157 2760 2205 nego

543 2211 692 2259 ullum
709 2223 821 2258 esse.
822 2214 951 2259 -10
972 2211 1171 2260 Tbuau.
1192 2212 1409 2275 primus,
1430 2211 1561 2274 Reg.
1584 2216 1639 2259 et
1658 2217 1880 2274 uterque
1897 2209 2035 2260 Vict.
2054 2210 2266 2272 minim,
2286 2210 2462 2272 inquis.
2462 2212 2591 2258 —u
2616 2208 2761 2259 vict.

546 2272 1007 2390 ιὲιέἰιίιιιιιάῧιειὲρῶιιφιε
1028 2272 1190 2325 alieni.
1196 2279 1324 2326 -12
1358 2276 1485 2327 Auri
1508 2290 1706 2341 usquam
1728 2275 1923 2341 Deiph.
1944 2274 2256 2328 flach—13
2273 2275 2672 2337 Gonnum-umque
2687 2277 2757 2326 est

692 2354 722 2389 e

1557 2418 1769 2472 NOTAE

551 2515 705 2569 Quod
746 2515 957 2583 quidem
993 2516 1183 2570 falsum
1217 2517 1478 2585 judicium
1516 2534 1615 2571 nec
1694 2520 1801 2585 ror]
1835 2521 1931 2572 Est
1953 2520 2163 2586 quidem
2185 2519 2270 2571 hic
2302 2517 2507 2570 ‘error’
2534 2500 2648 2570 sive
2667 2518 2763 2570 fai·

551 2592 663 2643 sine
687 2593 860 2659 aliqua
881 2609 1039 2645 causa
1060 2601 1163 2659 est,
1185 2600 1284 2647 nee
1306 2597 1417 2647 sine
1440 2597 1616 2662 aliquo
1695 2611 1803 2646 sum
1811 2596 2090 2661 judicium,
2104 2602 2361 2662 quatenus
2375 2597 2526 2649 honio
2543 2594 2770 2646 arbitra·

551 2668 747 2721 effectu
769 2685 783 2719 ε
821 2672 986 2721 oritur
1015 2672 1211 2738 quippe
1237 2688 1305 2723 ex
1330 2673 1618 2724 voluntaria

549 2747 786 2797 humanae
819 2750 1010 2799 mentis
1041 2749 1382 2815 ignoratione,
1405 2766 1521 2816 quae
1545 2751 1619 2815 ig·

549 2823 770 2886 auretio,
803 2831 1075 2876 crescente
1105 2826 1196 2876 illo
1226 2825 1452 2892 judicio,
1482 2840 1619 2877 cres-

550 2898 896 2965 centibusque
929 2900 1194 2964 adjunctis
1231 2894 1307 2952 illi
1341 2901 1617 2967 pent-urba

554 2974 798 3037 ῐίοιιίϋιιε,
817 2977 1024 3029 crescit.

616 3052 918 3105 *Humana
939 3056 1111 3119 quippe
1142 3061 1345 3120 naturae,
1365 3032 1473 3120 lya]
1511 3050 1620 3105 Ho-

553 3144 637 3179 mo
661 3130 714 3179 in
737 3130 838 3180 hoc
871 3129 1047 3182 differt
1071 3147 1102 3180 a
1123 3132 1314 3185 ceteris
1346 3132 1621 3182 animanti-

555 3207 670 3269 bus,
687 3207 823 3272 quod
843 3208 929 3257 ille
954 3208 1139 3272 possit,
1156 3214 1349 3260 ceterae
1367 3223 1493 3260 vero
1511 3203 1619 3258 ani-

556 3292 756 3333 mantes
790 3299 892 3337 non
925 3286 1128 3350 possint
1159 3287 1428 3351 cogitaret
1462 3301 1623 3353 qnare

557 3360 695 3424 quod
735 3367 929 3412 ceterae
971 3364 1263 3414 animantes
1291 3363 1443 3413 ‘sese
1484 3364 1628 3426 igno-

556 3435 711 3497 rent,’
734 3435 833 3486 hoc
858 3436 1064 3488 illarum
1084 3439 1300 3489 ‘natura
1318 3439 1333 3463 ’
1349 3446 1464 3491 esta
1486 3438 1626 3506 quod

557 3526 681 3562 vero
714 3512 864 3562 homo
902 3528 961 3563 se
998 3515 1273 3578 ‘ignoret,'
1289 3515 1341 3565 id
1378 3516 1489 3580 ejus
1511 3517 1528 3544 ‘
1552 3516 1625 3565 vi-

557 3587 722 3637 tium'
769 3596 872 3650 est,
916 3597 1170 3654 quatenus
1214 3582 1623 3655 praecipitationi

556 3670 615 3714 et
658 3663 964 3729 praejudicio
1016 3665 1317 3728 obsecutus,
1360 3666 1429 3717 ad
1481 3682 1627 3718 suam

558 3750 787 3791 mentem
824 3742 994 3792 animo
1022 3756 1128 3792 non
1166 3743 1278 3793 vult
1313 3744 1626 3795 attenderet

557 3818 697 3867 unde
724 3818 874 3884 justo
912 3819 1248 3889 Dei-judicio
1284 3820 1344 3871 fit
1373 3824 1433 3873 ut
1455 3821 1629 3872 ‘infra

560 3894 752 3947 bestias
766 3896 1059 3961 redigatur:
1097 3897 1260 3949 nolite
1276 3897 1428 3961 fieri,’
1457 3898 1631 3964 inquit

561 3972 740 4022 David
763 3974 906 4023 Psal.
928 3978 1009 4026 81.
1025 3974 1043 4004 ‘
1064 3975 1202 4025 sieut
1227 3988 1392 4040 equus
1428 3980 1484 4026 et
1515 3991 1627 4025 mu·

558 4049 657 4110 lus,
680 4049 867 4114 quibus
885 4065 988 4100 uon
1006 4059 1089 4102 est
1108 4052 1406 4102 intellectus
1422 4050 1458 4103 ε’
1478 4058 1539 4100 ut
1555 4052 1628 4101 ni·

558 4125 746 4181 mirum
779 4126 859 4176 sni
900 4126 1187 4189 immemor,
1219 4126 1385 4177 instar
1421 4125 1630 4190 bestiae,

560 4202 659 4252 hnc
677 4201 898 4267 feratur,
918 4219 1021 4268 quo
1040 4218 1230 4266 corpus
1254 4203 1411 4266 rapit.

626 4286 659 4313 '¹'
693 4280 850 4338 Quum
873 4295 982 4331 vero
1005 4282 1101 4333 late
1127 4284 1262 4344 patet
1282 4285 1437 4331 vester
1456 4279 1535 4335 hic
1550 4295 1626 4335 er-

1697 2680 1802 2734 tur,
1820 2681 2046 2724 mentem
2070 2689 2214 2724 suam
2236 2672 2413 2723 ornari
2435 2685 2589 2736 posse
2612 2685 2765 2729 orna·

1697 2749 1886 2799 mentis
1917 2749 2120 2815 alienis,
2151 2750 2397 2800 videlicet
2429 2747 2680 2813 pecnnia,
2715 2762 2766 2798 a·

1700 2827 1828 2892 gris,
1871 2827 2109 2891 gemmis,
2144 2829 2247 2877 &m
2276 2826 2431 2890 ‘ipsa
2470 2825 2610 2874 enim
2646 2838 2765 2890 qua

1700 2908 1823 2952 suunt
1842 2902 2106 2966 apposita,
2142 2902 2444 2965 laudantur,
2476 2899 2620 2966 quod
2643 2915 2769 2951 vero

1697 2978 1777 3027 his
1801 2983 1996 3028 tectum
2022 2983 2179 3043 atque
2216 2979 2444 3028 velatum
2479 2977 2534 3027 in
2570 2991 2665 3028 sna
2693 2978 2770 3026 ni·

1698 3054 1971 3104 hilomiuns
2001 3053 2242 3105 foeditate
2277 3053 2530 3119 perdurat
2552 3052 2584 3102 :’
2617 3054 2774 3108 eada·

1699 3145 1826 3181 vera
1869 3140 2024 3195 putes
2068 3131 2296 3196 pulchris
2338 3130 2555 3181 condita
2594 3131 2772 3195 sepul·

1702 3208 1842 3270 cris;
1876 3215 2110 3258 stercora
2148 3208 2353 3258 nivibus
2395 3205 2646 3258 obducta.
2698 3205 2773 3257 At

1701 3286 1791 3336 ille
1824 3289 1841 3315 ‘
1861 3300 2012 3355 error
2026 3287 2133 3336 late
2157 3283 2346 3348 patet,'
2383 3298 2486 3334 uon
2507 3285 2675 3336 solum
2695 3298 2773 3335 ra·

1705 3362 1850 3414 tione
1874 3364 2151 3413 multorum
2176 3361 2451 3424 hominum,
2470 3360 2563 3425 qui
2582 3360 2678 3412 illo
2699 3361 2773 3410 in·

1705 3439 1970 3500 ficiuntur,
1993 3453 2173 3488 verum
2197 3437 2357 3487 etiam
2378 3435 2580 3487 ratione
2601 3437 2772 3487 diver-

1705 3531 1881 3567 sorum
1913 3522 2149 3566 motuum
2186 3528 2307 3564 cum
2347 3512 2506 3563 animi
2530 3519 2641 3563 tum
2663 3526 2774 3561 cor-

1706 3594 1864 3659 poris,
1896 3607 2116 3658 qunrum
2154 3606 2301 3642 error
2331 3591 2422 3641 ille
2459 3597 2542 3640 est
2580 3603 2772 3640 causa:

1708 3668 2042 3737 quamobrem
2058 3669 2211 3719 homo
2228 3668 2326 3717 hoc
2340 3667 2456 3731 ipso
2470 3680 2655 3715 errore
2672 3678 2774 3719 m

1706 3745 1861 3796 modo
1898 3745 2039 3807 Deo,
2073 3751 2133 3795 ut
2172 3744 2450 3808 probatum
2471 3748 2578 3806 est,
2605 3740 2700 3791 sed
2722 3745 2779 3791 et

1708 3821 1806 3873 sibi
1831 3820 1932 3886 ipsi
1955 3819 2086 3872 facit
2111 3820 2368 3885 injuriam.

1790 3904 1816 3932 ¹
1851 3899 1960 3960 Ego
2000 3912 2110 3946 vero
2150 3911 2268 3958 sego
2309 3895 2431 3945 iuud
2471 3908 2575 3944 esse
2613 3893 2776 3942 boun

1707 3976 1829 4039 quod
1847 3978 2013 4024 noceat
2033 3972 2249 4036 habenti]
2273 3973 2411 4022 Haec
2425 3970 2775 4035 Philosophiae

1711 4051 2037 4101 ratiocinatio
2059 4048 2499 4113 interpretatione
2524 4060 2627 4097 nou
2649 4044 2780 4096 iudi·

1709 4134 1815 4191 get.
1888 4127 2064 4191 Quod,
2107 4125 2300 4191 inquit,
2340 4131 2502 4175 uocet
2546 4121 2780 4182 babenti,

1707 4203 1838 4255 iilud
1856 4203 2094 4257 habentis
2109 4202 2299 4254 bonum
2319 4216 2435 4252 esse
2448 4215 2553 4252 non
2569 4205 2777 4265 potesta

1710 4278 1900 4337 bouum
1919 4279 2119 4348 quippe
2140 4277 2318 4331 farere
2353 4277 2535 4343 debet,
2565 4291 2671 4329 nnn
2693 4289 2778 4326 no·
