<?xml version="1.0" encoding="UTF-8"?>
<!DOCTYPE html PUBLIC "-//W3C//DTD XHTML 1.0 Transitional//EN"
    "http://www.w3.org/TR/xhtml1/DTD/xhtml1-transitional.dtd">
<html xmlns="http://www.w3.org/1999/xhtml" xml:lang="en" lang="en">
 <head>
  <title>
</title>
<meta http-equiv="Content-Type" content="text/html;charset=utf-8" />
  <meta name='ocr-system' content='tesseract 3.04.00' />
  <meta name='ocr-capabilities' content='ocr_page ocr_carea ocr_par ocr_line ocrx_word'/>
</head>
<body>
  <div class='ocr_page' id='page_1' title='image "./deconsolationep00boetgoog_0029.png"; bbox 0 0 3049 4928; ppageno 0'>
   <div class='ocr_carea' id='block_1_1' title="bbox 1212 392 2530 461">
    <p class='ocr_par' dir='ltr' id='par_1_1' title="bbox 1212 392 2530 461">
     <span class='ocr_line' id='line_1_1' title="bbox 1212 392 2530 461; baseline 0.01 -13"><span class='ocrx_word' id='word_1_1' title='bbox 1212 398 1628 451; x_wconf 69' lang='lat' dir='ltr'>PRAEFA&#39;rm.</span> <span class='ocrx_word' id='word_1_2' title='bbox 2435 392 2530 461; x_wconf 73' lang='lat'>19</span> 
     </span>
    </p>
   </div>
   <div class='ocr_carea' id='block_1_2' title="bbox 244 538 2543 4232">
    <p class='ocr_par' dir='ltr' id='par_1_2' title="bbox 322 538 2525 1043">
     <span class='ocr_line' id='line_1_2' title="bbox 326 538 2522 640; baseline 0.005 -28"><span class='ocrx_word' id='word_1_3' title='bbox 326 545 487 631; x_wconf 84' lang='lat' dir='ltr'>quia</span> <span class='ocrx_word' id='word_1_4' title='bbox 511 542 830 611; x_wconf 81' lang='lat' dir='ltr'><strong>eximiam</strong></span> <span class='ocrx_word' id='word_1_5' title='bbox 859 543 1199 611; x_wconf 77' lang='lat' dir='ltr'>continent</span> <span class='ocrx_word' id='word_1_6' title='bbox 1228 544 1509 611; x_wconf 67' lang='lat' dir='ltr'>Boethii</span> <span class='ocrx_word' id='word_1_7' title='bbox 1524 538 2104 631; x_wconf 70' lang='lat' dir='ltr'>praedicationem:</span> <span class='ocrx_word' id='word_1_8' title='bbox 2147 548 2331 617; x_wconf 86' lang='lat' dir='ltr'>Audi</span> <span class='ocrx_word' id='word_1_9' title='bbox 2361 560 2522 640; x_wconf 67' lang='lat' dir='ltr'>ergo</span> 
     </span>
     <span class='ocr_line' id='line_1_3' title="bbox 323 640 2519 737; baseline 0.004 -24"><span class='ocrx_word' id='word_1_10' title='bbox 323 649 478 733; x_wconf 91' lang='lat' dir='ltr'>quid</span> <span class='ocrx_word' id='word_1_11' title='bbox 499 647 729 732; x_wconf 83' lang='lat' dir='ltr'>priore</span> <span class='ocrx_word' id='word_1_12' title='bbox 756 647 1068 731; x_wconf 82' lang='lat' dir='ltr'><strong>Epistola</strong></span> <span class='ocrx_word' id='word_1_13' title='bbox 1095 640 1557 713; x_wconf 74' lang='lat' dir='ltr'><strong>Theodericus</strong></span> <span class='ocrx_word' id='word_1_14' title='bbox 1584 649 1871 715; x_wconf 85' lang='lat' dir='ltr'>scribat:</span> <span class='ocrx_word' id='word_1_15' title='bbox 1919 653 1942 686; x_wconf 89' lang='lat'>‘</span> <span class='ocrx_word' id='word_1_16' title='bbox 1971 651 2519 737; x_wconf 82' lang='lat' dir='ltr'>Burgundionum</span> 
     </span>
     <span class='ocr_line' id='line_1_4' title="bbox 324 749 2521 843; baseline 0.005 -27"><span class='ocrx_word' id='word_1_17' title='bbox 324 749 633 817; x_wconf 86' lang='lat' dir='ltr'>dominus</span> <span class='ocrx_word' id='word_1_18' title='bbox 673 769 715 816; x_wconf 92' lang='lat' dir='ltr'>a</span> <span class='ocrx_word' id='word_1_19' title='bbox 740 751 945 815; x_wconf 90' lang='lat' dir='ltr'>nobis</span> <span class='ocrx_word' id='word_1_20' title='bbox 997 768 1242 834; x_wconf 87' lang='lat' dir='ltr'>magno</span> <span class='ocrx_word' id='word_1_21' title='bbox 1291 768 1499 835; x_wconf 89' lang='lat' dir='ltr'>opere</span> <span class='ocrx_word' id='word_1_22' title='bbox 1539 751 1939 836; x_wconf 87' lang='lat' dir='ltr'>postulavit,</span> <span class='ocrx_word' id='word_1_23' title='bbox 1977 759 2054 820; x_wconf 89' lang='lat' dir='ltr'>ut</span> <span class='ocrx_word' id='word_1_24' title='bbox 2097 755 2521 843; x_wconf 84' lang='lat' dir='ltr'>horologium</span> 
     </span>
     <span class='ocr_line' id='line_1_5' title="bbox 322 849 2525 970; baseline 0.005 -53"><span class='ocrx_word' id='word_1_25' title='bbox 322 852 498 970; x_wconf 86' lang='lat' dir='ltr'>qued</span> <span class='ocrx_word' id='word_1_26' title='bbox 529 850 728 937; x_wconf 84' lang='lat' dir='ltr'>aquis</span> <span class='ocrx_word' id='word_1_27' title='bbox 759 853 896 917; x_wconf 92' lang='lat' dir='ltr'>sub</span> <span class='ocrx_word' id='word_1_28' title='bbox 908 851 1182 918; x_wconf 89' lang='lat' dir='ltr'>modulo</span> <span class='ocrx_word' id='word_1_29' title='bbox 1209 849 1577 919; x_wconf 84' lang='lat' dir='ltr'>fluentibus</span> <span class='ocrx_word' id='word_1_30' title='bbox 1606 860 2033 939; x_wconf 87' lang='lat' dir='ltr'>temperatur,</span> <span class='ocrx_word' id='word_1_31' title='bbox 2057 862 2124 923; x_wconf 91' lang='lat' dir='ltr'>et</span> <span class='ocrx_word' id='word_1_32' title='bbox 2150 861 2339 944; x_wconf 92' lang='lat' dir='ltr'>quod</span> <span class='ocrx_word' id='word_1_33' title='bbox 2361 856 2525 928; x_wconf 80' lang='lat' dir='ltr'>solis</span> 
     </span>
     <span class='ocr_line' id='line_1_6' title="bbox 324 953 2525 1043; baseline 0.006 -24"><span class='ocrx_word' id='word_1_34' title='bbox 324 954 620 1021; x_wconf 88' lang='lat' dir='ltr'>immensi</span> <span class='ocrx_word' id='word_1_35' title='bbox 650 954 1137 1039; x_wconf 83' lang='lat' dir='ltr'>comprehensa</span> <span class='ocrx_word' id='word_1_36' title='bbox 1163 953 1654 1021; x_wconf 81' lang='lat' dir='ltr'>illuminatione</span> <span class='ocrx_word' id='word_1_37' title='bbox 1683 956 2136 1043; x_wconf 83' lang='lat' dir='ltr'>distinguitur,</span> <span class='ocrx_word' id='word_1_38' title='bbox 2186 982 2343 1030; x_wconf 91' lang='lat' dir='ltr'>cum</span> <span class='ocrx_word' id='word_1_39' title='bbox 2380 986 2525 1032; x_wconf 84' lang='lat' dir='ltr'>ma-</span> 
     </span>
    </p>

    <p class='ocr_par' dir='ltr' id='par_1_3' title="bbox 244 1056 2533 2485">
     <span class='ocr_line' id='line_1_7' title="bbox 319 1056 2524 1152; baseline 0.007 -31"><span class='ocrx_word' id='word_1_40' title='bbox 319 1056 536 1142; x_wconf 82' lang='lat' dir='ltr'>gistris</span> <span class='ocrx_word' id='word_1_41' title='bbox 565 1078 781 1126; x_wconf 88' lang='lat' dir='ltr'>rerum</span> <span class='ocrx_word' id='word_1_42' title='bbox 828 1060 894 1124; x_wconf 87' lang='lat' dir='ltr'>ei</span> <span class='ocrx_word' id='word_1_43' title='bbox 943 1057 1385 1123; x_wconf 80' lang='lat' dir='ltr'>transmittere</span> <span class='ocrx_word' id='word_1_44' title='bbox 1414 1059 1875 1129; x_wconf 82' lang='lat' dir='ltr'>deberemus...</span> <span class='ocrx_word' id='word_1_45' title='bbox 1880 1062 2167 1133; x_wconf 77' lang='lat' dir='ltr'>‚Merito</span> <span class='ocrx_word' id='word_1_46' title='bbox 2189 1065 2524 1152; x_wconf 85' lang='lat' dir='ltr'>siquidem</span> 
     </span>
     <span class='ocr_line' id='line_1_8' title="bbox 319 1160 2525 1246; baseline 0.005 -20"><span class='ocrx_word' id='word_1_47' title='bbox 319 1161 650 1246; x_wconf 84' lang='lat' dir='ltr'>respicere</span> <span class='ocrx_word' id='word_1_48' title='bbox 676 1160 1168 1246; x_wconf 86' lang='lat' dir='ltr'>cupiuntquod</span> <span class='ocrx_word' id='word_1_49' title='bbox 1211 1161 1586 1244; x_wconf 87' lang='lat' dir='ltr'>legatorum</span> <span class='ocrx_word' id='word_1_50' title='bbox 1632 1164 1908 1229; x_wconf 84' lang='lat' dir='ltr'>suorum</span> <span class='ocrx_word' id='word_1_51' title='bbox 1937 1168 2376 1235; x_wconf 82' lang='lat' dir='ltr'>relationibus</span> <span class='ocrx_word' id='word_1_52' title='bbox 2403 1174 2525 1237; x_wconf 87' lang='lat' dir='ltr'>ob-</span> 
     </span>
     <span class='ocr_line' id='line_1_9' title="bbox 320 1263 2526 1355; baseline 0.005 -28"><span class='ocrx_word' id='word_1_53' title='bbox 320 1269 743 1347; x_wconf 79' lang='lat' dir='ltr'>stupescunt.</span> <span class='ocrx_word' id='word_1_54' title='bbox 831 1263 994 1330; x_wconf 89' lang='lat' dir='ltr'>Hoc</span> <span class='ocrx_word' id='word_1_55' title='bbox 1023 1267 1112 1341; x_wconf 86' lang='lat' dir='ltr'>te,</span> <span class='ocrx_word' id='word_1_56' title='bbox 1141 1263 1359 1329; x_wconf 90' lang='lat' dir='ltr'>multa</span> <span class='ocrx_word' id='word_1_57' title='bbox 1376 1263 1753 1330; x_wconf 84' lang='lat' dir='ltr'>eruditione</span> <span class='ocrx_word' id='word_1_58' title='bbox 1776 1268 2178 1355; x_wconf 77' lang='lat' dir='ltr'>saginatum,</span> <span class='ocrx_word' id='word_1_59' title='bbox 2206 1273 2300 1342; x_wconf 89' lang='lat' dir='ltr'>ita</span> <span class='ocrx_word' id='word_1_60' title='bbox 2326 1290 2526 1339; x_wconf 87' lang='lat' dir='ltr'>nosse</span> 
     </span>
     <span class='ocr_line' id='line_1_10' title="bbox 316 1365 2524 1454; baseline 0.005 -24"><span class='ocrx_word' id='word_1_61' title='bbox 316 1365 695 1448; x_wconf 74' lang='lat' dir='ltr'>didicimuS,</span> <span class='ocrx_word' id='word_1_62' title='bbox 723 1373 800 1434; x_wconf 88' lang='lat' dir='ltr'>ut</span> <span class='ocrx_word' id='word_1_63' title='bbox 829 1375 1010 1432; x_wconf 88' lang='lat' dir='ltr'>artes</span> <span class='ocrx_word' id='word_1_64' title='bbox 1050 1386 1223 1451; x_wconf 88' lang='lat' dir='ltr'>quas</span> <span class='ocrx_word' id='word_1_65' title='bbox 1254 1372 1576 1433; x_wconf 83' lang='lat' dir='ltr'>exercent</span> <span class='ocrx_word' id='word_1_66' title='bbox 1600 1370 1967 1452; x_wconf 82' lang='lat' dir='ltr'>vulgariter</span> <span class='ocrx_word' id='word_1_67' title='bbox 1993 1374 2404 1454; x_wconf 86' lang='lat' dir='ltr'>nescientes,</span> <span class='ocrx_word' id='word_1_68' title='bbox 2452 1376 2524 1441; x_wconf 92' lang='lat' dir='ltr'>in</span> 
     </span>
     <span class='ocr_line' id='line_1_11' title="bbox 318 1466 2525 1560; baseline 0.005 -28"><span class='ocrx_word' id='word_1_69' title='bbox 318 1466 467 1555; x_wconf 84' lang='lat' dir='ltr'>ipso</span> <span class='ocrx_word' id='word_1_70' title='bbox 497 1469 1023 1555; x_wconf 82' lang='lat' dir='ltr'>disciplinarum.</span> <span class='ocrx_word' id='word_1_71' title='bbox 1059 1470 1246 1536; x_wconf 88' lang='lat' dir='ltr'>fonte</span> <span class='ocrx_word' id='word_1_72' title='bbox 1275 1472 1655 1560; x_wconf 23' lang='lat' dir='ltr'>‘potaveris</span> <span class='ocrx_word' id='word_1_73' title='bbox 1741 1471 1864 1537; x_wconf 86' lang='lat' dir='ltr'>Sic</span> <span class='ocrx_word' id='word_1_74' title='bbox 1889 1474 2074 1538; x_wconf 81' lang='lat' dir='ltr'>enim</span> <span class='ocrx_word' id='word_1_75' title='bbox 2099 1472 2525 1543; x_wconf 70' lang='lat' dir='ltr'>Atheniensi:</span> 
     </span>
     <span class='ocr_line' id='line_1_12' title="bbox 314 1571 2521 1658; baseline 0.003 -20"><span class='ocrx_word' id='word_1_76' title='bbox 314 1590 423 1638; x_wconf 74' lang='lat' dir='ltr'>um</span> <span class='ocrx_word' id='word_1_77' title='bbox 450 1573 726 1657; x_wconf 87' lang='lat' dir='ltr'>scholas</span> <span class='ocrx_word' id='word_1_78' title='bbox 767 1573 963 1657; x_wconf 82' lang='lat' dir='ltr'>longe</span> <span class='ocrx_word' id='word_1_79' title='bbox 1005 1572 1272 1657; x_wconf 86' lang='lat' dir='ltr'>positus</span> <span class='ocrx_word' id='word_1_80' title='bbox 1301 1571 1620 1652; x_wconf 83' lang='lat' dir='ltr'>introisti,</span> <span class='ocrx_word' id='word_1_81' title='bbox 1670 1574 1771 1638; x_wconf 90' lang='lat' dir='ltr'>sic</span> <span class='ocrx_word' id='word_1_82' title='bbox 1819 1575 2246 1658; x_wconf 90' lang='lat' dir='ltr'>palliatorum</span> <span class='ocrx_word' id='word_1_83' title='bbox 2292 1574 2521 1645; x_wconf 85' lang='lat' dir='ltr'>choris</span> 
     </span>
     <span class='ocr_line' id='line_1_13' title="bbox 317 1672 2525 1759; baseline 0.005 -21"><span class='ocrx_word' id='word_1_84' title='bbox 317 1674 641 1742; x_wconf 88' lang='lat' dir='ltr'>miscuisti</span> <span class='ocrx_word' id='word_1_85' title='bbox 667 1681 915 1759; x_wconf 78' lang='lat' dir='ltr'>togam,</span> <span class='ocrx_word' id='word_1_86' title='bbox 960 1680 1035 1740; x_wconf 91' lang='lat' dir='ltr'>ut</span> <span class='ocrx_word' id='word_1_87' title='bbox 1060 1674 1451 1740; x_wconf 78' lang='lat' dir='ltr'>Graecorum</span> <span class='ocrx_word' id='word_1_88' title='bbox 1480 1672 1816 1759; x_wconf 86' lang='lat' dir='ltr'>dogmata-</span> <span class='ocrx_word' id='word_1_89' title='bbox 1849 1676 2225 1743; x_wconf 85' lang='lat' dir='ltr'>doctrinam</span> <span class='ocrx_word' id='word_1_90' title='bbox 2280 1678 2525 1751; x_wconf 77' lang='lat' dir='ltr'>feceris</span> 
     </span>
     <span class='ocr_line' id='line_1_14' title="bbox 313 1778 2525 1866; baseline 0.003 -21"><span class='ocrx_word' id='word_1_91' title='bbox 313 1796 457 1845; x_wconf 80' lang='lat' dir='ltr'>esse</span> <span class='ocrx_word' id='word_1_92' title='bbox 492 1779 900 1846; x_wconf 80' lang='lat' dir='ltr'>Romanam.</span> <span class='ocrx_word' id='word_1_93' title='bbox 958 1778 1284 1845; x_wconf 88' lang='lat' dir='ltr'>Didicisti</span> <span class='ocrx_word' id='word_1_94' title='bbox 1312 1780 1512 1859; x_wconf 87' lang='lat' dir='ltr'>enim,</span> <span class='ocrx_word' id='word_1_95' title='bbox 1543 1799 1683 1866; x_wconf 88' lang='lat' dir='ltr'>qua</span> <span class='ocrx_word' id='word_1_96' title='bbox 1709 1780 2163 1866; x_wconf 87' lang='lat' dir='ltr'>profunditate</span> <span class='ocrx_word' id='word_1_97' title='bbox 2197 1803 2351 1849; x_wconf 88' lang='lat' dir='ltr'>cum</span> <span class='ocrx_word' id='word_1_98' title='bbox 2382 1785 2525 1851; x_wconf 78' lang='lat' dir='ltr'>s‘uis</span> 
     </span>
     <span class='ocr_line' id='line_1_15' title="bbox 244 1881 2528 1968; baseline 0.003 -22"><span class='ocrx_word' id='word_1_99' title='bbox 244 1912 250 1920; x_wconf 88' lang='grc'><em>·</em></span> <span class='ocrx_word' id='word_1_100' title='bbox 316 1881 620 1964; x_wconf 86' lang='lat' dir='ltr'>partibus</span> <span class='ocrx_word' id='word_1_101' title='bbox 662 1882 1101 1967; x_wconf 82' lang='lat' dir='ltr'>Speculativa</span> <span class='ocrx_word' id='word_1_102' title='bbox 1147 1884 1513 1967; x_wconf 83' lang='lat' dir='ltr'>cogitetur3</span> <span class='ocrx_word' id='word_1_103' title='bbox 1550 1903 1718 1968; x_wconf 87' lang='lat' dir='ltr'>qua</span> <span class='ocrx_word' id='word_1_104' title='bbox 1742 1886 2002 1957; x_wconf 84' lang='lat' dir='ltr'>ratione</span> <span class='ocrx_word' id='word_1_105' title='bbox 2057 1883 2315 1951; x_wconf 75' lang='lat' dir='ltr'>Activa</span> <span class='ocrx_word' id='word_1_106' title='bbox 2328 1914 2344 1941; x_wconf 88' lang='lat'>·.</span> <span class='ocrx_word' id='word_1_107' title='bbox 2372 1906 2528 1954; x_wconf 89' lang='lat' dir='ltr'>cum</span> 
     </span>
     <span class='ocr_line' id='line_1_16' title="bbox 316 1985 2526 2061; baseline 0.004 -13"><span class='ocrx_word' id='word_1_108' title='bbox 316 2001 445 2050; x_wconf 79' lang='lat' dir='ltr'>sua</span> <span class='ocrx_word' id='word_1_109' title='bbox 468 1985 809 2061; x_wconf 84' lang='lat' dir='ltr'>divisione</span> <span class='ocrx_word' id='word_1_110' title='bbox 831 1985 1176 2052; x_wconf 84' lang='lat' dir='ltr'>discatur:</span> <span class='ocrx_word' id='word_1_111' title='bbox 1223 1985 1570 2053; x_wconf 86' lang='lat' dir='ltr'>deducens</span> <span class='ocrx_word' id='word_1_112' title='bbox 1611 1986 1702 2051; x_wconf 92' lang='lat' dir='ltr'>ad</span> <span class='ocrx_word' id='word_1_113' title='bbox 1753 1986 2124 2057; x_wconf 80' lang='lat' dir='ltr'>Romuleos</span> <span class='ocrx_word' id='word_1_114' title='bbox 2170 1996 2526 2057; x_wconf 81' lang='lat' dir='ltr'>senatores</span> 
     </span>
     <span class='ocr_line' id='line_1_17' title="bbox 317 2088 2533 2175; baseline 0.003 -22"><span class='ocrx_word' id='word_1_115' title='bbox 317 2088 637 2175; x_wconf 81' lang='lat' dir='ltr'>quicquid</span> <span class='ocrx_word' id='word_1_116' title='bbox 665 2088 1343 2175; x_wconf 65' lang='lat' dir='ltr'>Cecropideemundo</span> <span class='ocrx_word' id='word_1_117' title='bbox 1381 2089 1681 2155; x_wconf 86' lang='lat' dir='ltr'>fecerant</span> <span class='ocrx_word' id='word_1_118' title='bbox 1727 2090 2079 2175; x_wconf 82' lang='lat' dir='ltr'>singulare.</span> <span class='ocrx_word' id='word_1_119' title='bbox 2166 2092 2533 2161; x_wconf 61' lang='lat' dir='ltr'>&#39;translati-*-</span> 
     </span>
     <span class='ocr_line' id='line_1_18' title="bbox 317 2191 2526 2278; baseline 0.004 -23"><span class='ocrx_word' id='word_1_120' title='bbox 317 2191 550 2256; x_wconf 85' lang='lat' dir='ltr'>onibus</span> <span class='ocrx_word' id='word_1_121' title='bbox 585 2193 768 2257; x_wconf 90' lang='lat' dir='ltr'>enim</span> <span class='ocrx_word' id='word_1_122' title='bbox 799 2193 937 2259; x_wconf 84' lang='lat' dir='ltr'>tuis</span> <span class='ocrx_word' id='word_1_123' title='bbox 969 2192 1393 2278; x_wconf 82' lang='lat' dir='ltr'>Pythagoras</span> <span class='ocrx_word' id='word_1_124' title='bbox 1425 2192 1764 2273; x_wconf 79' lang='lat' dir='ltr'>MusicuS,</span> <span class='ocrx_word' id='word_1_125' title='bbox 1819 2193 2234 2262; x_wconf 81' lang='lat' dir='ltr'>Ptolemaeus</span> <span class='ocrx_word' id='word_1_126' title='bbox 2283 2193 2526 2263; x_wconf 87' lang='lat' dir='ltr'>Astro-</span> 
     </span>
     <span class='ocr_line' id='line_1_19' title="bbox 315 2294 2529 2378; baseline 0.003 -20"><span class='ocrx_word' id='word_1_127' title='bbox 315 2311 544 2360; x_wconf 89' lang='lat' dir='ltr'>nomus</span> <span class='ocrx_word' id='word_1_128' title='bbox 578 2294 907 2378; x_wconf 88' lang='lat' dir='ltr'>leguntur</span> <span class='ocrx_word' id='word_1_129' title='bbox 916 2294 1155 2361; x_wconf 81' lang='lat' dir='ltr'>Italis:</span> <span class='ocrx_word' id='word_1_130' title='bbox 1202 2295 1671 2361; x_wconf 88' lang='lat' dir='ltr'>Nicomachus</span> <span class='ocrx_word' id='word_1_131' title='bbox 1699 2294 2208 2377; x_wconf 78' lang='lat' dir='ltr'>Arithmeticus,</span> <span class='ocrx_word' id='word_1_132' title='bbox 2239 2296 2529 2364; x_wconf 80' lang='lat' dir='ltr'>Geome-</span> 
     </span>
     <span class='ocr_line' id='line_1_20' title="bbox 317 2394 2529 2485; baseline 0.004 -26"><span class='ocrx_word' id='word_1_133' title='bbox 317 2394 519 2461; x_wconf 86' lang='lat' dir='ltr'>tricus</span> <span class='ocrx_word' id='word_1_134' title='bbox 540 2394 869 2463; x_wconf 86' lang='lat' dir='ltr'>Euclides</span> <span class='ocrx_word' id='word_1_135' title='bbox 898 2397 1257 2478; x_wconf 84' lang='lat' dir='ltr'>audiuntur</span> <span class='ocrx_word' id='word_1_136' title='bbox 1278 2397 1651 2478; x_wconf 81' lang='lat' dir='ltr'>Ausoniis:</span> <span class='ocrx_word' id='word_1_137' title='bbox 1673 2399 1892 2467; x_wconf 81' lang='lat' dir='ltr'>Plato·</span> <span class='ocrx_word' id='word_1_138' title='bbox 1887 2399 2318 2485; x_wconf 76' lang='lat' dir='ltr'>TheologuS,</span> <span class='ocrx_word' id='word_1_139' title='bbox 2337 2399 2529 2467; x_wconf 88' lang='lat' dir='ltr'>Aris-</span> 
     </span>
    </p>

    <p class='ocr_par' dir='ltr' id='par_1_4' title="bbox 307 2483 2543 4232">
     <span class='ocr_line' id='line_1_21' title="bbox 314 2483 2527 2588; baseline 0.004 -26"><span class='ocrx_word' id='word_1_140' title='bbox 314 2483 557 2567; x_wconf 79' lang='lat' dir='ltr'>toteles</span> <span class='ocrx_word' id='word_1_141' title='bbox 610 2501 935 2585; x_wconf 80' lang='lat' dir='ltr'>Logicus</span> <span class='ocrx_word' id='word_1_142' title='bbox 957 2502 1299 2582; x_wconf 82' lang='lat' dir='ltr'>Quirinali</span> <span class='ocrx_word' id='word_1_143' title='bbox 1343 2523 1520 2569; x_wconf 83' lang='lat' dir='ltr'>voce</span> <span class='ocrx_word' id='word_1_144' title='bbox 1583 2504 1994 2588; x_wconf 86' lang='lat' dir='ltr'>disceptant:</span> <span class='ocrx_word' id='word_1_145' title='bbox 2044 2503 2527 2571; x_wconf 84' lang='lat' dir='ltr'>Mechanicum</span> 
     </span>
     <span class='ocr_line' id='line_1_22' title="bbox 315 2600 2531 2693; baseline 0.003 -26"><span class='ocrx_word' id='word_1_146' title='bbox 315 2601 506 2667; x_wconf 86' lang='lat' dir='ltr'>etiam</span> <span class='ocrx_word' id='word_1_147' title='bbox 556 2600 1030 2669; x_wconf 84' lang='lat' dir='ltr'>Archimedem</span> <span class='ocrx_word' id='word_1_148' title='bbox 1089 2604 1429 2682; x_wconf 79' lang='lat' dir='ltr'>Latialem</span> <span class='ocrx_word' id='word_1_149' title='bbox 1468 2605 1754 2680; x_wconf 87' lang='lat' dir='ltr'>Siculis</span> <span class='ocrx_word' id='word_1_150' title='bbox 1775 2606 2164 2682; x_wconf 83' lang='lat' dir='ltr'>reddidisti.</span> <span class='ocrx_word' id='word_1_151' title='bbox 2191 2614 2281 2673; x_wconf 90' lang='lat' dir='ltr'>et</span> <span class='ocrx_word' id='word_1_152' title='bbox 2313 2625 2531 2693; x_wconf 84' lang='lat' dir='ltr'>quas-</span> 
     </span>
     <span class='ocr_line' id='line_1_23' title="bbox 318 2706 2528 2821; baseline 0.003 -53"><span class='ocrx_word' id='word_1_153' title='bbox 318 2722 598 2821; x_wconf 72' lang='lat' dir='ltr'>cumque</span> <span class='ocrx_word' id='word_1_154' title='bbox 648 2706 1048 2792; x_wconf 90' lang='lat' dir='ltr'>disciplinas</span> <span class='ocrx_word' id='word_1_155' title='bbox 1077 2708 1191 2774; x_wconf 85' lang='lat' dir='ltr'>vel</span> <span class='ocrx_word' id='word_1_156' title='bbox 1222 2710 1402 2772; x_wconf 89' lang='lat' dir='ltr'>artes</span> <span class='ocrx_word' id='word_1_157' title='bbox 1430 2706 1752 2773; x_wconf 83' lang='lat' dir='ltr'>foecunda</span> <span class='ocrx_word' id='word_1_158' title='bbox 1773 2706 2056 2774; x_wconf 75' lang='lat' dir='ltr'>Graecia</span> <span class='ocrx_word' id='word_1_159' title='bbox 2075 2727 2210 2793; x_wconf 89' lang='lat' dir='ltr'>per</span> <span class='ocrx_word' id='word_1_160' title='bbox 2224 2709 2528 2814; x_wconf 79' lang='lat' dir='ltr'>singulos</span> 
     </span>
     <span class='ocr_line' id='line_1_24' title="bbox 313 2804 2529 2915; baseline 0.003 -44"><span class='ocrx_word' id='word_1_161' title='bbox 313 2805 486 2898; x_wconf 76' lang='lat' dir='ltr'>viros</span> <span class='ocrx_word' id='word_1_162' title='bbox 505 2808 761 2888; x_wconf 78' lang='lat' dir='ltr'>edidit,</span> <span class='ocrx_word' id='word_1_163' title='bbox 789 2815 856 2875; x_wconf 83' lang='lat' dir='ltr'>te</span> <span class='ocrx_word' id='word_1_164' title='bbox 884 2829 1035 2876; x_wconf 91' lang='lat' dir='ltr'>uno</span> <span class='ocrx_word' id='word_1_165' title='bbox 1053 2816 1355 2888; x_wconf 90' lang='lat' dir='ltr'>auctore,</span> <span class='ocrx_word' id='word_1_166' title='bbox 1407 2809 1652 2915; x_wconf 88' lang='lat' dir='ltr'>patrio</span> <span class='ocrx_word' id='word_1_167' title='bbox 1684 2825 2021 2875; x_wconf 83' lang='lat' dir='ltr'>sermone</span> <span class='ocrx_word' id='word_1_168' title='bbox 2036 2804 2270 2875; x_wconf 85' lang='lat' dir='ltr'>Roma·</span> <span class='ocrx_word' id='word_1_169' title='bbox 2293 2805 2529 2877; x_wconf 79' lang='lat' dir='ltr'>susce·-</span> 
     </span>
     <span class='ocr_line' id='line_1_25' title="bbox 307 2889 2530 2997; baseline 0.001 -22"><span class='ocrx_word' id='word_1_170' title='bbox 307 2889 451 2993; x_wconf 72' lang='lat' dir='ltr'>pit.</span> <span class='ocrx_word' id='word_1_171' title='bbox 483 2929 672 2997; x_wconf 87' lang='lat' dir='ltr'>quos</span> <span class='ocrx_word' id='word_1_172' title='bbox 701 2917 890 2986; x_wconf 89' lang='lat' dir='ltr'>tanta</span> <span class='ocrx_word' id='word_1_173' title='bbox 898 2915 1257 2979; x_wconf 76' lang='lat' dir='ltr'>=verborum</span> <span class='ocrx_word' id='word_1_174' title='bbox 1283 2900 1668 2978; x_wconf 89' lang='lat' dir='ltr'>luculentia</span> <span class='ocrx_word' id='word_1_175' title='bbox 1685 2911 2052 2977; x_wconf 87' lang='lat' dir='ltr'>reddidisti</span> <span class='ocrx_word' id='word_1_176' title='bbox 2063 2913 2313 2992; x_wconf 89' lang='lat' dir='ltr'>claros&#39;,</span> <span class='ocrx_word' id='word_1_177' title='bbox 2332 2918 2530 2978; x_wconf 87' lang='lat' dir='ltr'>tanta</span> 
     </span>
     <span class='ocr_line' id='line_1_26' title="bbox 312 3010 2531 3120; baseline 0.002 -44"><span class='ocrx_word' id='word_1_178' title='bbox 312 3010 577 3097; x_wconf 84' lang='lat' dir='ltr'>linguae</span> <span class='ocrx_word' id='word_1_179' title='bbox 599 3015 1029 3099; x_wconf 84' lang='lat' dir='ltr'>proprietate</span> <span class='ocrx_word' id='word_1_180' title='bbox 1065 3016 1493 3101; x_wconf 79' lang='lat' dir='ltr'>conspicuoS,</span> <span class='ocrx_word' id='word_1_181' title='bbox 1539 3019 1620 3080; x_wconf 89' lang='lat' dir='ltr'>ut</span> <span class='ocrx_word' id='word_1_182' title='bbox 1648 3015 2038 3099; x_wconf 90' lang='lat' dir='ltr'>potuissent</span> <span class='ocrx_word' id='word_1_183' title='bbox 2078 3018 2183 3079; x_wconf 88' lang='lat' dir='ltr'>et</span> <span class='ocrx_word' id='word_1_184' title='bbox 2196 3014 2340 3079; x_wconf 89' lang='lat' dir='ltr'>illi</span> <span class='ocrx_word' id='word_1_185' title='bbox 2337 3011 2531 3120; x_wconf 84' lang='lat' dir='ltr'>opus</span> 
     </span>
     <span class='ocr_line' id='line_1_27' title="bbox 317 3113 2531 3204; baseline 0.002 -24"><span class='ocrx_word' id='word_1_186' title='bbox 317 3119 496 3202; x_wconf 84' lang='lat' dir='ltr'>tuum</span> <span class='ocrx_word' id='word_1_187' title='bbox 525 3117 862 3202; x_wconf 79' lang='lat' dir='ltr'>praeferre,</span> <span class='ocrx_word' id='word_1_188' title='bbox 915 3120 979 3185; x_wconf 91' lang='lat' dir='ltr'>si</span> <span class='ocrx_word' id='word_1_189' title='bbox 1024 3125 1378 3204; x_wconf 88' lang='lat' dir='ltr'>utrumque</span> <span class='ocrx_word' id='word_1_190' title='bbox 1404 3149 1411 3168; x_wconf 53' lang='grc' dir='ltr'><strong><em>τ</em></strong></span> <span class='ocrx_word' id='word_1_191' title='bbox 1433 3119 1867 3186; x_wconf 49' lang='lat' dir='ltr'>didicissent*</span> <span class='ocrx_word' id='word_1_192' title='bbox 1939 3118 2051 3183; x_wconf 84' lang='lat' dir='ltr'>Tu</span> <span class='ocrx_word' id='word_1_193' title='bbox 2099 3125 2328 3183; x_wconf 80' lang='lat' dir='ltr'>artem:</span> <span class='ocrx_word' id='word_1_194' title='bbox 2355 3113 2531 3203; x_wconf 66' lang='lat' dir='ltr'>pree&gt;-</span> 
     </span>
     <span class='ocr_line' id='line_1_28' title="bbox 307 3215 2529 3306; baseline 0.003 -25"><span class='ocrx_word' id='word_1_195' title='bbox 307 3215 617 3300; x_wconf 78' lang='lat' dir='ltr'>·dictam,-</span> <span class='ocrx_word' id='word_1_196' title='bbox 652 3241 759 3286; x_wconf 35' lang='lat' dir='ltr'>exn</span> <span class='ocrx_word' id='word_1_197' title='bbox 793 3221 1176 3306; x_wconf 85' lang='lat' dir='ltr'>disciplinis</span> <span class='ocrx_word' id='word_1_198' title='bbox 1222 3222 1569 3298; x_wconf 88' lang='lat' dir='ltr'>nobilibus</span> <span class='ocrx_word' id='word_1_199' title='bbox 1618 3229 1869 3302; x_wconf 88' lang='lat' dir='ltr'>natam,</span> <span class='ocrx_word' id='word_1_200' title='bbox 1913 3236 2054 3305; x_wconf 78' lang='lat' dir='ltr'>per·</span> <span class='ocrx_word' id='word_1_201' title='bbox 2079 3219 2529 3306; x_wconf 81' lang='lat' dir='ltr'>quadrifarias</span> 
     </span>
     <span class='ocr_line' id='line_1_29' title="bbox 308 3316 2527 3409; baseline 0.002 -25"><span class='ocrx_word' id='word_1_202' title='bbox 308 3316 643 3398; x_wconf 76' lang='lat' dir='ltr'>Mathesis</span> <span class='ocrx_word' id='word_1_203' title='bbox 664 3322 916 3408; x_wconf 88' lang='lat' dir='ltr'>januas</span> <span class='ocrx_word' id='word_1_204' title='bbox 942 3324 1277 3391; x_wconf 79' lang='lat' dir='ltr'>introisti.&#39;</span> <span class='ocrx_word' id='word_1_205' title='bbox 1352 3324 1485 3399; x_wconf 73' lang='lat' dir='ltr'>Tu,</span> <span class='ocrx_word' id='word_1_206' title='bbox 1505 3324 1722 3391; x_wconf 30' lang='lat' dir='ltr'>illam,</span> <span class='ocrx_word' id='word_1_207' title='bbox 1744 3324 1814 3388; x_wconf 90' lang='lat' dir='ltr'>in</span> <span class='ocrx_word' id='word_1_208' title='bbox 1845 3323 2127 3391; x_wconf 70' lang='lat' dir='ltr'>Naturae</span> <span class='ocrx_word' id='word_1_209' title='bbox 2156 3321 2527 3409; x_wconf 55' lang='lat' dir='ltr'>penetrali*-</span> 
     </span>
     <span class='ocr_line' id='line_1_30' title="bbox 310 3421 2529 3508; baseline 0 -18"><span class='ocrx_word' id='word_1_210' title='bbox 310 3421 949 3507; x_wconf 67' lang='lat' dir='ltr'>bus-considentem,</span> <span class='ocrx_word' id='word_1_211' title='bbox 998 3432 1370 3494; x_wconf 87' lang='lat' dir='ltr'>auctorum·</span> <span class='ocrx_word' id='word_1_212' title='bbox 1393 3427 1584 3493; x_wconf 89' lang='lat' dir='ltr'>libris</span> <span class='ocrx_word' id='word_1_213' title='bbox 1600 3457 1610 3502; x_wconf 65' lang='lat'>;</span> <span class='ocrx_word' id='word_1_214' title='bbox 1628 3427 2095 3508; x_wconf 84' lang='lat' dir='ltr'>invitantibus,</span> <span class='ocrx_word' id='word_1_215' title='bbox 2152 3427 2375 3493; x_wconf 86' lang='lat' dir='ltr'>cordis</span> <span class='ocrx_word' id='word_1_216' title='bbox 2407 3425 2529 3502; x_wconf 15' lang='lat' dir='ltr'>flu*-</span> 
     </span>
     <span class='ocr_line' id='line_1_31' title="bbox 320 3523 2528 3616; baseline 0 -25"><span class='ocrx_word' id='word_1_217' title='bbox 320 3526 492 3593; x_wconf 87' lang='lat' dir='ltr'>mine</span> <span class='ocrx_word' id='word_1_218' title='bbox 536 3530 909 3614; x_wconf 77' lang='lat' dir='ltr'>cognovisti</span> <span class='ocrx_word' id='word_1_219' title='bbox 914 3577 1019 3597; x_wconf 87' lang='lat'><strong>.....</strong></span> <span class='ocrx_word' id='word_1_220' title='bbox 1024 3530 1205 3597; x_wconf 85' lang='lat' dir='ltr'>Haec</span> <span class='ocrx_word' id='word_1_221' title='bbox 1222 3577 1233 3586; x_wconf 35' lang='lat' dir='ltr'><em>a</em></span> <span class='ocrx_word' id='word_1_222' title='bbox 1249 3529 1415 3616; x_wconf 88' lang='lat' dir='ltr'>quia</span> <span class='ocrx_word' id='word_1_223' title='bbox 1446 3530 1841 3607; x_wconf 48' lang='lat' dir='ltr'>studiosius,</span> <span class='ocrx_word' id='word_1_224' title='bbox 1873 3536 1947 3595; x_wconf 76' lang='lat' dir='ltr'>te</span> <span class='ocrx_word' id='word_1_225' title='bbox 1975 3530 2226 3614; x_wconf 85' lang='lat' dir='ltr'>legisse</span> <span class='ocrx_word' id='word_1_226' title='bbox 2241 3523 2528 3613; x_wconf 63' lang='lat' dir='ltr'>compe*-</span> 
     </span>
     <span class='ocr_line' id='line_1_32' title="bbox 312 3627 2526 3718; baseline 0.001 -25"><span class='ocrx_word' id='word_1_227' title='bbox 312 3627 544 3709; x_wconf 74' lang='lat' dir='ltr'>rimus,</span> <span class='ocrx_word' id='word_1_228' title='bbox 592 3632 924 3716; x_wconf 86' lang='lat' dir='ltr'>praedicta</span> <span class='ocrx_word' id='word_1_229' title='bbox 962 3634 1184 3704; x_wconf 9' lang='lat' dir='ltr'>,nobis</span> <span class='ocrx_word' id='word_1_230' title='bbox 1250 3633 1610 3717; x_wconf 81' lang='lat' dir='ltr'>horologia·</span> <span class='ocrx_word' id='word_1_231' title='bbox 1625 3633 2030 3718; x_wconf 81' lang='lat' dir='ltr'>quantocius</span> <span class='ocrx_word' id='word_1_232' title='bbox 2077 3631 2526 3697; x_wconf 78' lang='lat' dir='ltr'>transmittere</span> 
     </span>
     <span class='ocr_line' id='line_1_33' title="bbox 321 3732 2543 3820; baseline 0.005 -26"><span class='ocrx_word' id='word_1_233' title='bbox 321 3733 684 3798; x_wconf 78' lang='lat' dir='ltr'>maturabis</span> <span class='ocrx_word' id='word_1_234' title='bbox 708 3755 728 3816; x_wconf 72' lang='grc' dir='ltr'>ς</span> <span class='ocrx_word' id='word_1_235' title='bbox 773 3743 851 3814; x_wconf 88' lang='lat' dir='ltr'>ut</span> <span class='ocrx_word' id='word_1_236' title='bbox 881 3740 949 3802; x_wconf 90' lang='lat' dir='ltr'>te</span> <span class='ocrx_word' id='word_1_237' title='bbox 977 3740 1208 3814; x_wconf 82' lang='lat' dir='ltr'>notum</span> <span class='ocrx_word' id='word_1_238' title='bbox 1256 3734 1331 3801; x_wconf 89' lang='lat' dir='ltr'>in·</span> <span class='ocrx_word' id='word_1_239' title='bbox 1373 3735 1496 3801; x_wconf 87' lang='lat' dir='ltr'>illa</span> <span class='ocrx_word' id='word_1_240' title='bbox 1523 3742 1717 3820; x_wconf 86' lang='lat' dir='ltr'>parte</span> <span class='ocrx_word' id='word_1_241' title='bbox 1744 3733 1974 3801; x_wconf 85' lang='lat' dir='ltr'>mundi</span> <span class='ocrx_word' id='word_1_242' title='bbox 1999 3733 2234 3799; x_wconf 87' lang='lat' dir='ltr'>facias-</span> <span class='ocrx_word' id='word_1_243' title='bbox 2247 3732 2387 3814; x_wconf 62' lang='lat' dir='ltr'>nbis.</span> <span class='ocrx_word' id='word_1_244' title='bbox 2409 3732 2543 3804; x_wconf 71' lang='lat' dir='ltr'>,ali-</span> 
     </span>
     <span class='ocr_line' id='line_1_34' title="bbox 319 3825 2525 3925; baseline -0.004 -20"><span class='ocrx_word' id='word_1_245' title='bbox 319 3825 941 3919; x_wconf 72' lang='lat' dir='ltr'>tet-pervenitenon</span> <span class='ocrx_word' id='word_1_246' title='bbox 973 3847 1270 3925; x_wconf 86' lang='lat' dir='ltr'>poteras.</span> <span class='ocrx_word' id='word_1_247' title='bbox 1352 3838 1759 3923; x_wconf 68' lang='lat' dir='ltr'>Agnoscam</span> <span class='ocrx_word' id='word_1_248' title='bbox 1800 3857 1946 3924; x_wconf 89' lang='lat' dir='ltr'>per·</span> <span class='ocrx_word' id='word_1_249' title='bbox 1969 3841 2525 3917; x_wconf 58' lang='lat' dir='ltr'>te„·exterae··gem-</span> 
     </span>
     <span class='ocr_line' id='line_1_35' title="bbox 319 3935 2525 4030; baseline 0 -31"><span class='ocrx_word' id='word_1_250' title='bbox 319 3936 435 4014; x_wconf 81' lang='lat' dir='ltr'>teS,</span> <span class='ocrx_word' id='word_1_251' title='bbox 464 3938 644 4005; x_wconf 88' lang='lat' dir='ltr'>tales</span> <span class='ocrx_word' id='word_1_252' title='bbox 701 3960 825 4007; x_wconf 92' lang='lat' dir='ltr'>nos</span> <span class='ocrx_word' id='word_1_253' title='bbox 882 3941 1129 4030; x_wconf 86' lang='lat' dir='ltr'>habere</span> <span class='ocrx_word' id='word_1_254' title='bbox 1190 3942 1473 4022; x_wconf 88' lang='lat' dir='ltr'>nobiles,</span> <span class='ocrx_word' id='word_1_255' title='bbox 1537 3943 1778 4027; x_wconf 89' lang='lat' dir='ltr'>quales</span> <span class='ocrx_word' id='word_1_256' title='bbox 1828 3941 2143 4024; x_wconf 87' lang='lat' dir='ltr'>leguntur</span> <span class='ocrx_word' id='word_1_257' title='bbox 2192 3935 2525 4010; x_wconf 66' lang='lat' dir='ltr'>auctores.</span> 
     </span>
     <span class='ocr_line' id='line_1_36' title="bbox 321 4033 2525 4130; baseline -0.001 -28"><span class='ocrx_word' id='word_1_258' title='bbox 321 4033 604 4115; x_wconf 82' lang='lat' dir='ltr'>Quoties</span> <span class='ocrx_word' id='word_1_259' title='bbox 628 4061 761 4108; x_wconf 91' lang='lat' dir='ltr'>non</span> <span class='ocrx_word' id='word_1_260' title='bbox 789 4050 945 4110; x_wconf 91' lang='lat' dir='ltr'>sunt</span> <span class='ocrx_word' id='word_1_261' title='bbox 972 4044 1290 4111; x_wconf 88' lang='lat' dir='ltr'>credituri</span> <span class='ocrx_word' id='word_1_262' title='bbox 1318 4044 1436 4130; x_wconf 92' lang='lat' dir='ltr'>qui</span> <span class='ocrx_word' id='word_1_263' title='bbox 1463 4043 1789 4112; x_wconf 83' lang='lat' dir='ltr'>viderint!</span> <span class='ocrx_word' id='word_1_264' title='bbox 1833 4042 2101 4126; x_wconf 89' lang='lat' dir='ltr'>quoties</span> <span class='ocrx_word' id='word_1_265' title='bbox 2152 4039 2322 4106; x_wconf 89' lang='lat' dir='ltr'>hanc</span> <span class='ocrx_word' id='word_1_266' title='bbox 2351 4037 2525 4101; x_wconf 87' lang='lat' dir='ltr'>veri-</span> 
     </span>
     <span class='ocr_line' id='line_1_37' title="bbox 317 4140 2523 4232; baseline -0.001 -28"><span class='ocrx_word' id='word_1_267' title='bbox 317 4140 509 4208; x_wconf 80' lang='lat' dir='ltr'>tatem</span> <span class='ocrx_word' id='word_1_268' title='bbox 535 4144 792 4212; x_wconf 91' lang='lat' dir='ltr'>lusoria</span> <span class='ocrx_word' id='word_1_269' title='bbox 821 4149 1089 4214; x_wconf 88' lang='lat' dir='ltr'>somnia</span> <span class='ocrx_word' id='word_1_270' title='bbox 1135 4147 1512 4232; x_wconf 84' lang='lat' dir='ltr'>putabunt!</span> <span class='ocrx_word' id='word_1_271' title='bbox 1559 4153 1628 4214; x_wconf 86' lang='lat' dir='ltr'>et</span> <span class='ocrx_word' id='word_1_272' title='bbox 1678 4144 1944 4232; x_wconf 89' lang='lat' dir='ltr'>quando</span> <span class='ocrx_word' id='word_1_273' title='bbox 1994 4144 2270 4220; x_wconf 32' lang='lat' dir='ltr'>fuerint,</span> <span class='ocrx_word' id='word_1_274' title='bbox 2290 4160 2333 4205; x_wconf 92' lang='lat' dir='ltr'>a</span> <span class='ocrx_word' id='word_1_275' title='bbox 2378 4144 2523 4204; x_wconf 85' lang='lat' dir='ltr'>stu-</span> 
     </span>
    </p>
   </div>
  </div>
 </body>
</html>
