3049 4928
611 370 916 419 BOE'I'HII
967 372 1064 418 DE
1111 366 1415 418 coNsoL.

332 530 418 569 lv.
446 517 464 546 ³
484 517 668 567 Medio
694 518 758 566 de
779 509 924 566 fonte
947 517 1183 579 leporum
1225 512 1414 578 Surgit

324 595 488 644 amari
529 594 723 657 aliquid
746 593 881 658 quod
920 594 973 642 in
1008 593 1135 657 ipsis
1174 590 1391 641 floribus

327 670 523 734 angat!
555 670 710 719 Idem.
1382 693 1387 698 ·

395 746 530 802 Quid
546 746 704 808 igitur
723 762 749 794 ο
772 747 1010 810 mortales]
1043 746 1277 810 Agellius
1302 746 1390 796 lib.

326 838 392 873 u.
432 838 551 887 cap.
592 828 674 873 29.
703 824 876 875 ‘Quid
924 826 1065 874 aliud
1107 825 1393 874 sanctiores

324 901 448 951 libri
491 902 913 966 philosophorum
958 911 1192 964 monent,
1236 918 1391 967 quam

326 984 389 1027 ut
425 978 481 1027 iu
523 979 671 1027 nobis
711 986 913 1029 tantum
958 980 1082 1045 ipsis
1125 982 1392 1030 nitamur?

324 1055 451 1104 Alia
486 1062 658 1106 autem
698 1058 887 1120 omnia,
927 1074 1043 1123 quae
1090 1065 1246 1108 extra
1279 1073 1393 1119 nos,

325 1139 585 1197 extraque
605 1141 837 1183 nostrum
859 1136 1082 1184 animum
1122 1142 1265 1199 sunt,
1303 1150 1393 1183 ne-

326 1221 429 1272 que
456 1223 551 1270 pro
572 1210 763 1257 nostris
786 1224 953 1273 neque
994 1225 1088 1273 pro
1123 1210 1273 1260 nobis
1298 1211 1394 1259 du-

326 1284 540 1334 camus!
595 1285 895 1334 Macrobius
919 1286 971 1335 in
988 1287 1260 1336 Somnium
1285 1288 1396 1336 Sci·

327 1359 501 1422 pionis
520 1359 653 1409 libro
677 1361 860 1424 primo,
876 1363 1050 1426 capite
1068 1377 1203 1412 nono
1222 1381 1235 1412 ι
1255 1369 1268 1393 ‘
1287 1365 1394 1413 Ho-

328 1434 454 1483 mini
495 1442 668 1484 antem
707 1450 810 1484 una
855 1445 935 1486 est
975 1438 1167 1501 agnitio
1203 1438 1301 1501 sni,
1353 1439 1396 1487 si

328 1511 542 1575 originis
599 1514 891 1576 natalisque
933 1514 1193 1577 principia
1237 1521 1393 1578 atque

329 1588 542 1639 exordia
558 1589 724 1652 prima
740 1593 1058 1654 respexerit,
1074 1606 1171 1641 nec
1187 1606 1243 1641 se
1259 1607 1397 1656 quae·

329 1667 681 1716 sieritssextra!
727 1668 1062 1717 Cassiodorus
1084 1669 1172 1718 lib.
1196 1683 1257 1719 11.
1292 1669 1396 1717 Va-

326 1745 451 1794 riar.
476 1748 525 1793 2.
559 1746 576 1772 ‘
592 1745 756 1807 Vigor
793 1746 877 1793 ille
900 1746 1222 1795 rationabilis
1248 1746 1394 1796 nobis

329 1822 602 1871 consilium
641 1828 895 1884 praestet:
949 1822 1114 1872 facies
1157 1824 1395 1873 veritatis

329 1897 586 1960 albescat,
624 1912 690 1946 ne
726 1906 952 1948 mentem
990 1907 1225 1949 nostrum
1251 1901 1395 1949 innu-

328 1974 464 2025 bilet
478 1975 648 2037 caligo
666 1990 947 2038 corporea:
967 1991 1241 2041 sequamur
1257 1978 1396 2043 quod

327 2051 469 2101 intus
495 2058 594 2113 est,
619 2066 686 2100 ne
708 2051 837 2101 foris
861 2067 891 2100 a
916 2052 1060 2102 uobis
1096 2055 1283 2104 simus:
1323 2056 1398 2103 in·

331 2134 526 2191 struat,
550 2128 686 2193 quod
711 2129 777 2179 de
801 2145 924 2179 vera
947 2131 1204 2194 sapientia
1226 2133 1394 2197 sapit:

327 2206 609 2267 illuminet,
631 2206 769 2270 quod
799 2206 999 2255 caelesti
1040 2208 1280 2258 claritate
1322 2224 1398 2258 re·

330 2281 615 2346 splendet)
655 2283 803 2332 Idem.
1308 2294 1315 2304 ’

397 2361 584 2409 ΜΕἮι.
616 2366 666 2411 4.
732 2361 1041 2426 Stabilisque,
1096 2378 1179 2413 nec
1215 2364 1398 2427 sonori]

330 2436 629 2501 ‘stabilia'
665 2437 717 2487 id
755 2445 855 2503 est,
899 2445 1162 2502 constans,
1185 2441 1399 2506 impavi-

329 2513 454 2564 dus.
484 2514 500 2540 ‘
521 2514 729 2563 Stabilis
756 2516 950 2564 animus
969 2515 984 2538 '
1020 2516 1159 2580 apud
1198 2518 1400 2567 Valeri-

328 2604 419 2638 um
446 2590 685 2639 Flaccum
720 2591 854 2640 libro
893 2591 1163 2640 secundo:
1199 2593 1403 2643 ‘Stabi-

327 2665 433 2714 lem
458 2666 662 2729 quando
687 2666 884 2729 optima
926 2665 1071 2716 facta
1110 2669 1261 2717 Dant
1294 2670 1402 2717 ani-

329 2756 492 2804 mum,
516 2741 784 2807 majorque
809 2743 907 2806 piis
941 2744 1157 2793 audacia
1179 2732 1410 2810 coeptisf

333 2818 492 2867 Idem.

408 2895 561 2958 Euri]
628 2895 866 2960 Agellius
910 2897 1000 2946 lib.
1044 2912 1106 2947 ιι.
1155 2914 1272 2962 cap.
1320 2904 1402 2953 22..

337 2971 481 3022 ‘Qui
501 2980 691 3023 ventus
730 2974 796 3022 ab
827 2976 1029 3024 oriente
1054 2990 1211 3025 verno
1247 2977 1299 3025 id
1323 2986 1406 3027 est

338 3048 698 3112 aequinoctiali
721 3051 882 3112 venit,
903 3053 1196 3101 nominatur
1211 3055 1402 3114 Eurus,

333 3123 466 3174 ficto
500 3125 774 3187 vocabulo,
818 3135 877 3176 ut
931 3128 1018 3176 isti
1076 3129 1403 3192 ἐτυμολογικοὶ

333 3202 498 3265 aiunt,
538 3200 632 3250 ἀπὸ
651 3204 737 3260 τῆς
759 3200 821 3252 ἕω
842 3202 981 3265 ῥέειν.
1046 3204 1101 3253 Is
1136 3206 1239 3255 alio
1278 3222 1402 3272 quo-

335 3294 442 3342 que
484 3295 515 3328 a
559 3280 764 3329 Graecis
799 3283 1007 3330 nomine
1046 3283 1334 3347 ἀπηλιώτης,
1372 3300 1402 3333 a

334 3355 589 3404 Romanis
609 3357 833 3406 nauticis
873 3358 1189 3409 subsolanus
1215 3375 1402 3424 cogno-

338 3431 610 3483 minatur.'
641 3434 788 3482 Idem.

405 3511 682 3559 minantem
703 3511 935 3575 Pontum]
964 3512 1087 3561 Seu.
1115 3511 1167 3560 in
1189 3513 1402 3576 Thyest.

340 3602 420 3636 vs.
462 3591 581 3636 290.
617 3588 632 3614 ‘
659 3587 775 3636 Hac
813 3601 907 3651 spe
944 3587 1141 3638 subibit
1187 3589 1405 3652 gurgitis

344 3663 534 3713 tumidi
557 3661 939 3713 minas.’s1dem.

407 3741 597 3789 Montis
616 3755 833 3790 cacumen
856 3743 969 3805 ulti]
1018 3742 1203 3793 Senec.
1239 3744 1291 3792 in
1333 3742 1405 3792 A·

353 3832 490 3881 gam.
516 3833 590 3867 vs.
610 3823 690 3867 90.
729 3831 785 3869 et
817 3834 925 3884 seq.
959 3823 973 3847 ‘
996 3821 1237 3870 Nubibus
1279 3822 1403 3884 ipsis

338 3896 550 3944 Inserta
571 3902 730 3957 caput
770 3897 926 3947 turris
960 3897 1139 3960 pluvio
1177 3898 1406 3959 Vapulat

341 3971 567 4021 Austro:
602 3972 893 4038 densasque
931 3987 1110 4021 nemus
1147 3974 1406 4038 spargens

345 4050 554 4099 umbras
575 4063 767 4099 annosa
792 4050 936 4099 videt
968 4050 1173 4100 Robora
1209 4050 1402 4112 frangi:

341 4124 539 4175 feriunt
561 4126 726 4175 celsos
751 4126 987 4175 Fulmina
1024 4127 1218 4177 colles!
1279 4127 1403 4175 Vid.

342 4202 533 4264 virgil.
560 4218 600 4251 1.
637 4203 832 4264 Georg.
856 4202 942 4251 ubi
959 4203 1210 4266 Juppiter
1228 4219 1406 4253 corus·

344 4291 409 4331 aa
437 4279 626 4328 dextra
666 4277 883 4327 fulmina
916 4279 1148 4342 molitur,
1187 4288 1241 4329 et
1275 4283 1290 4311 ‘
1313 4288 1405 4330 aut

1465 368 1905 417 PHILOSOPH.
1954 369 2097 415 mn.
2145 369 2222 416 ιι.
2394 354 2522 417 467

1463 511 1621 577 Atho,
1641 524 1732 564 aut
1753 514 2057 578 Rhodopen,
2080 521 2169 565 aut
2192 515 2299 564 alta
2330 515 2521 566 Cerau-

1463 593 1550 642 nia
1571 594 1701 642 caelo
1723 593 1959 657 Dejicit.’
1993 594 2140 643 Idem.

1531 671 1661 719 Illud
1695 671 1942 733 protervus
1979 670 2182 733 Auster]
2237 671 2425 720 Senec.
2472 671 2523 720 in

1467 746 1635 810 Hipp.
1676 760 1754 795 νε.
1798 750 1945 795 1125.
1989 745 2249 795 ‘Admota
2283 748 2526 796 aethereis

1465 824 1693 872 culmina
1751 822 1959 873 sedibus
2014 826 2193 873 Duros
2253 824 2528 887 excipiunt

1468 900 1848 963 Notos,1nsani
1877 903 2060 951 Boreae
2081 902 2265 964 minas,
2288 901 2529 951 imbrife-

1467 992 1685 1042 rumque
1711 977 1939 1028 Corum.’
1995 978 2057 1027 In
2084 978 2279 1042 OEdipo
2304 992 2379 1029 vs.
2402 983 2449 1027 8.
2472 986 2526 1028 et

1468 1069 1581 1119 seq.
1613 1055 1721 1104 ‘Ut
1755 1055 1862 1103 alta
1898 1060 2078 1103 ventos
2102 1069 2309 1118 semper
2334 1055 2532 1117 excipi-¹

1466 1139 1561 1181 unt
1573 1131 1731 1195 juga3
1766 1131 2069 1195 Rupemque
2092 1131 2227 1179 saxis
2265 1137 2413 1179 vasta
2452 1130 2528 1178 di·

1467 1208 1741 1256 timentem
1775 1205 1933 1267 freta,
1955 1207 2204 1259 Quamvis
2228 1206 2391 1271 quieti
2417 1222 2528 1255 ver-

1468 1283 1656 1332 berant
1708 1280 1896 1331 flnctus
1941 1283 2097 1332 maris
2115 1300 2140 1343 ς,
2183 1282 2411 1345 Imperia
2455 1283 2530 1331 sic

1468 1360 1677 1409 excelsa
1700 1362 1947 1409 Fortunae
1976 1359 2254 1425 objacent!
2290 1360 2440 1409 Idem.

1537 1436 1732 1484 Humili
1752 1439 1938 1485 domum
1958 1435 2214 1498 memento]
2229 1435 2400 1484 Nimis
2423 1436 2527 1483 lon-

1470 1528 1591 1575 gum
1617 1511 1759 1563 foret
1780 1514 1951 1562 omnia
1974 1528 2039 1561 ex
2058 1514 2261 1562 Seneca
2285 1513 2386 1561 huc
2407 1527 2530 1575 qua-

1472 1589 1680 1639 drantia
1720 1591 2022 1639 asscribere.
2059 1589 2175 1637 vide
2217 1589 2437 1653 ipsemet
2476 1589 2530 1636 in

1469 1667 1683 1729 Thyest.
1710 1682 1787 1717 vs,
1808 1671 1922 1716 447.
1963 1668 2151 1730 etseq.
2173 1667 2225 1714 in
2247 1666 2422 1729 OEdip.
2449 1680 2528 1714 νε.

1473 1747 1587 1793 890.
1613 1745 1663 1791 in
1685 1744 1846 1792 Herc.
1871 1745 1991 1793 Fur.
2015 1758 2090 1792 vs.
2114 1747 2227 1792 199.
2265 1742 2317 1791 in
2337 1742 2531 1792 Octav.

1472 1836 1551 1870 vs.
1574 1825 1689 1870 884.
1725 1827 1780 1870 et
1803 1821 1925 1870 alibi
1953 1821 2160 1884 passim.
2197 1821 2349 1868 Idem.

1555 1898 1785 1954 Quamvis
1822 1902 1953 1947 tonet
1992 1895 2173 1959 ruinis]
2256 1897 2443 1959 Virgil.
2490 1911 2530 1945 1.

1471 1975 1675 2025 AEneid.
1744 1976 1898 2024 ‘Una
1938 1977 2208 2040 Eurusque
2261 1975 2534 2038 Notusque

1473 2064 1626 2103 ruunt
1646 2054 1679 2104 :’
1716 2056 1793 2103 Etv
1811 2068 1851 2103 1.
1880 2055 2067 2116 Georg.
2100 2055 2115 2081 ⁴
2140 2052 2211 2102 At
2245 2053 2430 2101 Boreae
2466 2051 2533 2100 de

1473 2139 1625 2195 parte
1666 2131 1829 2181 trucis
1869 2145 1985 2180 cum
2023 2129 2281 2192 fulminat,
2328 2134 2381 2177 et
2419 2142 2535 2178 cum

1471 2208 1705 2271 Eurique
1752 2206 2084 2272 Zephyrique
2126 2212 2275 2257 tonat
2317 2205 2534 2255 domna.²

1471 2284 1624 2334 Idem.

1539 2364 1612 2410 Tu
1648 2363 1863 2411 conditus
1884 2361 2054 2425 quieti]
2103 2361 2227 2411 vid.
2268 2361 2451 2411 Senec.
2481 2361 2533 2408 in

1474 2437 1754 2502 Hippolyt.
1794 2453 1871 2489 νε.
1909 2443 2054 2489 1129.
2102 2439 2154 2488 in
2197 2437 2408 2501 Thyest.
2457 2451 2533 2485 νε.

1475 2506 1591 2565 467.
1627 2515 1679 2563 in
1704 2515 2013 2578 Agamemn.
2035 2529 2113 2564 νε.
2137 2519 2252 2562 100.
2287 2514 2438 2562 Idem.

1545 2591 1758 2639 AEtheris
1797 2589 1921 2652 iras]
1986 2590 2073 2640 Sic
2103 2592 2119 2619 ‘
2140 2589 2380 2655 AEquoris
2414 2590 2503 2637 irae
2523 2589 2538 2611 '

1480 2668 1617 2729 apud
1664 2667 1781 2716 Val.
1828 2667 2073 2715 Flaccum
2107 2665 2198 2715 lib.
2245 2680 2309 2714 11.
2357 2665 2535 2715 ‘Quos

1481 2740 1713 2792 sternere
1738 2743 1906 2805 Bessi,
1946 2742 2063 2791 Nec
2084 2742 2290 2791 Geticae
2315 2747 2536 2804 potuere

1481 2834 1684 2881 manus,
1705 2826 1796 2869 aut
1818 2818 2038 2882 aequoris
2059 2816 2188 2866 ἔην]
2221 2818 2371 2866 Idem.

1547 2897 1736 2946 PnosA
1758 2901 1806 2946 6.
1882 2895 1967 2944 Vis
2018 2898 2252 2955 congestoe
2302 2891 2537 2955 pecuniae]

1482 2974 1667 3024 Senec.
1704 2974 1753 3021 in
1795 2971 1957 3020 Herc.
2001 2971 2123 3018 Fur.
2146 2984 2222 3018 vs.
2247 2973 2362 3018 168.
2395 2969 2536 3017 ‘Hic

1479 3051 1620 3099 nullo
1640 3049 1746 3098 fine
1771 3048 1955 3097 beatus
1979 3046 2256 3109 componit
2289 3059 2414 3108 opes
2450 3059 2537 3108 ga-

1479 3126 1552 3173 zis
1585 3125 1805 3186 inhians,
1847 3126 1917 3173 Et
1956 3130 2209 3186 congesto
2250 3137 2453 3187 pauper
2485 3122 2538 3170 in

1480 3201 1641 3251 auro.’
1705 3200 1973 3251 Juvenalis
2008 3201 2120 3250 Sat.
2155 3204 2231 3248 10.
2266 3199 2398 3248 ‘Sed
2426 3200 2539 3262 plu·

1478 3280 1577 3328 reis
1630 3278 1790 3326 nimia
1843 3283 2092 3340 congesta
2143 3276 2364 3340 pecunia
2418 3290 2541 3324 cura

1477 3357 1798 3419 Strangulat,
1817 3363 1873 3404 et
1896 3362 2087 3404 cuncta
2110 3367 2429 3417 exsuperans
2454 3367 2540 3416 pa·

1485 3432 1733 3482 trimonia
1753 3431 1977 3481 census!
2010 3432 2241 3480 Bernart.

1552 3510 1681 3559 Tunc
1714 3514 1785 3558 est
1827 3511 2043 3572 preciosa
2079 3508 2301 3571 pecunia]
2355 3506 2541 3556 Horat.

1483 3589 1655 3637 Carm.
1678 3601 1741 3636 11.
1766 3587 1872 3635 Od.
1896 3591 1947 3636 2.
1970 3587 1986 3615 ‘
2010 3586 2196 3636 Nullus
2219 3589 2437 3648 argento
2461 3597 2544 3632 co·

1481 3664 1561 3713 lor
1592 3672 1673 3713 est
1711 3665 1883 3713 avaris
1908 3663 2105 3712 Abdito
2132 3661 2541 3724 terrissinimice

1482 3743 1667 3791 lamnae
1680 3742 1864 3805 Crispe
1884 3740 2113 3799 Sallusti,
2128 3740 2224 3788 nisi
2249 3744 2544 3801 temperato

1483 3822 1775 3884 Splendeat
1808 3821 1937 3871 usu!
2000 3822 2159 3882 Diog.
2202 3819 2439 3869 Laertius
2477 3818 2543 3868 de

1485 3898 1652 3946 Bione
1686 3898 1777 3946 lib.
1802 3912 1878 3947 lv.
1912 3895 2027 3961 πρὸς
2062 3893 2291 3945 πλούσιον
2326 3892 2542 3958 μικρολό-

1481 3992 1587 4036 γον,
1619 3974 1728 4035 Οὐχ
1748 3970 1885 4023 οὗτος
1917 3972 2059 4038 (ἔφη)
2088 3972 2177 4031 τὴν
2198 3971 2359 4021 οὐσίαν
2376 3971 2543 4030 κέκτη-

1482 4071 1581 4110 ται,
1614 4052 1725 4101 ἀλλ’
1750 4051 1781 4110 ἦ
1805 4050 1940 4099 οὐσία
1958 4052 2144 4099 τοῦτον.
2197 4048 2355 4112 Apul.
2381 4048 2469 4098 lib.
2487 4063 2544 4098 v.

1487 4130 1706 4179 Metam.
1742 4129 1756 4155 ‘
1779 4128 1895 4176 Nec
1919 4133 2041 4175 sunt
2063 4126 2199 4174 enim
2225 4125 2391 4186 beati,
2423 4138 2547 4187 quo-

1486 4220 1599 4254 rum
1622 4204 1828 4253 divitias
1848 4216 1998 4251 nemo
2021 4199 2203 4250 novit!
2256 4198 2545 4249 Cassiodor.
2614 4188 2621 4195 “

1484 4282 1577 4331 lib.
1612 4296 1687 4331 xv,
1720 4282 1844 4330 Var.
1878 4285 1959 4330 86.
1991 4279 2007 4308 ‘
2030 4277 2155 4331 Auri
2197 4290 2328 4326 vena
2367 4273 2545 4324 similis
