3049 4928
619 410 924 460 BOE'PHII
975 411 1072 458 DE
1122 407 1927 468 CONSOL..PH1LOS‚0PH.
1977 410 2124 457 LlB·
2171 409 2240 455 V.

332 556 468 622 quod
494 567 630 605 nunc
654 568 860 621 quoqne
899 552 1124 607 maxime
1157 550 1400 614 intersit,

332 634 516 697 quibus
551 633 635 682 Sol
667 632 903 682 laudibus
940 631 1008 679 ab
1029 630 1232 688 homine
1258 644 1391 692 prae-

332 711 514 759 sertim
533 709 825 759 Christiano
850 714 1096 757 ornetur:
1132 722 1197 756 ne
1219 706 1388 756 dicam

331 802 449 850 qnae
488 787 559 835 sit
602 785 714 848 ejus
753 794 873 834 ‘cum
915 785 1034 834 Deo
1072 782 1391 833 instituenda

330 862 677 925 comparatio.
709 861 860 911 Idem.

395 941 585 989 Pansa
613 943 660 989 3.
720 939 838 988 Tum
891 954 993 1003 ego,
1045 954 1122 1002 en,
1174 937 1388 1002 inquam]

328 1016 484 1065 Hanc
506 1017 661 1079 longe
686 1016 1033 1077 gravissimam
1060 1022 1115 1065 et
1149 1016 1387 1080 pulcher-

327 1093 513 1141 rimam
527 1092 594 1141 de
619 1092 960 1142 Praescientia
983 1093 1100 1155 Dei,
1118 1093 1387 1158 liberaque

325 1169 545 1218 hominis
584 1170 849 1218 voluntate
887 1170 1303 1232 Disputationem
1329 1175 1388 1220 ut

326 1246 512 1295 melius
533 1246 814 1308 intelligas,
850 1252 904 1295 et
923 1257 1157 1311 quaenam
1181 1247 1249 1297 sit
1272 1261 1388 1296 sen·

326 1322 496 1371 tentia
548 1322 739 1382 verior,
796 1323 1069 1385 perspicue
1124 1323 1385 1384 cognitum

323 1398 537 1461 habeas,
559 1400 676 1459 lege
698 1399 870 1461 capite
894 1413 1049 1460 nono,
1082 1399 1302 1462 decimo,
1329 1407 1387 1449 et

326 1489 394 1525 11.
415 1473 688 1538 Augustin.
708 1475 838 1525 libro
863 1476 1043 1541 quinto
1067 1476 1133 1526 de
1156 1478 1385 1527 Civitate

323 1554 448 1616 Dei,
473 1568 590 1617 quae
621 1554 734 1603 loca
758 1568 855 1602 ceu
880 1553 1045 1616 digito
1069 1561 1382 1605 monstrasse

323 1630 476 1680 nobis
509 1629 672 1680 fuerit
694 1631 838 1680 satis.
907 1631 1068 1680 Plura
1090 1632 1191 1681 hnc
1227 1634 1384 1695 perti-

326 1707 573 1756 nentiain
597 1707 767 1757 Sacris
790 1708 1102 1758 lectionibus
1126 1710 1231 1758 suis
1269 1726 1386 1760 con-

321 1784 488 1846 gessit
512 1785 572 1833 C.
594 1784 970 1834 Rittershusius
995 1800 1059 1834 ex
1077 1787 1384 1848 Chrysosto-

322 1875 427 1923 mo,
448 1862 663 1925 cyrillo,
679 1862 929 1925 Origene,
953 1870 1010 1913 et
1030 1864 1146 1913 aliis
1168 1865 1268 1916 SS.·
1288 1866 1385 1915 Pa·

324 1937 507 1993 tribus,
544 1938 714 1989 Sitzm.
1019 1967 1022 1970 Δ

396 2014 638 2064 Vaticinio
663 2016 877 2080 Tiresiae]
909 2017 1068 2081 Apud
1097 2020 1380 2071 Horatium

322 2090 490 2142 Serm.
516 2092 604 2141 lib.
626 2106 691 2141 11.
727 2094 837 2144 Sat.
861 2109 940 2143 vr.
981 2096 1154 2145 Vallia.

394 2168 482 2216 Uti
515 2170 672 2231 paullo
705 2175 817 2219 ante
837 2172 1083 2234 cantabas]
1141 2173 1381 2223 Carmine

319 2243 563 2294 nimirum
586 2250 635 2295 6.
661 2261 734 2295 vs.
755 2250 838 2296 43.
865 2248 955 2296 lib.
979 2262 1057 2297 ιν.
1089 2249 1261 2299 Sitzm.

386 2322 573 2373 Mss'rn.
594 2328 643 2372 8.
711 2325 956 2385 Quoenam,
987 2326 1095 2391 ξω]
1130 2328 1257 2377 Cum
1283 2327 1397 2376 boc⁴

322 2397 562 2447 Carmine
584 2398 765 2449 confer
798 2400 1078 2463 diiigenter
1099 2403 1383 2451 Maximum

317 2477 530 2538 Tyrium
555 2478 851 2543 philosoph.
882 2480 1024 2529 Piat.
1064 2482 1136 2530 Et
1172 2483 1381 2531 Lucret.

319 2552 414 2602 lib.
439 2566 515 2603 ιν.
551 2555 631 2603 De
658 2555 781 2604 Rer.
799 2556 924 2605 Nat.
963 2557 1113 2605 Idem.

391 2629 586 2679 Foedera
625 2631 820 2695 remm]
873 2633 1010 2684 Quid
1057 2632 1381 2691 difficultatis

316 2704 406 2753 hic
430 2709 486 2754 et
506 2720 727 2770 sequens
750 2708 894 2758 locus
917 2709 1161 2772 habeant,
1182 2726 1281 2760 non
1306 2713 1380 2761 vi-

319 2779 440 2843 deo,
455 2783 735 2845 impensius
750 2785 940 2834 mirans
962 2801 1054 2836 cnr
1070 2803 1170 2836 non
1189 2803 1379 2851 paucos

316 2859 462 2906 inter
496 2859 770 2923 legendum
811 2868 1081 2925 torqueat:
1132 2870 1379 2929 tanquam

315 2935 427 2985 illic
446 2951 636 2986 arcana
653 2938 884 3002 quaedam
909 2940 1035 2988 nulli
1060 2941 1236 3003 pervia
1262 2957 1378 3004 pro-

316 3011 460 3062 ferat
484 3013 728 3064 Boetius:
764 3015 851 3080 qui
873 3017 1170 3079 superioris,
1193 3017 1257 3066 de
1282 3017 1379 3067 Ar-

316 3087 463 3137 bitrii
480 3090 749 3141 Libertate
785 3092 992 3156 Deique
1016 3093 1379 3158 Praescientia‚

316 3167 612 3230 quaestionis
626 3168 788 3218 nodos
803 3170 1085 3234 soluturus,
1104 3172 1179 3221 ait
1203 3175 1379 3223 mirari

315 3256 395 3304 se,
421 3258 654 3307 quaenam
678 3260 837 3294 causa
858 3247 1057 3296 discors
1091 3262 1260 3297 rerum
1283 3248 1379 3298 foe-

316 3321 447 3367 dera
469 3323 711 3385 resolvat,
728 3321 780 3371 id
799 3328 898 3384 est,
912 3323 1037 3371 duas
1058 3338 1139 3372 res
1159 3327 1379 3377 maxime

316 3395 457 3447 inter
491 3411 548 3445 se
584 3398 867 3448 concordes
909 3401 1378 3468 convenientesque

317 3471 569 3523 dissolvat
599 3489 660 3524 ac
683 3474 914 3526 divellat.
982 3477 1074 3526 Eae
1104 3484 1227 3528 sunt
1257 3494 1375 3542 qnae

318 3556 376 3676 tit
422 3566 541 3601 mox
582 3554 675 3601 duo
711 3568 824 3602 vera
866 3553 934 3602 ab
988 3568 1050 3604 eo
1106 3563 1374 3606 vocantur.

370 3628 506 3676 alliu.

393 3704 532 3753 Veris
565 3704 685 3755 bella
713 3706 909 3770 duobus]
958 3709 1037 3756 Ea
1074 3707 1176 3757 duo
1221 3714 1390 3771 sunt3-

317 3781 659 3832 Praenoscere
698 3790 887 3833 cuncta
913 3786 1105 3847 Deum,
1125 3791 1179 3833 et
1202 3780 1376 3836 tamen

267 3868 284 3879 '
318 3857 449 3907 Esse
472 3858 728 3908 libertatis
752 3860 1045 3910 arbitrium.
1109 3863 1207 3910 Est
1239 3863 1376 3911 enim

315 3935 413 3985 hoc
440 3933 614 3996 ἀξίωμα
648 3951 841 3999 verum,
878 3936 1380 3988 Praenoscit-omnia

318 4009 495 4060 futura
519 4014 695 4062 Deus:
733 4021 812 4061 est
836 4019 891 4062 et
925 4012 1071 4074 illud,
1100 4014 1249 4063 Inest
1273 4031 1378 4064 om·

315 4088 468 4136 nibus
484 4088 770 4137 hominibus
790 4088 1071 4138 Libertatis
1094 4090 1382 4142 arbitrium.

315 4164 531 4228 Singula
561 4164 673 4214 haec
695 4164 901 4230 quidem
926 4165 1152 4229 carptim
1175 4174 1232 4216 et
1253 4167 1384 4221 divi-1

317 4243 414 4292 sim
439 4256 561 4290 vera
596 4256 710 4292 esse
743 4256 893 4290 nemo
927 4253 1009 4290 est
1044 4242 1131 4306 qui
1168 4257 1267 4294 uon
1292 4260 1380 4308 ag-

314 4326 518 4370 noscat.
543 4319 672 4369 Cum
689 4334 812 4370 vero
829 4320 987 4370 mixta
998 4320 1266 4386 jugantur,
1281 4322 1380 4374 hoc

2399 393 2528 459 551
2540 449 2543 454 .

1470 554 1569 608 est,
1583 550 1775 614 juncta
1808 550 1883 599 sic
1915 550 2269 612 enuntiantur,
2284 550 2535 603 Praenun-

1468 628 1543 677 cit
1565 635 1754 676 cuncta
1792 629 1936 678 Deus
1975 637 2031 690 et
2066 632 2157 680 Est
2195 630 2398 681 arbitrii
2437 633 2532 695 liu·

1467 704 1605 752 mani
1660 703 1933 765 Libertas3
1984 704 2303 754 difficultatis
2351 707 2533 757 nonni·

1466 781 1558 842 hil,
1585 796 1649 831 ex
1684 782 1873 831 mentis
1915 783 2530 847 nostrae·imbecillitate,

1467 862 1816 925 importatur:
1868 876 2039 926 neque
2077 855 2210 911 enim
2253 864 2533 914 intellectu

1467 938 1712 1002 consequi
1768 952 2040 1002 possumus
2099 939 2533 1003 quemadmodum

1467 1014 1631 1076 DeuS,
1673 1021 1732 1065 ut
1770 1016 1912 1065 canit
1954 1021 2150 1078 noster,
2192 1017 2208 1044 ‘
2233 1016 2364 1068 Quae
2404 1015 2531 1079 sint,

1466 1107 1582 1156 qnae
1605 1090 1826 1156 fuerint,
1863 1094 2175 1158 veniantque
2200 1094 2323 1144 -Uno
2343 1095 2530 1145 mentis

1466 1171 1637 1220 cernit
1660 1172 1712 1219 in
1738 1172 1878 1221 ictu.’
1914 1173 2066 1221 Idem.

1530 1248 1625 1297 Sed
1641 1264 1768 1296 mens
1785 1248 1921 1297 coecis
1942 1249 2110 1297 obruta
2130 1249 2374 1314 membris]
2399 1251 2529 1301 Lac-

1465 1330 1599 1375 tant.
1627 1326 1829 1374 Deira
1866 1326 1986 1387 Dei,
2009 1335 2133 1387 cap:
2153 1328 2201 1374 1.
2232 1326 2248 1355 ‘
2266 1325 2418 1373 Mens
2439 1326 2528 1375 bo·

1463 1402 1614 1450 minis
1670 1402 1950 1452 tenebroso
1995 1403 2222 1450 carceris
2266 1402 2528 1453 domicilio

1463 1477 1829 1540 circumsepta,
1875 1479 2027 1541 longe
2058 1493 2089 1526 a
2126 1479 2242 1527 Dm
2283 1492 2529 1542 perspec-

1463 1553 1605 1602 tione
1644 1560 1897 1602 summota
1933 1551 2049 1604 est!
2094 1552 2215 1602 Vid.
2261 1552 2416 1603 eund.
2459 1553 2527 1603 de

1465 1629 1609 1693 Opif.
1636 1630 1740 1679 Dei
1763 1645 1812 1679 c.
1829 1634 1907 1679 16.
1943 1630 2129 1679 Sicani.-

1531 1706 1731 1766 Flagrat
1755 1706 1934 1769 umore]
1985 1706 2204 1761 August.
2225 1705 2316 1756 lib.
2338 1719 2441 1756 xn.
2459 1706 2526 1755 de

1464 1783 1577 1833 Civ.
1615 1783 1734 1846 Dei,
1787 1797 1903 1846 cap.
1950 1787 2031 1833 20.
2074 1783 2414 1832 “Pervenire
2460 1781 2526 1830 ad

1463 1866 1804 1923 conspectum
1827 1860 1950 1922 Dei,
1972 1864 2128 1923 atque
2154 1859 2231 1908 ita
2262 1858 2375 1908 fieri
2406 1858 2526 1907 bea-

1464 1943 1571 1985 tum
1611 1937 2047 1999 contemplatione
2090 1937 2408 2000 incorporeae
2448 1936 2524 1984 lu·

1460 2013 1535 2062 cis
1565 2029 1659 2077 per
1693 2014 2152 2078 participationem
2191 2013 2528 2063 incommuta-

1461 2088 1578 2138 bilis
1621 2090 2024 2139 immortalitatis
2065 2091 2194 2153 ejus,
2232 2090 2383 2153 cnjus
2416 2089 2535 2140 adim

1458 2166 1726 2230 piscendae
1752 2181 1925 2216 amore
1941 2164 2252 2228 flagramus!
2288 2165 2525 2215 Catullus
2602 2187 2617 2207 κ

1460 2244 1634 2293 Carm.
1677 2248 1757 2292 68·
1828 2243 2019 2291 ‘Mens
2079 2256 2222 2290 caeco
2262 2239 2526 2304 flagrabat

1460 2318 1672 2368 amore!
1743 2318 1759 2345 ‘
1786 2318 2029 2381 Flagrat-e
2093 2315 2387 2379 charitate‚'
2454 2317 2522 2368 Q.

1462 2395 1609 2443 Cui-t.
1625 2395 1716 2443 lib.
1738 2408 1824 2443 111.
1859 2395 1875 2421 ‘
1891 2394 2136 2456 Flagrare
2159 2393 2370 2441 meliore
2391 2391 2525 2442 Gra·

1458 2470 1617 2533 divo,’
1635 2471 1789 2520 Silius
1812 2470 1904 2519 lib.
1931 2483 2025 2520 xv.
2050 2471 2099 2518 in
2125 2484 2205 2532 pr.
2227 2483 2322 2532 pro
2345 2470 2522 2518 Marte

1456 2548 1534 2596 nti
1559 2561 1806 2610 prospero
1832 2545 1940 2594 sive
1962 2546 2207 2596 secundo.
2242 2545 2392 2594 Idem.

1520 2623 1729 2684 Flagrat
1765 2636 1921 2670 amm-e
1971 2622 2084 2671 Vera·
2123 2626 2274 2671 tectas
2312 2623 2522 2684 reperire

1454 2698 1614 2760 notas]
1663 2700 1848 2748 Senec.
1874 2699 1924 2746 in
1949 2697 2137 2762 Agam.
2167 2713 2218 2748 v.
2241 2703 2326 2749 60.
2357 2701 2372 2726 ‘
2400 2698 2522 2748 Non

1456 2777 1531 2825 sic
1569 2777 1776 2839 Libycis
1808 2775 2049 2837 Syrtibus
2079 2788 2256 2838 aequor
2282 2775 2427 2823 Furit
2451 2776 2525 2823 al·

1457 2861 1634 2903 ternos
1654 2854 1864 2902 volvere
1900 2849 2126 2900 fluctus!
2183 2849 2408 2901 Videtur
2442 2856 2521 2899 ta·

1456 2945 1575 2979 men
1602 2935 1778 2978 noster
1801 2929 1961 2990 magis
1993 2927 2284 2989 respexisse
2306 2927 2370 2976 ad
2390 2928 2520 2976 illud

1457 3006 1667 3057 Horatii
1691 3005 1778 3055 lib.
1806 3019 1844 3055 1.
1881 3004 2052 3054 Carm.
2079 3003 2186 3053 Od.
2210 3006 2291 3052 15.
2338 3005 2354 3033 ‘
2375 3005 2518 3054 Ecce

1456 3082 1586 3132 furit
1607 3089 1658 3132 te
1696 3082 1923 3145 reperire
1963 3088 2114 3131 atrox
2150 3080 2384 3145 Tydides
2413 3095 2520 3130 me-

1455 3161 1556 3209 lior
1580 3157 1766 3222 patre.’
1804 3159 1955 3208 Idem.

1521 3237 1618 3286 Sed
1650 3235 1756 3299 quis
1775 3240 1889 3284 nota
1927 3234 2106 3283 rescire
2127 3231 2331 3295 laborat]
2386 3232 2518 3282 Mss.

1456 3317 1513 3362 et
1537 3313 1682 3362 Edit.
1725 3310 1958 3361 Norimb.
2007 3310 2104 3359 Sed
2126 3309 2232 3372 quis
2252 3314 2367 3360 nota
2395 3310 2519 3358 scire

1454 3389 1667 3439 laborat:
1721 3403 1873 3452 quam
1916 3387 2191 3436 lectionem
2229 3386 2521 3449 amplector

1454 3466 1660 3527 lubens,
1703 3463 2156 3528 idquednplicem
2192 3461 2261 3513 ob
2295 3477 2531 3514 causam..

1452 3541 1584 3590 Cum
1606 3547 1728 3589 ante
1752 3539 2154 3604 quinquennium
2191 3539 2524 3603 pervenirem,

1451 3617 1505 3666 in
1551 3619 1789 3667 notitiam
1820 3617 1886 3667 P.
1909 3616 2129 3678 Melissi,
2163 3608 2346 3680 inclyti
2382 3615 2515 3665 Ger-

1453 3697 1638 3744 maniae
1679 3695 1846 3756 Vatis,
1877 3694 2157 3754 edocebar,
2191 3698 2397 3742 veteres
2424 3692 2518 3740 La-

1453 3775 1675 3823 tinorum
1723 3771 1916 3822 Poetas
1971 3770 2221 3836 quosdam
2260 3769 2518 3833 nuspiam,

1454 3849 1703 3915 quosdam
1750 3847 2010 3896 rarissime
2032 3884 2035 3889 -
2062 3847 2339 3911 syllabam-
2360 3845 2519 3896 corri-

1455 3943 1602 3992 pere,
1641 3941 1793 3990 quam
1848 3924 2177 3988 praecederet
2215 3929 2281 3988 st,
2322 3939 2397 3987 sp,
2449 3940 2518 3975 sc.

1458 4005 1592 4067 qnod
1617 4003 1840 4065 ipsemet
1876 4003 2217 4064 posteainter
2235 4000 2514 4063 legendum

1456 4079 1729 4131 observavi
1752 4078 2071 4141 diligentius,
2094 4087 2253 4143 atque
2291 4079 2367 4128 ita
2400 4093 2525 4128 sese*

1457 4175 1567 4210 rem
1604 4158 1796 4208 habore
1819 4158 2091 4220 perspicue
2112 4156 2346 4219 cognovi.
2404 4157 2516 4207 De-

1458 4238 1582 4288 inde
1605 4250 1691 4285 me
1723 4249 1825 4283 non
1861 4233 2120 4283 tralaticie
2150 4231 2311 4281 movit
2344 4231 2513 4295 ipsum

1457 4315 1667 4366 verbnm
1693 4312 1904 4374 Rescire,
1928 4310 2067 4374 quod
2090 4309 2191 4359 vim
2211 4307 2371 4358 habet
2394 4322 2527 4372 pro-2
