3049 4928
528 400 667 468 446

533 572 690 623 quum
731 557 998 619 virtutem,
1042 556 1086 606 si
1124 556 1368 623 cuiquam
1404 563 1595 608 morm-

531 634 657 684 lium
680 634 977 697 contigerit,
997 634 1051 683 in
1073 634 1285 685 Socrate
1307 634 1472 684 fuisse
1504 634 1596 695 ait,

528 716 544 744 ⁶
565 713 718 766 Quod
743 714 787 762 si
814 713 978 763 cuivis
1002 719 1175 775 potest
1199 714 1410 762 evenire
1431 710 1594 761 facul·

532 799 614 841 tas
659 788 1047 853 contemplandi
1087 788 1314 838 divinam
1351 785 1595 851 effigiem,

531 883 626 918 cur
648 882 749 916 non
772 865 1006 930 apprime
1025 866 1256 929 potuerit
1276 865 1481 914 Socrati
1504 864 1596 913 ob·

532 946 753 1007 tingere,
775 959 926 1009 quem
965 943 1124 993 cuivis
1162 943 1478 1007 amplissimo
1501 958 1596 992 nu·

529 1022 657 1071 mini
677 1022 960 1085 Sapientiae
1000 1019 1225 1083 dignitas
1254 1020 1594 1084 coaequarat?

530 1100 674 1150 Nihil
709 1100 845 1149 enim
880 1104 962 1148 est
985 1097 1106 1148 Deo
1136 1097 1350 1146 similius
1389 1105 1444 1146 et
1478 1111 1594 1160 gra·

527 1177 658 1239 tius,
681 1190 833 1240 quam
854 1174 930 1223 vir
951 1173 1120 1223 animo
1142 1172 1377 1237 perfecte
1400 1173 1592 1222 bonus:

532 1252 621 1318 qui
645 1258 749 1301 tam
771 1250 1059 1300 bominibus
1079 1249 1284 1298 caeteris
1309 1247 1595 1311 antecellit,

531 1342 682 1394 quam
717 1328 828 1390 ipse
868 1341 899 1375 a
932 1327 1050 1375 Diis
1082 1324 1457 1376 immortalibus
1492 1325 1594 1375 dis·

530 1404 646 1455 tat!
730 1404 981 1469 Idemque
1035 1404 1279 1454 Socrates
1347 1403 1589 1453 Platonis

530 1489 845 1546 praeceptor,
867 1481 1047 1531 eadem
1065 1495 1181 1530 cum
1200 1479 1458 1544 discipulo
1476 1495 1590 1529 sen-

531 1558 686 1620 tiens,
724 1559 884 1608 solam
920 1558 1179 1621 justitiam
1225 1572 1317 1607 seu
1357 1557 1590 1622 probita—

532 1642 658 1699 tem,
692 1633 833 1697 μόνον
877 1634 1068 1698 δίκαιον,
1123 1634 1430 1686 felicitatem
1476 1649 1590 1685 esse

531 1710 772 1763 dicebat:
810 1720 869 1761 ut
908 1710 1075 1761 refert
1106 1712 1466 1762 Theodoretus
1491 1712 1588 1761 Gr.

533 1787 622 1839 aff.
655 1803 764 1839 cur.
787 1801 936 1841 serm.
960 1803 1044 1839 xr.
1111 1789 1264 1838 Plato
1295 1789 1432 1839 enim
1457 1790 1592 1839 hanc

529 1864 747 1925 ὁμοίωσιν
765 1867 833 1929 τῳ·
853 1866 957 1928 θεῷ,
973 1866 989 1894 ‘
1010 1880 1125 1915 cum
1157 1867 1278 1916 Deo
1299 1865 1592 1916 similitudi·

533 1940 691 2003 nem,'
721 1940 879 1991 finem
911 1942 1073 1992 totius
1112 1942 1465 2007 Philosophiae
1498 1958 1592 1993 seu

527 2018 810 2081 Sapientiae
843 2018 1132 2081 constituit,
1167 2026 1227 2068 ut
1261 2032 1327 2068 ex
1362 2020 1476 2069 loco
1510 2034 1594 2068 su·

532 2098 707 2160 perius
727 2099 880 2147 allato
902 2096 1116 2162 aliisque
1141 2104 1378 2161 constat3
1399 2112 1465 2147 ex
1482 2097 1593 2163 qui-

532 2174 643 2223 bus>
684 2174 822 2223 idem
876 2174 1129 2237 colligunt
1177 2173 1429 2224 Alcinous
1473 2173 1593 2223 eod.

527 2265 577 2299 e.
596 2262 701 2300 xx.
747 2250 998 2314 Apuleius
1022 2250 1112 2301 lib.
1128 2252 1195 2302 de
1213 2253 1401 2302 Morali
1420 2252 1590 2316 ejusd.

531 2325 891 2391 Philosophia,
919 2337 973 2377 et
995 2328 1257 2393 Diogenes
1275 2328 1515 2379 Laertius
1539 2330 1592 2380 iu

530 2403 647 2468 ejus
702 2404 829 2470 vita,
865 2406 1225 2456 Theodoretus
1260 2407 1374 2457 loco
1413 2407 1595 2471 citato,

531 2481 884 2546 Pachymeres
916 2484 1212 2547 compendii
1251 2485 1353 2548 log.
1389 2499 1508 2549 cap.
1530 2498 1594 2534 11.

532 2556 671 2609 Quid
696 2573 818 2608 vero
834 2558 904 2609 sit
923 2560 1194 2610 assimilari
1215 2561 1354 2625 Deo,
1372 2570 1459 2611 aut
1491 2576 1594 2627 qua

530 2635 745 2685 ratione-
757 2637 870 2701 quis
892 2651 1008 2687 eam
1024 2637 1408 2689 similitudinem
1425 2639 1592 2702 possit

533 2713 763 2777 assequi,
793 2714 1009 2777 exponit
1038 2722 1160 2778 post
1181 2715 1461 2765 Platonem
1488 2717 1595 2765 late

531 2786 774 2838 Plotinus
818 2789 1058 2840 Ennead.
1100 2805 1136 2841 1.
1174 2790 1265 2841 lib.
1302 2805 1366 2842 11.
1426 2792 1594 2843 initio.

531 2862 833 2916 Ammonius
871 2866 1192 2918 Praefatione
1233 2869 1323 2918 illa
1355 2870 1596 2933 pulcher·

530 2941 661 2991 rimu
683 2944 738 2993 in
760 2944 1039 3008 Porphyrii
1057 2960 1101 2994 ν.
1128 2960 1313 2996 voces:
1340 2946 1425 2995 ubi
1447 2953 1596 2996 recte

533 3020 688 3069 etiam
712 3034 807 3070 cur
826 3021 1035 3070 Platoni
1055 3023 1120 3071 sit
1153 3023 1242 3071 illa
1261 3021 1489 3084 ὁμοίωσις,
1511 3040 1595 3072 κα-

530 3095 595 3145 τὰ
645 3095 704 3146 τὸ
755 3095 953 3147 δυνατὸν
1005 3097 1280 3161 duntaxat,
1335 3107 1597 3151 recenset.

531 3173 805 3223 Hierocles
824 3174 1018 3238 optime
1036 3174 1423 3226 Commentario
1438 3191 1598 3226 aureo

531 3250 585 3298 in
605 3264 720 3298 eum
741 3250 1186 3315 Pythagoreorum
1210 3267 1415 3302 versum
1439 3255 1597 3319 uffic-

533 3343 592 3375 σε
633 3324 685 3376 δὲ
725 3325 872 3389 μηδὲν
911 3330 1007 3377 τῶν
1045 3327 1110 3390 μὴ
1155 3328 1429 3381 ἐπίστασαι.
1462 3329 1595 3380 ἀλλὰ

533 3404 750 3458 διδάσκει)
759 3408 923 3459 Ὄσσα
943 3408 1111 3474 χρεών.
1180 3411 1442 3460 Nimirum
1464 3411 1598 3461 edit.

532 3483 791 3535 Parisien.
806 3498 927 3548 pag.
949 3489 1063 3536 174.
1079 3491 1136 3535 et
1150 3499 1271 3550 pag.
1286 3490 1403 3538 257.
1434 3488 1600 3550 Egre-

533 3560 618 3624 gie
668 3560 917 3610 Alcinous
971 3562 1086 3611 loco
1139 3561 1231 3610 cit.
1288 3563 1599 3613 Lactantius

534 3637 688 3686 etiam
728 3637 795 3686 de
829 3637 986 3686 Falsa
1024 3636 1192 3700 Relig.
1229 3638 1322 3688 lib.
1361 3653 1399 3689 1.
1440 3654 1487 3689 c.
1514 3654 1596 3703 rx.

533 3714 617 3763 De
640 3714 781 3763 Vero
805 3714 962 3763 Cultu
996 3713 1032 3764 l.
1055 3727 1134 3763 vr.
1173 3729 1290 3779 cap.
1325 3719 1403 3767 18.
1434 3723 1491 3766 et
1514 3721 1597 3767 23.

534 3797 590 3838 et
607 3788 675 3837 de
695 3789 786 3838 Ira
808 3789 913 3838 Dei
935 3804 1053 3853 cap.
1078 3794 1160 3841 19.
1226 3791 1520 3857 Simplicius
1544 3793 1598 3842 in

535 3864 772 3928 Epicteti
798 3865 1066 3917 Euchirid.
1090 3881 1209 3933 cap.
1245 3873 1329 3920 82.
1395 3870 1598 3922 Quibus

532 3940 586 3995 in
603 3941 731 3991 locis
748 3942 1074 3992 sanctissima
1087 3946 1409 4011 maximeque
1430 3946 1599 3996 Chris-

533 4018 676 4068 tiano
720 4019 936 4071 hominev
966 4021 1133 4086 digna·
1168 4031 1441 4088 praecepta
1474 4039 1598 4074 con-

536 4092 804 4145 tinentur:
844 4096 982 4146 unde
1029 4112 1329 4161 germanum
1374 4097 1599 4149 celebris

533 4169 683 4234 hujus
705 4171 830 4222 dicti
849 4187 1056 4224 sensum
1075 4176 1599 4240 explanationemque

531 4252 687 4308 petus
708 4247 865 4299 licet:
899 4256 1113 4300 tantum·
1140 4252 1274 4301 enim
1310 4252 1394 4302 hic
1426 4251 1599 4316 fungi·

533 4335 650 4371 mur
673 4323 786 4377 vice
823 4327 973 4379 cotis.
1042 4328 1183 4380 Hinc
1222 4344 1427 4396 quoque
1468 4329 1599 4379 varii

1234 412 1451 462 No'rAE
1503 411 1904 461 vantoRUM
1957 413 2032 461 IN

1670 564 1906 607 auctores
1944 553 2071 606 illud
2103 555 2300 607 imitati
2332 562 2483 606 sunt:
2519 555 2705 606 Plinius

1670 634 1817 683 initio
1840 633 2100 698 Panegyr.
2135 636 2150 662 ‘
2171 633 2309 685 Quid
2348 633 2483 681 euim
2516 641 2715 696 praesta-

1674 711 1842 773 bilius,
1860 719 1947 761 aut
1967 710 2227 775 pulchrius
2250 723 2463 758 munere
2482 709 2718 771 Deorum,

1670 802 1821 852 quam
1846 793 2019 837 castus
2042 793 2096 837 et
2117 792 2328 836 sanctus
2349 792 2404 835 et
2440 786 2553 834 Diis
2576 786 2723 834 simil·

1671 865 1820 914 limus
1845 866 2088 928 princeps
2108 864 2143 913 ?’
2180 864 2328 913 Idem
2365 862 2638 913 Musonius
2660 862 2722 911 de

1669 955 1729 991 re
1751 940 1931 989 eadem
1954 941 2091 1005 apud
2117 941 2380 991 Stoboeum
2403 956 2557 990 serm.
2583 954 2725 990 vat.

1669 1015 1978 1066 Aristoteles
2016 1018 2151 1067 enim
2181 1018 2392 1067 Politie.
2434 1017 2527 1067 lib.
2564 1031 2654 1067 ιη.
2680 1033 2724 1067 c.

1669 1108 1749 1143 rx.
1773 1095 2029 1144 hominem
2054 1096 2247 1145 virtute
2270 1102 2609 1160 praestantem
2627 1093 2727 1146 θεὸν

1670 1171 1720 1220 ἐν
1764 1170 2010 1236 ἀνθρώποις
2052 1170 2183 1235 εἶναι,
2242 1172 2258 1200 ‘
2279 1186 2394 1220 esse
2414 1171 2428 1193 '
2486 1178 2728 1237 tanquam

1667 1251 1682 1276 ⁸
1702 1250 1868 1298 Deum
1925 1250 2063 1298 inter
2118 1249 2347 1298 homines
2372 1248 2387 1271 '
2444 1250 2728 1299 existimat.

1669 1325 1811 1376 Hinc
1846 1334 1901 1376 et
1936 1326 2025 1375 illa
2063 1327 2280 1376 Homeri
2324 1342 2387 1377 ac
2421 1326 2632 1390 Virgilii
2665 1327 2727 1376 de

1668 1404 1870 1455 eximiis
1893 1405 2220 1471 heroicaeque
2261 1406 2549 1469 majestatis
2589 1404 2729 1466 viris,

1667 1481 1769 1544 8εῷ
1803 1480 1863 1529 τὸ
1897 1478 2016 1531 εἶδος
2050 1480 2220 1543 ὅμοιος.
2253 1480 2364 1531 ‘Os
2385 1482 2726 1545 humerosque

1668 1557 1782 1606 Deo
1806 1557 2020 1608 similis.’
2084 1559 2252 1609 Porro
2281 1573 2386 1608 non
2422 1560 2589 1612 solum
2613 1560 2729 1608 Pla·

1667 1643 1723 1686 to
1746 1637 1961 1687 hominis
1985 1636 2138 1687 finem
2164 1638 2326 1686 voluit
2349 1652 2463 1686 esse
2485 1636 2545 1686 τὸ
2567 1638 2726 1699 ὅμοια·

1666 1716 1796 1773 θῆναι
1830 1716 1898 1777 τῷ
1936 1716 2040 1778 θεῷ,
2083 1716 2099 1743 ‘
2122 1714 2393 1765 assimilari
2436 1714 2601 1777 Deo,’
2640 1714 2728 1763 sed

1667 1788 1856 1840 ἔπεσθαι
1884 1791 1900 1819 ‘
1919 1789 2095 1855 sequi’
2135 1804 2335 1855 quoque
2371 1791 2387 1818 ‘
2410 1788 2633 1839 Deum-t'
2666 1790 2729 1839 de

1667 1881 1769 1932 quo
1806 1881 1979 1931 supra.
2044 1868 2120 1917 Ut
2156 1866 2210 1915 in
2253 1865 2501 1928 Phaedro,
2548 1866 2608 1915 Ἦ
2646 1864 2728 1929 μὲν

1667 1946 1835 2013 ἄριστα
1856 1951 1968 1997 θεῶν
1989 1945 2189 2008 ἑπομένη
2220 1945 2299 1996 καὶ
2320 1944 2575 2007 εἰκασμένη
2597 1946 2728 2011 ὕπερ·

1665 2028 1778 2092 ᾗρεν
1797 2025 1861 2076 εἷς
1879 2024 1962 2075 τὸν
1996 2023 2079 2087 ἔξω
2109 2022 2253 2074 τόπον
2286 2023 2377 2082 τὴν
2407 2025 2497 2071 τοῦ
2541 2021 2731 2085 ἡνιόχου

1667 2102 1895 2167 κεφαλήν.
1932 2102 2148 2152 Animus
2169 2101 2282 2150 ‘ille
2314 2102 2403 2165 qui
2429 2102 2575 2149 Deos
2606 2101 2732 2164 opti-

1667 2195 1751 2230 me
1770 2185 1978 2230 secutus
1994 2184 2078 2228 est
2096 2177 2223 2228 etad
2242 2191 2419 2227 eorum
2439 2177 2731 2227 similitudi·

1668 2272 1783 2307 nem
1806 2255 2180 2318 conformatus,
2210 2255 2263 2303 in
2301 2255 2727 2317 supercoelestem

1667 2334 1839 2382 locum
1863 2332 2055 2395 aurigae
2078 2332 2267 2381 extulit
2304 2329 2498 2394 caput.’
2564 2330 2730 2380 Idem·

1670 2423 1768 2475 que
1793 2408 2001 2458 omnino
2019 2408 2110 2457 sed
2137 2408 2326 2457 clarius
2360 2407 2432 2456 ait
2453 2406 2545 2455 lib.
2571 2419 2646 2455 ιν.
2668 2404 2729 2453 de

1668 2487 1915 2550 Legibus.
1978 2485 2135 2537 Unde
2158 2494 2435 2550 utrumque
2457 2482 2730 2533 confundit

1669 2563 1937 2626 Alcinous,
1959 2578 2077 2614 cum
2101 2565 2273 2614 t‘amen
2314 2562 2555 2610 videatur
2578 2556 2730 2608 Plato

1670 2641 1723 2690 in
1747 2641 1827 2690 his
1853 2641 2051 2691 duobus
2073 2641 2204 2690 locis
2225 2640 2359 2689 velle
2393 2637 2622 2701 primum
2642 2650 2731 2685 nos

1670 2719 1686 2747 ‘
1707 2718 1854 2783 sequi
1879 2720 2045 2768 Deum
2061 2717 2094 2779 ;’
2127 2718 2225 2766 hoc
2247 2723 2346 2778 est,
2365 2714 2627 2764 virtutum
2650 2728 2732 2762 ex·

1670 2794 1857 2844 ercitio
1880 2794 2092 2859 probos,
2116 2793 2249 2857 pios,
2260 2791 2431 2854 justos
2455 2796 2512 2839 et
2532 2790 2734 2853 sapien·

1670 2878 1750 2921 tes
1794 2870 1942 2922 fieri:
1991 2875 2007 2899 ‘
2027 2869 2297 2919 assimilari
2313 2869 2328 2893 '
2378 2881 2527 2930 vero,
2562 2873 2733 2917 mente

1671 2963 1768 3013 per
1788 2949 2010 2999 virtutes
2034 2948 2295 2996 illustrata
2317 2944 2485 2992 Deum
2502 2950 2732 2993 contem·

1671 3025 1827 3089 plari,
1876 3039 1989 3084 seu,
2027 3031 2085 3072 ut
2128 3022 2455 3086 Pythagoras
2506 3019 2735 3080 volebat,

1670 3117 1787 3152 cum
1833 3117 1895 3151 eo
1939 3101 2183 3165 colloqui,
2227 3098 2408 3163 illique
2447 3097 2732 3148 adhaerere.

1671 3179 1791 3230 Quo
1815 3184 1870 3226 et
1891 3191 2042 3225 sensu
2083 3175 2325 3238 accipere
2361 3173 2577 3224 videtur
2618 3175 2735 3224 Lac·

1672 3254 1862 3304 tantins
1887 3252 2173 3302 Firmianus
2197 3252 2283 3302 lib.
2302 3251 2370 3300 de
2388 3251 2479 3300 Ira
2500 3251 2603 3301 Dei
2624 3264 2734 3314 cap.

1674 3337 1754 3384 19.
1791 3334 1806 3361 ‘
1824 3332 1927 3384 Qui
1960 3338 2131 3382 autem
2154 3333 2328 3381 Deum
2368 3331 2562 3394 secuti,
2586 3330 2734 3395 eique

1672 3416 1936 3474 parentes,
1952 3410 2184 3473 corporis
2196 3407 2455 3458 desideria
2468 3413 2740 3470 contemp·

1667 3486 1854 3549 serint,
1879 3495 1934 3536 et
1976 3486 2223 3535 virtutem
2263 3482 2619 3548 praeferentes
2649 3499 2734 3533 vo·

1674 3563 1979 3626 luptatibus,
1999 3562 2347 3611 innocentiam
2362 3559 2735 3624 justitiamque

1675 3639 2019 3702 servaverint,
2051 3639 2142 3688 lios
2178 3639 2320 3687 Deus
2345 3644 2405 3687 ut
2425 3637 2507 3686 sui
2543 3638 2736 3687 similes

1673 3713 2037 3778 recognoscit!
2101 3713 2390 3764 Stoicorum
2411 3717 2588 3762 autem
2604 3712 2670 3761 de
2683 3726 2739 3761 ea

1672 3806 1731 3842 re
1756 3794 2046 3843 sententias
2067 3793 2266 3843 hicnon
2291 3792 2630 3856 attingimust
2657 3805 2739 3840 ne·

1672 3884 1755 3919 mo
1788 3870 1925 3919 enim
1960 3877 2043 3919 est
2076 3869 2163 3934 qui
2202 3866 2531 3931 blasphemas
2560 3882 2736 3918 eorum

1671 3962 1827 3996 voces
1850 3961 1951 3994 nou
1972 3946 2184 3996 horreat
2204 3951 2260 3995 et
2278 3953 2577 3995 execretur.
2614 3945 2741 3997 Quis

1672 4023 1809 4072 enim
1831 4022 1962 4072 illud
1988 4021 2125 4072 ferat
2145 4023 2361 4072 Senecae
2383 4021 2557 4085 Epist.
2583 4021 2736 4070 um?

1672 4102 1688 4134 ·‘
1705 4101 1932 4150 Tantum
1981 4100 2243 4164 sapientia
2296 4099 2420 4149 sua'
2467 4088 2738 4163 (sapienti)

1670 4175 1687 4203 ‘
1706 4183 1953 4240 quantum
1997 4178 2111 4226 Deo
2170 4177 2333 4226 omnis
2387 4181 2517 4224 aetas
2576 4180 2734 4237 patet.

1674 4253 1774 4303 Est
1814 4252 2010 4318 aliquid
2064 4266 2164 4317 quo
2200 4250 2420 4313 Sapiens
2456 4249 2733 4299 antecedat

1656 4329 1862 4389 Deum.
1932 4330 2030 4379 Ille
2074 4334 2273 4380 naturae
2329 4324 2587 4378 beneficio
2636 4338 2731 4375 non
