<?xml version="1.0" encoding="UTF-8"?>
<!DOCTYPE html PUBLIC "-//W3C//DTD XHTML 1.0 Transitional//EN"
    "http://www.w3.org/TR/xhtml1/DTD/xhtml1-transitional.dtd">
<html xmlns="http://www.w3.org/1999/xhtml" xml:lang="en" lang="en">
 <head>
  <title>
</title>
<meta http-equiv="Content-Type" content="text/html;charset=utf-8" />
  <meta name='ocr-system' content='tesseract 3.04.00' />
  <meta name='ocr-capabilities' content='ocr_page ocr_carea ocr_par ocr_line ocrx_word'/>
</head>
<body>
  <div class='ocr_page' id='page_1' title='image "./deconsolationep00boetgoog_0028.png"; bbox 0 0 3049 4928; ppageno 0'>
   <div class='ocr_carea' id='block_1_1' title="bbox 485 384 1774 469">
    <p class='ocr_par' dir='ltr' id='par_1_1' title="bbox 485 384 1774 469">
     <span class='ocr_line' id='line_1_1' title="bbox 485 384 1774 469; baseline -0.007 -20"><span class='ocrx_word' id='word_1_1' title='bbox 485 384 573 469; x_wconf 82' lang='grc'><strong>18</strong></span> <span class='ocrx_word' id='word_1_2' title='bbox 1405 394 1468 441; x_wconf 83' lang='lat' dir='ltr'><strong>P.</strong></span> <span class='ocrx_word' id='word_1_3' title='bbox 1519 392 1774 441; x_wconf 78' lang='lat' dir='ltr'><strong>mmm</strong></span> 
     </span>
    </p>
   </div>
   <div class='ocr_carea' id='block_1_2' title="bbox 1226 554 1913 605">
    <p class='ocr_par' dir='ltr' id='par_1_2' title="bbox 1226 554 1913 605">
     <span class='ocr_line' id='line_1_2' title="bbox 1226 554 1913 605; baseline 0 -2"><span class='ocrx_word' id='word_1_4' title='bbox 1226 567 1231 571; x_wconf 82' lang='lat'><em>&#39;</em></span> <span class='ocrx_word' id='word_1_5' title='bbox 1271 555 1349 605; x_wconf 74' lang='lat' dir='ltr'><strong>m</strong></span> <span class='ocrx_word' id='word_1_6' title='bbox 1403 554 1913 605; x_wconf 75' lang='lat' dir='ltr'><strong>MEcflAmols:</strong></span> 
     </span>
    </p>
   </div>
   <div class='ocr_carea' id='block_1_3' title="bbox 572 674 2696 1076">
    <p class='ocr_par' dir='ltr' id='par_1_3' title="bbox 572 674 1976 769">
     <span class='ocr_line' id='line_1_3' title="bbox 572 674 1976 769; baseline -0.007 -20"><span class='ocrx_word' id='word_1_7' title='bbox 572 679 946 749; x_wconf 83' lang='lat' dir='ltr'><strong>Transtulit</strong></span> <span class='ocrx_word' id='word_1_8' title='bbox 972 676 1454 769; x_wconf 80' lang='lat' dir='ltr'><strong>Archimedem·</strong></span> <span class='ocrx_word' id='word_1_9' title='bbox 1477 675 1556 741; x_wconf 88' lang='lat' dir='ltr'>M</span> <span class='ocrx_word' id='word_1_10' title='bbox 1560 674 1976 743; x_wconf 82' lang='lat' dir='ltr'><strong>echanicum.</strong></span> 
     </span>
    </p>

    <p class='ocr_par' dir='ltr' id='par_1_4' title="bbox 574 782 2047 870">
     <span class='ocr_line' id='line_1_4' title="bbox 574 782 2047 870; baseline -0.007 -19"><span class='ocrx_word' id='word_1_11' title='bbox 574 785 808 851; x_wconf 86' lang='lat' dir='ltr'><strong>Edidit</strong></span> <span class='ocrx_word' id='word_1_12' title='bbox 835 790 1162 870; x_wconf 80' lang='lat' dir='ltr'><strong>praeterea</strong></span> <span class='ocrx_word' id='word_1_13' title='bbox 1190 782 1551 847; x_wconf 81' lang='lat' dir='ltr'><strong>Platonem</strong></span> <span class='ocrx_word' id='word_1_14' title='bbox 1584 800 1626 845; x_wconf 91' lang='lat' dir='ltr'><strong>a</strong></span> <span class='ocrx_word' id='word_1_15' title='bbox 1655 801 1730 865; x_wconf 87' lang='lat' dir='ltr'><strong>se</strong></span> <span class='ocrx_word' id='word_1_16' title='bbox 1758 797 2047 846; x_wconf 87' lang='lat' dir='ltr'><strong>versum.</strong></span> 
     </span>
    </p>

    <p class='ocr_par' dir='ltr' id='par_1_5' title="bbox 574 886 1842 973">
     <span class='ocr_line' id='line_1_5' title="bbox 574 886 1842 973; baseline -0.006 -19"><span class='ocrx_word' id='word_1_17' title='bbox 574 887 1032 973; x_wconf 76' lang='lat' dir='ltr'><strong>Epistularum</strong></span> <span class='ocrx_word' id='word_1_18' title='bbox 1064 886 1150 952; x_wconf 91' lang='lat' dir='ltr'><strong>ad</strong></span> <span class='ocrx_word' id='word_1_19' title='bbox 1182 886 1486 951; x_wconf 87' lang='lat' dir='ltr'><strong>diversos</strong></span> <span class='ocrx_word' id='word_1_20' title='bbox 1517 886 1757 950; x_wconf 89' lang='lat' dir='ltr'><strong>librum</strong></span> <span class='ocrx_word' id='word_1_21' title='bbox 1790 900 1842 949; x_wconf 92' lang='lat'><strong>1.</strong></span> 
     </span>
    </p>

    <p class='ocr_par' dir='ltr' id='par_1_6' title="bbox 574 982 2696 1076">
     <span class='ocr_line' id='line_1_6' title="bbox 574 982 2696 1076; baseline -0.003 -19"><span class='ocrx_word' id='word_1_22' title='bbox 574 991 1315 1076; x_wconf 59' lang='lat' dir='ltr'><strong>Concordiaquuoque</strong></span> <span class='ocrx_word' id='word_1_23' title='bbox 1337 988 1796 1072; x_wconf 77' lang='lat' dir='ltr'><strong>Philosophiae</strong></span> <span class='ocrx_word' id='word_1_24' title='bbox 1815 984 2269 1052; x_wconf 72' lang='lat' dir='ltr'><strong>Aristotelicas</strong></span> <span class='ocrx_word' id='word_1_25' title='bbox 2289 1003 2445 1051; x_wconf 88' lang='lat' dir='ltr'><strong>cum</strong></span> <span class='ocrx_word' id='word_1_26' title='bbox 2462 982 2696 1051; x_wconf 91' lang='lat' dir='ltr'><strong>Plato-</strong></span> 
     </span>
    </p>
   </div>
   <div class='ocr_carea' id='block_1_4' title="bbox 486 1094 1531 1265">
    <p class='ocr_par' dir='ltr' id='par_1_7' title="bbox 486 1094 1531 1265">
     <span class='ocr_line' id='line_1_7' title="bbox 486 1094 1522 1178; baseline -0.007 -17"><span class='ocrx_word' id='word_1_27' title='bbox 486 1094 661 1161; x_wconf 90' lang='lat' dir='ltr'><strong>nicis</strong></span> <span class='ocrx_word' id='word_1_28' title='bbox 691 1095 983 1161; x_wconf 90' lang='lat' dir='ltr'><strong>Scribere</strong></span> <span class='ocrx_word' id='word_1_29' title='bbox 1011 1113 1367 1178; x_wconf 84' lang='lat' dir='ltr'>aggressus</span> <span class='ocrx_word' id='word_1_30' title='bbox 1395 1100 1522 1161; x_wconf 85' lang='lat' dir='ltr'><strong>est.</strong></span> 
     </span>
     <span class='ocr_line' id='line_1_8' title="bbox 574 1197 1531 1265; baseline -0.002 -1"><span class='ocrx_word' id='word_1_31' title='bbox 574 1199 682 1264; x_wconf 92' lang='lat' dir='ltr'><strong>De</strong></span> <span class='ocrx_word' id='word_1_32' title='bbox 710 1198 1273 1265; x_wconf 82' lang='lat' dir='ltr'><strong>Hebdomadibus</strong></span> <span class='ocrx_word' id='word_1_33' title='bbox 1300 1197 1421 1262; x_wconf 90' lang='lat' dir='ltr'><strong>lib.</strong></span> <span class='ocrx_word' id='word_1_34' title='bbox 1457 1214 1531 1262; x_wconf 74' lang='lat' dir='ltr'><strong>1.v</strong></span> 
     </span>
    </p>
   </div>
   <div class='ocr_carea' id='block_1_5' title="bbox 470 1359 2790 4331">
    <p class='ocr_par' dir='ltr' id='par_1_8' title="bbox 472 1359 2712 2489">
     <span class='ocr_line' id='line_1_9' title="bbox 571 1359 2691 1448; baseline -0.003 -15"><span class='ocrx_word' id='word_1_35' title='bbox 571 1365 982 1434; x_wconf 81' lang='lat' dir='ltr'><strong>Crediderim</strong></span> <span class='ocrx_word' id='word_1_36' title='bbox 1010 1366 1238 1445; x_wconf 88' lang='lat' dir='ltr'><strong>etiam,</strong></span> <span class='ocrx_word' id='word_1_37' title='bbox 1259 1364 1506 1434; x_wconf 87' lang='lat' dir='ltr'><strong>Romae</strong></span> <span class='ocrx_word' id='word_1_38' title='bbox 1540 1365 1645 1429; x_wconf 88' lang='lat' dir='ltr'><strong>vel</strong></span> <span class='ocrx_word' id='word_1_39' title='bbox 1674 1365 1900 1448; x_wconf 90' lang='lat' dir='ltr'><strong>ipsum</strong></span> <span class='ocrx_word' id='word_1_40' title='bbox 1934 1367 2129 1428; x_wconf 85' lang='lat' dir='ltr'><strong>extra</strong></span> <span class='ocrx_word' id='word_1_41' title='bbox 2152 1359 2457 1427; x_wconf 87' lang='lat' dir='ltr'><strong>ordinem</strong></span> <span class='ocrx_word' id='word_1_42' title='bbox 2486 1381 2691 1448; x_wconf 88' lang='lat' dir='ltr'><strong>quos-</strong></span> 
     </span>
     <span class='ocr_line' id='line_1_10' title="bbox 484 1464 2691 1555; baseline -0.003 -19"><span class='ocrx_word' id='word_1_43' title='bbox 484 1472 639 1537; x_wconf 89' lang='lat' dir='ltr'><strong>dam</strong></span> <span class='ocrx_word' id='word_1_44' title='bbox 667 1471 926 1535; x_wconf 87' lang='lat' dir='ltr'><strong>nobiles</strong></span> <span class='ocrx_word' id='word_1_45' title='bbox 962 1464 1257 1555; x_wconf 86' lang='lat' dir='ltr'><strong>juvenes</strong></span> <span class='ocrx_word' id='word_1_46' title='bbox 1291 1469 1631 1549; x_wconf 83' lang='lat' dir='ltr'><strong>docuisse,</strong></span> <span class='ocrx_word' id='word_1_47' title='bbox 1660 1469 1769 1532; x_wconf 87' lang='lat' dir='ltr'><strong>vel</strong></span> <span class='ocrx_word' id='word_1_48' title='bbox 1814 1464 2214 1545; x_wconf 84' lang='lat' dir='ltr'><strong>docentibus</strong></span> <span class='ocrx_word' id='word_1_49' title='bbox 2258 1464 2411 1543; x_wconf 83' lang='lat' dir='ltr'><strong>aliis</strong></span> <span class='ocrx_word' id='word_1_50' title='bbox 2437 1465 2691 1549; x_wconf 84' lang='lat' dir='ltr'><strong>praefu-</strong></span> 
     </span>
     <span class='ocr_line' id='line_1_11' title="bbox 481 1558 2695 1655; baseline -0.003 -15"><span class='ocrx_word' id='word_1_51' title='bbox 481 1575 647 1653; x_wconf 86' lang='lat' dir='ltr'><strong>isse,</strong></span> <span class='ocrx_word' id='word_1_52' title='bbox 679 1577 746 1639; x_wconf 91' lang='lat' dir='ltr'><strong>et</strong></span> <span class='ocrx_word' id='word_1_53' title='bbox 774 1574 961 1639; x_wconf 87' lang='lat' dir='ltr'><strong>varia</strong></span> <span class='ocrx_word' id='word_1_54' title='bbox 998 1571 1214 1637; x_wconf 91' lang='lat' dir='ltr'><strong>omnis</strong></span> <span class='ocrx_word' id='word_1_55' title='bbox 1244 1570 1598 1655; x_wconf 77' lang='lat' dir='ltr'><strong>sapientiae</strong></span> <span class='ocrx_word' id='word_1_56' title='bbox 1631 1569 1965 1634; x_wconf 81' lang='lat' dir='ltr'><strong>exercitia</strong></span> <span class='ocrx_word' id='word_1_57' title='bbox 2003 1567 2187 1633; x_wconf 90' lang='lat' dir='ltr'><strong>domi</strong></span> <span class='ocrx_word' id='word_1_58' title='bbox 2236 1587 2382 1633; x_wconf 85' lang='lat' dir='ltr'><strong>suae</strong></span> <span class='ocrx_word' id='word_1_59' title='bbox 2428 1558 2695 1647; x_wconf 82' lang='lat' dir='ltr'><strong>institn-</strong></span> 
     </span>
     <span class='ocr_line' id='line_1_12' title="bbox 472 1668 2692 1757; baseline -0.002 -17"><span class='ocrx_word' id='word_1_60' title='bbox 472 1674 643 1741; x_wconf 78' lang='lat' dir='ltr'><strong>isse.</strong></span> <span class='ocrx_word' id='word_1_61' title='bbox 707 1676 867 1741; x_wconf 89' lang='lat' dir='ltr'><strong>Fuit</strong></span> <span class='ocrx_word' id='word_1_62' title='bbox 895 1676 1072 1740; x_wconf 90' lang='lat' dir='ltr'><strong>enim</strong></span> <span class='ocrx_word' id='word_1_63' title='bbox 1107 1682 1267 1738; x_wconf 92' lang='lat' dir='ltr'><strong>tunc</strong></span> <span class='ocrx_word' id='word_1_64' title='bbox 1297 1674 1629 1757; x_wconf 86' lang='lat' dir='ltr'><strong>temporis</strong></span> <span class='ocrx_word' id='word_1_65' title='bbox 1656 1673 1812 1756; x_wconf 90' lang='lat' dir='ltr'><strong>ipsa</strong></span> <span class='ocrx_word' id='word_1_66' title='bbox 1839 1673 2041 1736; x_wconf 88' lang='lat' dir='ltr'><strong>etiam</strong></span> <span class='ocrx_word' id='word_1_67' title='bbox 2071 1668 2297 1736; x_wconf 88' lang='lat' dir='ltr'><strong>Roma</strong></span> <span class='ocrx_word' id='word_1_68' title='bbox 2323 1670 2692 1753; x_wconf 85' lang='lat' dir='ltr'><strong>literarum,</strong></span> 
     </span>
     <span class='ocr_line' id='line_1_13' title="bbox 484 1774 2696 1863; baseline -0.003 -19"><span class='ocrx_word' id='word_1_69' title='bbox 484 1783 553 1844; x_wconf 92' lang='lat' dir='ltr'><strong>et</strong></span> <span class='ocrx_word' id='word_1_70' title='bbox 580 1778 1056 1863; x_wconf 76' lang='lat' dir='ltr'><strong>philosophiae,</strong></span> <span class='ocrx_word' id='word_1_71' title='bbox 1074 1783 1141 1842; x_wconf 92' lang='lat' dir='ltr'><strong>et</strong></span> <span class='ocrx_word' id='word_1_72' title='bbox 1160 1776 1620 1841; x_wconf 81' lang='lat' dir='ltr'><strong>humaniorum</strong></span> <span class='ocrx_word' id='word_1_73' title='bbox 1652 1774 2152 1859; x_wconf 86' lang='lat' dir='ltr'><strong>disciplinarum</strong></span> <span class='ocrx_word' id='word_1_74' title='bbox 2171 1774 2556 1858; x_wconf 62' lang='lat' dir='ltr'><strong>⁴artiumque</strong></span> <span class='ocrx_word' id='word_1_75' title='bbox 2583 1793 2696 1838; x_wconf 90' lang='lat' dir='ltr'><strong>ce-</strong></span> 
     </span>
     <span class='ocr_line' id='line_1_14' title="bbox 472 1874 2693 1964; baseline -0.002 -19"><span class='ocrx_word' id='word_1_76' title='bbox 472 1880 786 1945; x_wconf 76' lang='lat' dir='ltr'><strong>lebritate</strong></span> <span class='ocrx_word' id='word_1_77' title='bbox 837 1879 1060 1945; x_wconf 87' lang='lat' dir='ltr'><strong>clara:</strong></span> <span class='ocrx_word' id='word_1_78' title='bbox 1114 1874 1698 1964; x_wconf 71' lang='lat' dir='ltr'><strong>&#39;quemadmodum</strong></span> <span class='ocrx_word' id='word_1_79' title='bbox 1748 1897 1841 1941; x_wconf 85' lang='lat' dir='ltr'><strong>ex</strong></span> <span class='ocrx_word' id='word_1_80' title='bbox 1895 1877 2227 1962; x_wconf 87' lang='lat' dir='ltr'><strong>rescripto</strong></span> <span class='ocrx_word' id='word_1_81' title='bbox 2288 1875 2693 1942; x_wconf 88' lang='lat' dir='ltr'><strong>Theodorici</strong></span> 
     </span>
     <span class='ocr_line' id='line_1_15' title="bbox 483 1979 2712 2069; baseline -0.003 -20"><span class='ocrx_word' id='word_1_82' title='bbox 483 1984 694 2068; x_wconf 84' lang='lat' dir='ltr'><strong>Regis</strong></span> <span class='ocrx_word' id='word_1_83' title='bbox 722 1983 809 2049; x_wconf 87' lang='lat' dir='ltr'><strong>ad</strong></span> <span class='ocrx_word' id='word_1_84' title='bbox 840 1983 1338 2069; x_wconf 84' lang='lat' dir='ltr'><strong>Symmachum,</strong></span> <span class='ocrx_word' id='word_1_85' title='bbox 1394 1981 1664 2047; x_wconf 72' lang='lat' dir='ltr'><strong>Boethii</strong></span> <span class='ocrx_word' id='word_1_86' title='bbox 1705 2000 2033 2059; x_wconf 86' lang='lat' dir='ltr'><strong>socerum,</strong></span> <span class='ocrx_word' id='word_1_87' title='bbox 2081 1984 2388 2063; x_wconf 88' lang='lat' dir='ltr'><strong>apparet,</strong></span> <span class='ocrx_word' id='word_1_88' title='bbox 2446 1979 2512 2043; x_wconf 91' lang='lat' dir='ltr'><strong>in</strong></span> <span class='ocrx_word' id='word_1_89' title='bbox 2552 1997 2712 2063; x_wconf 90' lang='lat' dir='ltr'><strong>quo</strong></span> 
     </span>
     <span class='ocr_line' id='line_1_16' title="bbox 479 2078 2692 2171; baseline -0.003 -19"><span class='ocrx_word' id='word_1_90' title='bbox 479 2086 602 2152; x_wconf 91' lang='lat' dir='ltr'><strong>ille</strong></span> <span class='ocrx_word' id='word_1_91' title='bbox 645 2085 937 2162; x_wconf 86' lang='lat' dir='ltr'><strong>Romam</strong></span> <span class='ocrx_word' id='word_1_92' title='bbox 983 2085 1389 2171; x_wconf 76' lang='lat' dir='ltr'><strong>eloquentiae</strong></span> <span class='ocrx_word' id='word_1_93' title='bbox 1435 2091 1643 2150; x_wconf 86' lang='lat' dir='ltr'><strong>vocat</strong></span> <span class='ocrx_word' id='word_1_94' title='bbox 1688 2078 2081 2149; x_wconf 76' lang='lat' dir='ltr'><strong>foecundam</strong></span> <span class='ocrx_word' id='word_1_95' title='bbox 2127 2089 2434 2160; x_wconf 85' lang='lat' dir='ltr'><strong>matrem,</strong></span> <span class='ocrx_word' id='word_1_96' title='bbox 2484 2081 2692 2147; x_wconf 83' lang='lat' dir='ltr'><strong>virtu-</strong></span> 
     </span>
     <span class='ocr_line' id='line_1_17' title="bbox 480 2182 2693 2275; baseline -0.002 -21"><span class='ocrx_word' id='word_1_97' title='bbox 480 2195 757 2275; x_wconf 88' lang='lat' dir='ltr'><strong>tumque</strong></span> <span class='ocrx_word' id='word_1_98' title='bbox 787 2190 1087 2255; x_wconf 90' lang='lat' dir='ltr'><strong>omnium</strong></span> <span class='ocrx_word' id='word_1_99' title='bbox 1116 2187 1523 2261; x_wconf 86' lang='lat' dir='ltr'><strong>latissimum</strong></span> <span class='ocrx_word' id='word_1_100' title='bbox 1559 2186 1925 2272; x_wconf 85' lang='lat' dir='ltr'><strong>templum.</strong></span> <span class='ocrx_word' id='word_1_101' title='bbox 1971 2188 2307 2268; x_wconf 86' lang='lat' dir='ltr'><strong>vetatque,</strong></span> <span class='ocrx_word' id='word_1_102' title='bbox 2353 2204 2436 2249; x_wconf 90' lang='lat' dir='ltr'><strong>ne</strong></span> <span class='ocrx_word' id='word_1_103' title='bbox 2482 2182 2693 2251; x_wconf 88' lang='lat' dir='ltr'><strong>Vale·</strong></span> 
     </span>
     <span class='ocr_line' id='line_1_18' title="bbox 478 2284 2694 2379; baseline -0.002 -21"><span class='ocrx_word' id='word_1_104' title='bbox 478 2293 654 2359; x_wconf 89' lang='lat' dir='ltr'><strong>riani</strong></span> <span class='ocrx_word' id='word_1_105' title='bbox 691 2293 879 2358; x_wconf 87' lang='lat' dir='ltr'><strong>liberi</strong></span> <span class='ocrx_word' id='word_1_106' title='bbox 909 2313 948 2357; x_wconf 91' lang='lat' dir='ltr'><strong>e</strong></span> <span class='ocrx_word' id='word_1_107' title='bbox 978 2292 1410 2377; x_wconf 84' lang='lat' dir='ltr'><strong>Syracusana</strong></span> <span class='ocrx_word' id='word_1_108' title='bbox 1439 2291 1713 2379; x_wconf 79' lang='lat' dir='ltr'><strong>civitate</strong></span> <span class='ocrx_word' id='word_1_109' title='bbox 1752 2284 2128 2361; x_wconf 80' lang='lat' dir='ltr'><strong>studicrum</strong></span> <span class='ocrx_word' id='word_1_110' title='bbox 2157 2304 2369 2353; x_wconf 83' lang='lat' dir='ltr'><strong>causa</strong></span> <span class='ocrx_word' id='word_1_111' title='bbox 2398 2286 2694 2354; x_wconf 85' lang='lat' dir='ltr'><strong>Romam</strong></span> 
     </span>
     <span class='ocr_line' id='line_1_19' title="bbox 480 2372 2523 2489; baseline -0.002 -30"><span class='ocrx_word' id='word_1_112' title='bbox 480 2393 780 2475; x_wconf 89' lang='lat' dir='ltr'><strong>deducti,</strong></span> <span class='ocrx_word' id='word_1_113' title='bbox 809 2396 962 2481; x_wconf 92' lang='lat' dir='ltr'><strong>ipso</strong></span> <span class='ocrx_word' id='word_1_114' title='bbox 987 2394 1379 2460; x_wconf 85' lang='lat' dir='ltr'><strong>inconsulto</strong></span> <span class='ocrx_word' id='word_1_115' title='bbox 1412 2401 1528 2459; x_wconf 90' lang='lat' dir='ltr'><strong>aut</strong></span> <span class='ocrx_word' id='word_1_116' title='bbox 1557 2393 1772 2480; x_wconf 81' lang='lat' dir='ltr'><strong>inscio</strong></span> <span class='ocrx_word' id='word_1_117' title='bbox 1803 2391 1889 2468; x_wconf 89' lang='lat' dir='ltr'><strong>ad</strong></span> <span class='ocrx_word' id='word_1_118' title='bbox 1918 2395 2172 2489; x_wconf 78' lang='lat' dir='ltr'><strong>patrem</strong></span> <span class='ocrx_word' id='word_1_119' title='bbox 2201 2372 2523 2467; x_wconf 88' lang='lat' dir='ltr'><strong>redeant.</strong></span> 
     </span>
    </p>

    <p class='ocr_par' dir='ltr' id='par_1_9' title="bbox 470 2493 2790 4331">
     <span class='ocr_line' id='line_1_20' title="bbox 566 2493 2790 2584; baseline -0.002 -21"><span class='ocrx_word' id='word_1_120' title='bbox 566 2496 763 2563; x_wconf 92' lang='lat' dir='ltr'><strong>Nota</strong></span> <span class='ocrx_word' id='word_1_121' title='bbox 785 2518 1064 2584; x_wconf 88' lang='lat' dir='ltr'><strong>quoque</strong></span> <span class='ocrx_word' id='word_1_122' title='bbox 1090 2497 1346 2562; x_wconf 84' lang='lat' dir='ltr'><strong>exteris</strong></span> <span class='ocrx_word' id='word_1_123' title='bbox 1363 2498 1493 2561; x_wconf 87' lang='lat' dir='ltr'><strong>fuit</strong></span> <span class='ocrx_word' id='word_1_124' title='bbox 1518 2495 1798 2561; x_wconf 66' lang='lat' dir='ltr'><strong>Boethii</strong></span> <span class='ocrx_word' id='word_1_125' title='bbox 1815 2496 2028 2559; x_wconf 87' lang='lat' dir='ltr'><strong>nostri</strong></span> <span class='ocrx_word' id='word_1_126' title='bbox 2051 2493 2443 2559; x_wconf 87' lang='lat' dir='ltr'><strong>eruditionis</strong></span> <span class='ocrx_word' id='word_1_127' title='bbox 2470 2495 2691 2563; x_wconf 83' lang='lat' dir='ltr'><strong>fama:</strong></span> <span class='ocrx_word' id='word_1_128' title='bbox 2783 2494 2790 2499; x_wconf 78' lang='grc'><strong><em>’</em></strong></span> 
     </span>
     <span class='ocr_line' id='line_1_21' title="bbox 475 2581 2694 2680; baseline -0 -17"><span class='ocrx_word' id='word_1_129' title='bbox 475 2615 632 2663; x_wconf 86' lang='lat' dir='ltr'><strong>nam</strong></span> <span class='ocrx_word' id='word_1_130' title='bbox 660 2619 812 2664; x_wconf 89' lang='lat' dir='ltr'><strong>cum</strong></span> <span class='ocrx_word' id='word_1_131' title='bbox 840 2599 1308 2665; x_wconf 82' lang='lat' dir='ltr'><strong>Theodericus</strong></span> <span class='ocrx_word' id='word_1_132' title='bbox 1341 2581 1754 2665; x_wconf 80' lang='lat' dir='ltr'><strong>Francorum</strong></span> <span class='ocrx_word' id='word_1_133' title='bbox 1774 2595 1951 2680; x_wconf 82' lang='lat' dir='ltr'><strong>Regi</strong></span> <span class='ocrx_word' id='word_1_134' title='bbox 1980 2594 2398 2674; x_wconf 79' lang='lat' dir='ltr'><strong>ChlodoveO,</strong></span> <span class='ocrx_word' id='word_1_135' title='bbox 2427 2600 2495 2662; x_wconf 89' lang='lat' dir='ltr'><strong>et</strong></span> <span class='ocrx_word' id='word_1_136' title='bbox 2522 2597 2694 2662; x_wconf 90' lang='lat' dir='ltr'><strong>Bur-</strong></span> 
     </span>
     <span class='ocr_line' id='line_1_22' title="bbox 478 2698 2692 2787; baseline -0.001 -21"><span class='ocrx_word' id='word_1_137' title='bbox 478 2700 891 2785; x_wconf 85' lang='lat' dir='ltr'><strong>gundionum</strong></span> <span class='ocrx_word' id='word_1_138' title='bbox 922 2701 1099 2787; x_wconf 84' lang='lat' dir='ltr'><strong>Regi</strong></span> <span class='ocrx_word' id='word_1_139' title='bbox 1130 2699 1570 2778; x_wconf 89' lang='lat' dir='ltr'><strong>Gundibaldo</strong></span> <span class='ocrx_word' id='word_1_140' title='bbox 1594 2698 1918 2765; x_wconf 88' lang='lat' dir='ltr'><strong>affinitate</strong></span> <span class='ocrx_word' id='word_1_141' title='bbox 1957 2698 2243 2783; x_wconf 88' lang='lat' dir='ltr'><strong>junctus</strong></span> <span class='ocrx_word' id='word_1_142' title='bbox 2271 2705 2478 2778; x_wconf 90' lang='lat' dir='ltr'><strong>esset,</strong></span> <span class='ocrx_word' id='word_1_143' title='bbox 2509 2699 2692 2784; x_wconf 77' lang='lat' dir='ltr'><strong>quod</strong></span> 
     </span>
     <span class='ocr_line' id='line_1_23' title="bbox 473 2801 2690 2889; baseline -0.001 -20"><span class='ocrx_word' id='word_1_144' title='bbox 473 2803 664 2875; x_wconf 87' lang='lat' dir='ltr'><strong>illius</strong></span> <span class='ocrx_word' id='word_1_145' title='bbox 706 2803 979 2889; x_wconf 80' lang='lat' dir='ltr'><strong>quidem</strong></span> <span class='ocrx_word' id='word_1_146' title='bbox 1012 2824 1310 2875; x_wconf 88' lang='lat' dir='ltr'><strong>sororem</strong></span> <span class='ocrx_word' id='word_1_147' title='bbox 1347 2801 1797 2869; x_wconf 84' lang='lat' dir='ltr'><strong>Audafledam</strong></span> <span class='ocrx_word' id='word_1_148' title='bbox 1842 2822 2126 2867; x_wconf 87' lang='lat' dir='ltr'><strong>uxorem</strong></span> <span class='ocrx_word' id='word_1_149' title='bbox 2154 2802 2303 2886; x_wconf 89' lang='lat' dir='ltr'><strong>ipse</strong></span> <span class='ocrx_word' id='word_1_150' title='bbox 2357 2801 2690 2882; x_wconf 83' lang='lat' dir='ltr'><strong>duxisset,</strong></span> 
     </span>
     <span class='ocr_line' id='line_1_24' title="bbox 476 2904 2693 3003; baseline -0.001 -33"><span class='ocrx_word' id='word_1_151' title='bbox 476 2905 668 2971; x_wconf 88' lang='lat' dir='ltr'><strong>alteri</strong></span> <span class='ocrx_word' id='word_1_152' title='bbox 698 2927 859 2973; x_wconf 87' lang='lat' dir='ltr'><strong>vero</strong></span> <span class='ocrx_word' id='word_1_153' title='bbox 887 2908 1036 3003; x_wconf 74' lang='lat' dir='ltr'><strong>ipse</strong></span> <span class='ocrx_word' id='word_1_154' title='bbox 1067 2906 1274 2972; x_wconf 88' lang='lat' dir='ltr'><strong>filiam</strong></span> <span class='ocrx_word' id='word_1_155' title='bbox 1304 2906 1664 2985; x_wconf 86' lang='lat' dir='ltr'><strong>elocasset,</strong></span> <span class='ocrx_word' id='word_1_156' title='bbox 1718 2906 1897 2971; x_wconf 88' lang='lat' dir='ltr'><strong>forte</strong></span> <span class='ocrx_word' id='word_1_157' title='bbox 1941 2907 2167 2972; x_wconf 87' lang='lat' dir='ltr'><strong>evenit</strong></span> <span class='ocrx_word' id='word_1_158' title='bbox 2211 2914 2285 2972; x_wconf 89' lang='lat' dir='ltr'><strong>ut</strong></span> <span class='ocrx_word' id='word_1_159' title='bbox 2309 2904 2693 2972; x_wconf 87' lang='lat' dir='ltr'><strong>Gundibal-</strong></span> 
     </span>
     <span class='ocr_line' id='line_1_25' title="bbox 476 2992 2690 3094; baseline -0 -21"><span class='ocrx_word' id='word_1_160' title='bbox 476 2992 630 3088; x_wconf 89' lang='lat' dir='ltr'><strong>duS,</strong></span> <span class='ocrx_word' id='word_1_161' title='bbox 661 3010 780 3093; x_wconf 89' lang='lat' dir='ltr'><strong>qui</strong></span> <span class='ocrx_word' id='word_1_162' title='bbox 809 3007 1156 3075; x_wconf 79' lang='lat' dir='ltr'><strong>Ravennae</strong></span> <span class='ocrx_word' id='word_1_163' title='bbox 1188 3028 1502 3081; x_wconf 88' lang='lat' dir='ltr'><strong>socerum</strong></span> <span class='ocrx_word' id='word_1_164' title='bbox 1531 3009 1882 3086; x_wconf 88' lang='lat' dir='ltr'><strong>inviserat,</strong></span> <span class='ocrx_word' id='word_1_165' title='bbox 1932 3007 2223 3073; x_wconf 85' lang='lat' dir='ltr'><strong>Romam</strong></span> <span class='ocrx_word' id='word_1_166' title='bbox 2260 3027 2533 3094; x_wconf 88' lang='lat' dir='ltr'><strong>quoque</strong></span> <span class='ocrx_word' id='word_1_167' title='bbox 2570 3028 2690 3073; x_wconf 87' lang='lat' dir='ltr'><strong>ex-</strong></span> 
     </span>
     <span class='ocr_line' id='line_1_26' title="bbox 475 3103 2689 3202; baseline -0.002 -25"><span class='ocrx_word' id='word_1_168' title='bbox 475 3118 791 3189; x_wconf 88' lang='lat' dir='ltr'><strong>curreret,</strong></span> <span class='ocrx_word' id='word_1_169' title='bbox 849 3103 1034 3189; x_wconf 77' lang='lat' dir='ltr'><strong>urbis</strong></span> <span class='ocrx_word' id='word_1_170' title='bbox 1065 3113 1253 3202; x_wconf 84' lang='lat' dir='ltr'><strong>fama</strong></span> <span class='ocrx_word' id='word_1_171' title='bbox 1289 3118 1362 3175; x_wconf 93' lang='lat' dir='ltr'><strong>et</strong></span> <span class='ocrx_word' id='word_1_172' title='bbox 1392 3108 1671 3195; x_wconf 79' lang='lat' dir='ltr'><strong>Boethii</strong></span> <span class='ocrx_word' id='word_1_173' title='bbox 1718 3110 2017 3175; x_wconf 86' lang='lat' dir='ltr'><strong>nominis</strong></span> <span class='ocrx_word' id='word_1_174' title='bbox 2066 3109 2457 3177; x_wconf 88' lang='lat' dir='ltr'><strong>celebritate</strong></span> <span class='ocrx_word' id='word_1_175' title='bbox 2505 3110 2689 3176; x_wconf 86' lang='lat' dir='ltr'><strong>exci-</strong></span> 
     </span>
     <span class='ocr_line' id='line_1_27' title="bbox 471 3212 2691 3298; baseline -0.001 -21"><span class='ocrx_word' id='word_1_176' title='bbox 471 3218 619 3296; x_wconf 90' lang='lat' dir='ltr'><strong>tus;</strong></span> <span class='ocrx_word' id='word_1_177' title='bbox 662 3213 776 3276; x_wconf 87' lang='lat' dir='ltr'><strong>cui</strong></span> <span class='ocrx_word' id='word_1_178' title='bbox 804 3232 959 3277; x_wconf 91' lang='lat' dir='ltr'><strong>cum</strong></span> <span class='ocrx_word' id='word_1_179' title='bbox 990 3213 1321 3288; x_wconf 78' lang='lat' dir='ltr'><strong>Boethius</strong></span> <span class='ocrx_word' id='word_1_180' title='bbox 1363 3215 1536 3279; x_wconf 86' lang='lat' dir='ltr'><strong>inter</strong></span> <span class='ocrx_word' id='word_1_181' title='bbox 1565 3212 1706 3279; x_wconf 81' lang='lat' dir='ltr'><strong>alia</strong></span> <span class='ocrx_word' id='word_1_182' title='bbox 1731 3212 2108 3279; x_wconf 87' lang='lat' dir='ltr'><strong>mechanici</strong></span> <span class='ocrx_word' id='word_1_183' title='bbox 2156 3214 2383 3298; x_wconf 89' lang='lat' dir='ltr'><strong>operis</strong></span> <span class='ocrx_word' id='word_1_184' title='bbox 2442 3216 2691 3297; x_wconf 85' lang='lat' dir='ltr'><strong>organa</strong></span> 
     </span>
     <span class='ocr_line' id='line_1_28' title="bbox 473 3314 2688 3408; baseline -0 -29"><span class='ocrx_word' id='word_1_185' title='bbox 473 3314 886 3406; x_wconf 85' lang='lat' dir='ltr'><strong>ostendisset</strong></span> <span class='ocrx_word' id='word_1_186' title='bbox 913 3315 1270 3403; x_wconf 85' lang='lat' dir='ltr'><strong>horologia</strong></span> <span class='ocrx_word' id='word_1_187' title='bbox 1301 3318 1460 3398; x_wconf 90' lang='lat' dir='ltr'><strong>duo,</strong></span> <span class='ocrx_word' id='word_1_188' title='bbox 1494 3336 1775 3408; x_wconf 83' lang='lat' dir='ltr'><strong>quorum</strong></span> <span class='ocrx_word' id='word_1_189' title='bbox 1812 3318 2094 3381; x_wconf 89' lang='lat' dir='ltr'><strong>alterum</strong></span> <span class='ocrx_word' id='word_1_190' title='bbox 2133 3316 2204 3381; x_wconf 91' lang='lat' dir='ltr'><strong>in</strong></span> <span class='ocrx_word' id='word_1_191' title='bbox 2250 3317 2518 3402; x_wconf 78' lang='lat' dir='ltr'><strong>sphaera</strong></span> <span class='ocrx_word' id='word_1_192' title='bbox 2544 3333 2688 3379; x_wconf 55' lang='lat' dir='ltr'><strong>moa-</strong></span> 
     </span>
     <span class='ocr_line' id='line_1_29' title="bbox 473 3413 2690 3505; baseline -0 -23"><span class='ocrx_word' id='word_1_193' title='bbox 473 3415 600 3482; x_wconf 89' lang='lat' dir='ltr'><strong>bili</strong></span> <span class='ocrx_word' id='word_1_194' title='bbox 650 3436 917 3482; x_wconf 90' lang='lat' dir='ltr'><strong>cursum</strong></span> <span class='ocrx_word' id='word_1_195' title='bbox 968 3419 1150 3483; x_wconf 90' lang='lat' dir='ltr'><strong>Solis</strong></span> <span class='ocrx_word' id='word_1_196' title='bbox 1198 3413 1650 3504; x_wconf 83' lang='lat' dir='ltr'><strong>significabat,</strong></span> <span class='ocrx_word' id='word_1_197' title='bbox 1699 3419 1984 3485; x_wconf 84' lang='lat' dir='ltr'><strong>alterum</strong></span> <span class='ocrx_word' id='word_1_198' title='bbox 2029 3422 2227 3505; x_wconf 88' lang='lat' dir='ltr'><strong>aquis</strong></span> <span class='ocrx_word' id='word_1_199' title='bbox 2275 3418 2690 3498; x_wconf 84' lang='lat' dir='ltr'><strong>stillantibus</strong></span> 
     </span>
     <span class='ocr_line' id='line_1_30' title="bbox 471 3517 2688 3614; baseline 0.001 -33"><span class='ocrx_word' id='word_1_200' title='bbox 471 3517 822 3584; x_wconf 87' lang='lat' dir='ltr'><strong>indicabat</strong></span> <span class='ocrx_word' id='word_1_201' title='bbox 848 3521 1161 3611; x_wconf 82' lang='lat' dir='ltr'><strong>horarum</strong></span> <span class='ocrx_word' id='word_1_202' title='bbox 1192 3522 1438 3614; x_wconf 85' lang='lat' dir='ltr'><strong>spatia,</strong></span> <span class='ocrx_word' id='word_1_203' title='bbox 1468 3520 1849 3613; x_wconf 80' lang='lat' dir='ltr'><strong>cujusmodi</strong></span> <span class='ocrx_word' id='word_1_204' title='bbox 1878 3520 2111 3611; x_wconf 86' lang='lat' dir='ltr'><strong>Graeci</strong></span> <span class='ocrx_word' id='word_1_205' title='bbox 2140 3522 2535 3605; x_wconf 82' lang='lat' dir='ltr'><strong>clepsydras</strong></span> <span class='ocrx_word' id='word_1_206' title='bbox 2563 3539 2688 3584; x_wconf 86' lang='lat' dir='ltr'><strong>vo-</strong></span> 
     </span>
     <span class='ocr_line' id='line_1_31' title="bbox 473 3605 2690 3740; baseline -0 -56"><span class='ocrx_word' id='word_1_207' title='bbox 473 3627 658 3700; x_wconf 89' lang='lat' dir='ltr'><strong>cant,</strong></span> <span class='ocrx_word' id='word_1_208' title='bbox 674 3622 1192 3740; x_wconf 88' lang='lat' dir='ltr'><strong>obstupefactus</strong></span> <span class='ocrx_word' id='word_1_209' title='bbox 1209 3645 1442 3690; x_wconf 89' lang='lat' dir='ltr'><strong>eorum</strong></span> <span class='ocrx_word' id='word_1_210' title='bbox 1465 3623 1839 3717; x_wconf 79' lang='lat' dir='ltr'><strong>conspectu</strong></span> <span class='ocrx_word' id='word_1_211' title='bbox 1868 3605 2069 3711; x_wconf 87' lang='lat' dir='ltr'><strong>homo</strong></span> <span class='ocrx_word' id='word_1_212' title='bbox 2097 3625 2443 3702; x_wconf 84' lang='lat' dir='ltr'><strong>barbaruS,</strong></span> <span class='ocrx_word' id='word_1_213' title='bbox 2458 3620 2690 3687; x_wconf 91' lang='lat' dir='ltr'><strong>Simul-</strong></span> 
     </span>
     <span class='ocr_line' id='line_1_32' title="bbox 473 3707 2691 3810; baseline -0 -22"><span class='ocrx_word' id='word_1_214' title='bbox 473 3725 724 3809; x_wconf 90' lang='lat' dir='ltr'><strong>atque</strong></span> <span class='ocrx_word' id='word_1_215' title='bbox 703 3744 775 3788; x_wconf 88' lang='lat' dir='ltr'><strong>m</strong></span> <span class='ocrx_word' id='word_1_216' title='bbox 805 3744 1004 3791; x_wconf 88' lang='lat' dir='ltr'><strong>suum</strong></span> <span class='ocrx_word' id='word_1_217' title='bbox 1033 3747 1302 3810; x_wconf 85' lang='lat' dir='ltr'><strong>regnum</strong></span> <span class='ocrx_word' id='word_1_218' title='bbox 1345 3747 1657 3795; x_wconf 85' lang='lat' dir='ltr'><strong>reversus</strong></span> <span class='ocrx_word' id='word_1_219' title='bbox 1708 3736 1833 3810; x_wconf 90' lang='lat' dir='ltr'><strong>est,</strong></span> <span class='ocrx_word' id='word_1_220' title='bbox 1889 3707 2120 3797; x_wconf 86' lang='lat' dir='ltr'><strong>missis</strong></span> <span class='ocrx_word' id='word_1_221' title='bbox 2149 3717 2391 3808; x_wconf 81' lang='lat' dir='ltr'><strong>legatis</strong></span> <span class='ocrx_word' id='word_1_222' title='bbox 2414 3725 2617 3809; x_wconf 87' lang='lat' dir='ltr'><strong>petiit</strong></span> <span class='ocrx_word' id='word_1_223' title='bbox 2645 3742 2691 3787; x_wconf 93' lang='lat' dir='ltr'><strong>a</strong></span> 
     </span>
     <span class='ocr_line' id='line_1_33' title="bbox 471 3824 2689 3915; baseline -0 -24"><span class='ocrx_word' id='word_1_224' title='bbox 471 3825 899 3894; x_wconf 80' lang='lat' dir='ltr'><strong>Theoderico</strong></span> <span class='ocrx_word' id='word_1_225' title='bbox 928 3828 1262 3914; x_wconf 88' lang='lat' dir='ltr'><strong>ejusmodi</strong></span> <span class='ocrx_word' id='word_1_226' title='bbox 1302 3830 1391 3895; x_wconf 88' lang='lat' dir='ltr'><strong>ad</strong></span> <span class='ocrx_word' id='word_1_227' title='bbox 1431 3851 1504 3895; x_wconf 91' lang='lat' dir='ltr'><strong>se</strong></span> <span class='ocrx_word' id='word_1_228' title='bbox 1530 3829 1879 3915; x_wconf 81' lang='lat' dir='ltr'><strong>horologia</strong></span> <span class='ocrx_word' id='word_1_229' title='bbox 1905 3827 2320 3895; x_wconf 85' lang='lat' dir='ltr'><strong>transmitti.</strong></span> <span class='ocrx_word' id='word_1_230' title='bbox 2378 3824 2689 3891; x_wconf 85' lang='lat' dir='ltr'><strong>Theodo-</strong></span> 
     </span>
     <span class='ocr_line' id='line_1_34' title="bbox 470 3928 2688 4015; baseline -0.001 -21"><span class='ocrx_word' id='word_1_231' title='bbox 470 3928 654 3995; x_wconf 87' lang='lat' dir='ltr'><strong>ricus</strong></span> <span class='ocrx_word' id='word_1_232' title='bbox 676 3929 1059 4011; x_wconf 79' lang='lat' dir='ltr'><strong>Boethium,</strong></span> <span class='ocrx_word' id='word_1_233' title='bbox 1078 3937 1154 3997; x_wconf 89' lang='lat' dir='ltr'><strong>ut</strong></span> <span class='ocrx_word' id='word_1_234' title='bbox 1178 3934 1344 3999; x_wconf 90' lang='lat' dir='ltr'><strong>talia</strong></span> <span class='ocrx_word' id='word_1_235' title='bbox 1373 3932 1555 3999; x_wconf 85' lang='lat' dir='ltr'><strong>affini</strong></span> <span class='ocrx_word' id='word_1_236' title='bbox 1579 3954 1705 3999; x_wconf 87' lang='lat' dir='ltr'><strong>suo</strong></span> <span class='ocrx_word' id='word_1_237' title='bbox 1720 3933 2177 4011; x_wconf 86' lang='lat' dir='ltr'><strong>concinnaret,</strong></span> <span class='ocrx_word' id='word_1_238' title='bbox 2209 3931 2501 4015; x_wconf 83' lang='lat' dir='ltr'><strong>rogavit3</strong></span> <span class='ocrx_word' id='word_1_239' title='bbox 2532 3947 2688 3994; x_wconf 92' lang='lat' dir='ltr'><strong>con-</strong></span> 
     </span>
     <span class='ocr_line' id='line_1_35' title="bbox 473 4021 2687 4120; baseline -0.001 -23"><span class='ocrx_word' id='word_1_240' title='bbox 473 4031 743 4100; x_wconf 90' lang='lat' dir='ltr'><strong>cinnata</strong></span> <span class='ocrx_word' id='word_1_241' title='bbox 770 4053 936 4101; x_wconf 84' lang='lat' dir='ltr'><strong>vero</strong></span> <span class='ocrx_word' id='word_1_242' title='bbox 965 4037 1169 4103; x_wconf 88' lang='lat' dir='ltr'><strong>misit.</strong></span> <span class='ocrx_word' id='word_1_243' title='bbox 1216 4037 1475 4103; x_wconf 80' lang='lat' dir='ltr'><strong>Extant</strong></span> <span class='ocrx_word' id='word_1_244' title='bbox 1501 4036 1646 4120; x_wconf 88' lang='lat' dir='ltr'><strong>ejus</strong></span> <span class='ocrx_word' id='word_1_245' title='bbox 1677 4036 1857 4120; x_wconf 90' lang='lat' dir='ltr'><strong>apud</strong></span> <span class='ocrx_word' id='word_1_246' title='bbox 1892 4034 2379 4100; x_wconf 81' lang='lat' dir='ltr'><strong>cassiodorum</strong></span> <span class='ocrx_word' id='word_1_247' title='bbox 2408 4021 2687 4116; x_wconf 86' lang='lat' dir='ltr'><strong>Episto-</strong></span> 
     </span>
     <span class='ocr_line' id='line_1_36' title="bbox 470 4134 2689 4223; baseline -0.001 -23"><span class='ocrx_word' id='word_1_248' title='bbox 470 4134 560 4201; x_wconf 82' lang='lat' dir='ltr'><strong>1ae</strong></span> <span class='ocrx_word' id='word_1_249' title='bbox 592 4136 770 4216; x_wconf 86' lang='lat' dir='ltr'><strong>duae,</strong></span> <span class='ocrx_word' id='word_1_250' title='bbox 797 4139 1036 4204; x_wconf 91' lang='lat' dir='ltr'><strong>harum</strong></span> <span class='ocrx_word' id='word_1_251' title='bbox 1063 4160 1283 4207; x_wconf 85' lang='lat' dir='ltr'><strong>rerum</strong></span> <span class='ocrx_word' id='word_1_252' title='bbox 1313 4144 1550 4218; x_wconf 84' lang='lat' dir='ltr'><strong>testes,</strong></span> <span class='ocrx_word' id='word_1_253' title='bbox 1602 4158 1775 4223; x_wconf 85' lang='lat' dir='ltr'><strong>quas</strong></span> <span class='ocrx_word' id='word_1_254' title='bbox 1804 4157 2034 4222; x_wconf 83' lang='lat' dir='ltr'><strong>operae</strong></span> <span class='ocrx_word' id='word_1_255' title='bbox 2065 4138 2360 4221; x_wconf 90' lang='lat' dir='ltr'><strong>pretium</strong></span> <span class='ocrx_word' id='word_1_256' title='bbox 2390 4139 2494 4199; x_wconf 87' lang='lat' dir='ltr'><strong>est</strong></span> <span class='ocrx_word' id='word_1_257' title='bbox 2535 4152 2689 4220; x_wconf 83' lang='lat' dir='ltr'><strong>cog-</strong></span> 
     </span>
     <span class='ocr_line' id='line_1_37' title="bbox 471 4236 2685 4331; baseline -0.003 -25"><span class='ocrx_word' id='word_1_258' title='bbox 471 4256 772 4328; x_wconf 84' lang='lat' dir='ltr'><strong>noscere,</strong></span> <span class='ocrx_word' id='word_1_259' title='bbox 803 4244 946 4306; x_wconf 89' lang='lat' dir='ltr'><strong>tum</strong></span> <span class='ocrx_word' id='word_1_260' title='bbox 976 4241 1063 4326; x_wconf 89' lang='lat' dir='ltr'><strong>ad</strong></span> <span class='ocrx_word' id='word_1_261' title='bbox 1093 4239 1615 4307; x_wconf 88' lang='lat' dir='ltr'><strong>confirmandam</strong></span> <span class='ocrx_word' id='word_1_262' title='bbox 1646 4240 1844 4331; x_wconf 61' lang='lat' dir='ltr'><strong>tidem</strong></span> <span class='ocrx_word' id='word_1_263' title='bbox 1875 4258 2109 4326; x_wconf 87' lang='lat' dir='ltr'><strong>eorum</strong></span> <span class='ocrx_word' id='word_1_264' title='bbox 2138 4260 2293 4324; x_wconf 79' lang='lat' dir='ltr'><strong>quae</strong></span> <span class='ocrx_word' id='word_1_265' title='bbox 2325 4236 2496 4316; x_wconf 80' lang='lat' dir='ltr'><strong>dixi,</strong></span> <span class='ocrx_word' id='word_1_266' title='bbox 2544 4240 2685 4322; x_wconf 72' lang='lat' dir='ltr'><strong>tum</strong></span> 
     </span>
    </p>
   </div>
  </div>
 </body>
</html>
