3049 4928
501 402 635 467 554

506 561 675 611 vitate
719 573 776 608 se
819 555 1094 608 restitnit:
1128 554 1202 605 sic
1236 555 1392 603 Mens
1423 564 1567 601 nune

507 642 669 699 capnt
696 634 904 685 summis
943 632 1144 695 inserit,
1181 645 1320 680 nuuc
1365 628 1567 678 decidit

505 712 559 761 in
583 709 788 773 infimis,
812 724 946 760 nunc
968 724 1084 759 sese
1105 708 1336 759 inserens
1356 706 1455 756 sibi
1479 720 1566 755 ve-

506 788 577 837 ris
599 785 730 836 falsa
762 786 1057 848 redarguit:
1096 786 1248 834 modo
1285 784 1349 834 ad
1385 798 1568 847 corpo·

505 864 637 913 ralia
661 863 890 926 regenda
911 860 1230 919 deflectitur,
1245 860 1398 909 modo
1413 867 1566 907 aeter-

503 941 586 990 nis
610 940 898 990 rationibus
921 937 1256 1001 inspiciendis
1274 936 1355 985 vel
1378 950 1566 986 consu-

504 1016 671 1067 lendis
697 1014 1040 1065 adhaerescit.’
1095 1014 1213 1065 Quo
1238 1014 1289 1062 in
1312 1015 1427 1063 loco
1447 1026 1565 1061 cum

501 1092 759 1156 ipsissima
781 1090 951 1141 Boetii
972 1091 1127 1140 verba
1148 1089 1460 1151 referantur,
1476 1090 1567 1136 mi·

502 1170 641 1219 nime
667 1168 880 1218 dubium
904 1174 982 1217 est
1008 1169 1142 1217 hunc
1167 1167 1472 1215 Tractatum
1495 1165 1566 1214 D.

507 1245 785 1310 Augustini
807 1260 909 1295 non
931 1259 1061 1294 esse.
1098 1245 1214 1293 Nec
1236 1244 1408 1293 obstat
1426 1242 1567 1307 quod

502 1322 587 1372 hic
628 1321 781 1373 aliter
817 1321 1057 1386 qnaedam
1093 1321 1342 1370 mendose
1389 1320 1566 1383 legan-

505 1404 611 1460 tur,
633 1400 842 1449 omnino
865 1400 999 1447 enim
1018 1397 1352 1447 scribendum
1374 1402 1453 1444 est
1483 1397 1564 1445 de-

503 1475 619 1525 sidit
638 1475 691 1523 in
711 1475 877 1539 infima
892 1483 947 1524 et
970 1489 1067 1524 sese
1088 1473 1301 1536 referens
1315 1474 1422 1522 sibi.
1456 1475 1569 1522 De·-

504 1551 630 1601 sidit
673 1553 724 1601 in
760 1551 937 1602 infima
972 1553 1145 1612 Mens,
1182 1566 1302 1601 cum
1340 1566 1422 1600 res
1458 1551 1568 1617 ὕλῃ,

501 1629 517 1655 ‘
545 1628 781 1678 materias
804 1626 820 1650 ’
891 1628 1197 1676 inhaerentes
1252 1627 1566 1689 considerat,

503 1703 643 1768 qnod
695 1702 784 1753 nbi
840 1719 1019 1753 sensus
1071 1703 1362 1753 ministerio
1414 1702 1565 1766 fecit,

500 1786 517 1809 ⁸
538 1779 691 1842 sese,’
728 1779 1008 1830 habentem
1044 1794 1134 1829 eas
1157 1780 1413 1842 notiones,
1446 1781 1462 1807 ‘
1481 1794 1563 1828 re-

502 1855 609 1906 fert
649 1855 784 1919 sibi,'
820 1856 1154 1907 ratiocinanti
1198 1863 1253 1905 et
1291 1856 1563 1906 intellectu

500 1931 826 1981 discernenti
850 1933 976 1996 qnid
1001 1946 1198 1994 verum,
1231 1933 1354 1997 qnid
1378 1930 1562 1981 falsum

499 2008 585 2057 sit.
670 2010 860 2073 Neque
901 2007 1095 2058 furtum
1142 2009 1434 2073 hujusmodi
1479 2010 1564 2059 hic

504 2091 705 2134 tantum
728 2085 1122 2149 deprehendas,
1145 2087 1237 2136 sed
1261 2093 1317 2136 et
1337 2102 1456 2150 cap.
1478 2090 1562 2138 37.

496 2161 589 2212 lib.
614 2162 1038 2224 Meditationum,
1058 2164 1143 2228 qui
1161 2163 1397 2227 ejusdem
1411 2179 1564 2228 ,mag-

502 2237 557 2286 ni
577 2238 676 2287 viri
699 2252 892 2288 nomen*
908 2238 1042 2289 falso
1067 2238 1304 2303 praefert,
1335 2241 1415 2289 bis
1449 2256 1572 2290 vere

500 2315 601 2378 bis,
633 2317 649 2343 ‘
666 2315 730 2364 In
755 2316 851 2365 hoc
888 2317 1024 2366 enim
1058 2332 1242 2380 magno
1262 2318 1416 2381 hujus
1440 2320 1562 2369 vitae

498 2391 719 2453 diluvio,
763 2392 854 2442 ubi
899 2394 1357 2445 circumstantibus
1397 2397 1563 2458 agita-

498 2483 615 2518 mur
634 2469 921 2533 procellis.’
987 2472 1092 2521 Ubi
1126 2474 1386 2536 expressit
1425 2473 1563 2538 quis-

499 2547 613 2611 quis
636 2555 818 2597 auctor
841 2554 939 2612 est,
954 2549 1090 2598 hunc
1112 2550 1285 2600 Boe'tii
1308 2551 1479 2600 locum
1496 2565 1563 2599 ex

497 2623 590 2673 lib.
615 2638 654 2672 1.
688 2625 901 2675 Consol.
936 2627 1153 2691 ‘ltaque
1177 2627 1303 2676 nihil
1326 2627 1561 2693 estquod

499 2700 775 2764 admirere,
808 2703 850 2751 si
873 2703 925 2751 in
950 2703 1045 2753 boc
1070 2704 1193 2753 vitae
1216 2706 1326 2754 salo
1348 2705 1565 2755 circum-

497 2777 744 2830 flantibus
768 2780 1022 2844 agitemur
1048 2781 1329 2844 procellis.’
1407 2782 1564 2831 Unde

498 2853 638 2904 idem
685 2856 774 2920 qui
819 2856 1052 2920 superins
1093 2871 1236 2905 error
1289 2857 1563 2920 admissus,

502 2930 625 2980 dum
661 2946 756 2995 pro
792 2934 909 2995 salo,
938 2933 1117 2983 dilavio
1156 2934 1407 2998 scriptum
1450 2940 1561 2984 est:

500 3021 670 3072 neque
710 3008 850 3059 enim
904 3011 919 3036 ‘
943 3010 1067 3059 vitae
1124 3010 1409 3075 diluvium,'
1468 3019 1564 3062 aut

498 3085 824 3151 ‘procellas’
878 3089 1065 3139 babere
1110 3089 1334 3139 diciturz
1385 3105 1562 3155 neque

499 3175 648 3218 recte
693 3169 937 3231 procellae
969 3170 985 3197 ⁸
1006 3168 1403 3219 circumstantes
1429 3168 1442 3189 '
1476 3170 1561 3219 bic

502 3252 785 3295 vocentur:
820 3245 961 3310 quod
999 3252 1174 3295 tamen
1200 3260 1266 3294 ex
1302 3246 1561 3296 mendosis

500 3322 676 3371 Boe'tii
734 3322 1004 3372 codicibus
1066 3330 1436 3387 excerpserat3
1502 3329 1563 3373 ut

499 3412 638 3449 nnnc
674 3414 879 3465 quoque
921 3400 975 3448 in
1012 3400 1197 3450 iisdem
1241 3401 1419 3464 legere
1460 3407 1569 3451 ests

500 3474 652 3523 Idem.

568 3551 756 3599 PnosA
787 3556 838 3602 5.
905 3552 1078 3607 Quales
1099 3553 1433 3616 sunt-conclus]
1467 3555 1562 3604 So·

499 3628 634 3678 linus
675 3642 791 3692 cap.
822 3632 905 3677 56.
951 3629 1303 3678 ‘Piscantium
1348 3631 1561 3681 insidias

498 3705 950 3760 timentconchae:
990 3704 1112 3754 inde
1136 3713 1237 3767 est,
1273 3712 1333 3754 ut
1366 3717 1460 3756 aut
1482 3709 1559 3757 in·

500 3789 582 3834 ter
604 3783 865 3846 scopulos,
886 3787 979 3832 ant
998 3783 1134 3831 inter
1155 3781 1380 3832 marinos
1402 3798 1560 3835 canes

497 3858 771 3924 plurimum
795 3855 1139 3910 delitescant.'
1171 3859 1344 3909 Sitzm.

563 3938 677 3988 Illic
714 3939 839 3989 enim
878 3937 1004 3987 ratio
1042 3936 1244 4000 videbit]
1310 3938 1556 3988 Manilius

499 4014 589 4064 lib.
615 4028 691 4063 xv.
724 4016 740 4042 ‘
761 4014 1001 4064 Materiae
1026 4027 1092 4062 ne
1115 4029 1293 4078 qnaere
1327 4016 1555 4078 modum,

500 4089 594 4141 sed
634 4091 874 4155 perspice
906 4091 1062 4153 vires,
1096 4092 1236 4143 Quas
1272 4092 1424 4152 ratio,
1453 4105 1557 4141 non

499 4167 700 4232 pondus
743 4167 937 4217 habet:
995 4167 1129 4217 ratio
1168 4168 1338 4217 omnia
1376 4168 1559 4219 vincit.

498 4244 584 4293 Ne
615 4241 826 4292 dubites
863 4242 1056 4294 homiui
1089 4243 1296 4295 ,divinos
1340 4244 1559 4297 credere

498 4318 677 4377 visus!
713 4320 861 4371 Idem.

1212 410 1429 462 1⁴10?AE
1477 407 1813 458 VARIORU
1826 409 1878 456 M
1928 408 2007 458 IN

1704 552 1892 601 Mam.
1929 556 1980 600 5.
2050 550 2206 607 Quam
2247 540 2443 612 oarit’sJT
2469 547 2697 599 Alcimus

1640 627 1825 678 Avitus
1850 629 1938 676 lib.
1970 629 2057 677 De
2094 627 2244 690 Orig.
2279 626 2501 675 Mundi:
2538 625 2697 674 ‘Pro-

1643 706 1780 754 tinus
1801 705 1852 752 in
1878 703 2044 753 varias
2065 702 2305 752 animalia
2326 702 2494 750 multa
2514 701 2699 765 figuras

1639 781 1890 844 Surgunt,
1908 788 1965 829 et
1984 794 2202 830 vacuum
2224 778 2527 829 discurrunt
2551 777 2706 826 bruta

1641 872 1737 921 per
1756 856 1965 907 orbem.’
1997 857 2149 906 Idem.

1713 936 2092 997 Continuumque
2106 931 2324 994 tramae]
2349 932 2636 994 Serpentes
2652 936 2708 979 et

1642 1012 1848 1075 viperas
1872 1011 2138 1074 intelligit.
2169 1010 2291 1059 Seu,
2314 1009 2364 1057 in
2391 1007 2561 1057 Herc.
2587 1008 2704 1057 Fur.

1642 1089 1708 1138 de
1728 1089 1930 1138 Cadmo
1964 1090 2017 1137 in
2056 1092 2346 1149 serpentem
2385 1091 2594 1133 mutato
2631 1097 2707 1132 vs.

1642 1169 1756 1215 393.
1791 1168 1806 1193 ‘
1826 1166 2028 1226 Longas
2050 1164 2261 1228 reliquit
2287 1160 2525 1224 corporis
2551 1159 2709 1209 tracti

1641 1246 1827 1293 notas.’
1858 1243 2008 1292 Idem.

1705 1319 1831 1370 Sunt
1873 1318 2062 1382 quibus]
2110 1319 2244 1368 Min.
2284 1317 2434 1367 Felix
2458 1332 2473 1365 ε
2522 1316 2538 1344 ‘
2565 1314 2707 1367 Quid

1642 1397 1977 1447 animantium
1999 1397 2176 1461 loquar
2201 1397 2451 1446 adversus
2482 1410 2603 1446 sese
2626 1403 2707 1445 tu-

1641 1476 1798 1523 telam
1843 1473 2251 1523 multiformem?
2306 1472 2433 1521 alias
2480 1483 2707 1522 armatas

1639 1551 1903 1613 cornibus,
1937 1551 2064 1599 alias
2110 1550 2354 1600 dentibus
2396 1559 2601 1613 septas,
2649 1556 2704 1599 et

1638 1626 1882 1679 fundatas
1906 1628 2131 1692 ungulis,
2149 1633 2204 1676 et
2227 1626 2464 1690 spicatas
2488 1627 2707 1688 aculeis,

1639 1711 1731 1754 ant
1750 1704 1940 1768 pedum
1964 1705 2235 1754 celeritate
2257 1703 2469 1765 liberas,
2493 1710 2587 1753 aut
2602 1705 2704 1753 ela·

1639 1783 1779 1832 tione
1802 1780 2124 1846 pennarum!
2190 1781 2326 1830 Vide
2342 1787 2400 1830 et
2422 1780 2593 1830 Arist.
2622 1781 2704 1829 De

1639 1859 1778 1910 Hist.
1803 1855 2011 1908 animal.
2034 1866 2091 1908 et
2115 1858 2433 1922 Oppianum.
2470 1858 2625 1907 Idem.

1700 1936 1902 1985 Marum
1920 1936 2090 1985 levitas
2111 1934 2255 1998 vago]
2292 1935 2442 1984 Lact.
2465 1934 2534 1983 de
2554 1933 2704 1998 Opif.

1637 2015 1759 2074 Dei,
1782 2028 1900 2076 cap.
1923 2017 1972 2062 3.
2010 2020 2024 2041 ‘
2047 2013 2176 2062 Plus
2212 2025 2389 2064 manus
2429 2019 2704 2075 praestant,

1638 2104 1791 2154 quam
1840 2090 2032 2138 levitas
2101 2104 2321 2154 ususque
2348 2119 2353 2123 -
2377 2086 2703 2151 pennarum.’

1637 2166 1757 2215 vid.
1781 2166 1935 2215 eund.
1960 2180 2077 2230 cap.
2100 2170 2150 2214 5.
2175 2166 2208 2213 l.
2230 2165 2349 2216 eod.
2385 2165 2538 2214 Idem.

1712 2241 2026 2305 Verberetqne
2068 2242 2253 2305 ventos]
2315 2242 2574 2306 Apuleius
2619 2244 2703 2292 De

1638 2320 1753 2372 Deo
1775 2319 2040 2368 Socratis:
2073 2320 2221 2369 ‘Imo
2262 2320 2400 2369 enim
2445 2320 2490 2368 si
2522 2319 2713 2369 sedulo?

1638 2396 1899 2458 advertas,
1919 2396 2049 2460 ipsae
2075 2411 2281 2461 quoque
2303 2410 2425 2445 aves
2449 2402 2704 2445 terrestre

1638 2478 1843 2539 animal,
1883 2492 1985 2527 non
2025 2477 2252 2540 aereum,
2294 2476 2488 2527 rectius
2531 2476 2705 2539 perbi-

1640 2555 1880 2604 beantnr.
1946 2556 2043 2604 Est
2081 2555 2215 2603 enim
2239 2568 2449 2618 semper
2469 2554 2575 2602 illis
2595 2568 2705 2602 om-

1639 2634 1718 2680 nis
1743 2632 1913 2681 victus
1943 2631 1996 2680 in
2022 2639 2182 2693 terra,
2220 2631 2413 2681 ibidem
2438 2631 2708 2693 pabulum,

1638 2707 1832 2758 ibidem
1873 2708 2065 2766 cubile,
2125 2713 2330 2758 tantum
2393 2706 2535 2771 qnod
2582 2706 2704 2756 aera

1639 2785 1933 2847 proximum
1956 2789 2115 2833 terroe
2150 2784 2412 2833 volitando
2447 2790 2710 2832 transver-

1639 2861 1844 2913 berent.
1889 2863 2134 2911 Ceterum
2160 2860 2399 2911 cumillis
2421 2858 2564 2910 fessa
2581 2868 2706 2910 sunt

1638 2939 1875 3002 remigia,
1908 2945 2048 2987 terra
2070 2952 2166 2987 cen
2193 2944 2373 3000 portus
2397 2935 2514 2986 est?
2547 2936 2717 2985 Idem..

1703 3017 1872 3066 Prona
1913 3020 2071 3066 tamen
2100 3014 2286 3078 facies]
2351 3014 2530 3064 Verba
2578 3021 2711 3064 sunt

1636 3091 1942 3143 Aristotelis
1976 3093 2043 3142 de
2081 3099 2218 3156 part.
2242 3092 2444 3141 animal.
2472 3091 2609 3141 libro
2629 3105 2708 3141 w.

1637 3168 1725 3219 Διὸ
1766 3168 1985 3220 πλείονος
2019 3167 2266 3231 γινομένου
2292 3168 2392 3216 ,τοῦ
2417 3165 2592 3232 βάρους
2624 3167 2708 3217 καὶ

1633 3248 1723 3298 τοῦ
1740 3247 2061 3309 σωματῶδονς,
2082 3245 2268 3309 ἀνάγκη
2288 3244 2443 3310 ῥέπειν
2459 3245 2526 3296 τὰ
2545 3245 2711 3308 πόμα·

1634 3343 1698 3375 τα
1733 3324 1849 3390 πρὸς
1879 3323 1970 3383 τὴν
2009 3326 2123 3386 γῆν,
2154 3326 2169 3352 ‘
2190 3324 2539 3377 Quamobrem
2578 3338 2704 3373 oon-

1636 3402 1891 3464 cretione,
1931 3407 1986 3451 et
2009 3401 2240 3465 pondere
2263 3400 2503 3464 graviore
2523 3401 2704 3464 oppri-

1637 3486 2067 3543 mente,corpora
2082 3492 2295 3543 vergere
2318 3477 2371 3526 in
2392 3482 2590 3527 terram
2612 3491 2703 3526 ne-

1637 3570 1782 3607 cesse
1806 3558 1917 3613 esu
1957 3554 2135 3604 Vallia.

1703 3631 1912 3681 Hebetes
1936 3633 2064 3680 valet
2097 3631 2351 3693 ingravare
2383 3630 2574 3694 sensus]
2623 3629 2705 3678 De

1635 3709 1817 3758 Brutis
1856 3707 2163 3757 animalibus
2184 3707 2422 3757 Macrob.
2446 3707 2500 3756 in
2522 3707 2702 3756 Somn-

1636 3786 1780 3849 Scip.
1804 3785 1895 3834 lib.
1919 3799 1958 3834 1.
1982 3799 2100 3848 cap.
2128 3788 2208 3833 14.
2245 3784 2329 3833 ‘Si
2353 3784 2478 3850 quid
2513 3783 2571 3833 in
2598 3782 2703 3832 illis

1636 3862 2023 3913 similitudinem
2061 3862 2276 3912 rationis
2308 3861 2568 3925 imitatur,
2600 3875 2703 3911 non

1636 3941 1790 4002 ratio,
1821 3939 1913 3988 sed
1948 3938 2195 3987 memoria
2224 3944 2336 3999 est;
2374 3944 2431 3986 et
2451 3936 2703 3986 memoria

1634 4031 1739 4065 non
1762 4015 1851 4064 illa
1871 4015 2072 4063 ratione
2094 4012 2275 4074 mixta,
2290 4011 2381 4062 sed
2405 4027 2524 4077 quae
2547 4012 2703 4061 bebe-

1637 4092 1872 4143 tndinem
1888 4104 2127 4140 sensuum
2143 4089 2366 4154 quinque
2381 4085 2705 4141 comitatur-¹

1637 4170 1786 4219 Idem.

1709 4245 1861 4294 Unica
1893 4258 2012 4306 gens
2047 4241 2306 4306 manum]
2340 4241 2475 4291 Min.
2515 4241 2698 4291 Felix:

1639 4323 1655 4352 ⁴
1681 4322 1805 4388 Ipsa
1837 4320 2100 4385 praecipue
2135 4316 2317 4369 formae
2352 4323 2551 4368 nostrae
2589 4317 2702 4382 pul-
