3049 4928
575 430 880 478 BOE'I'Hll
933 432 1029 478 Du
1076 431 1382 480 CONSUL.
1429 430 1873 481 PHILOSOPH.
1922 435 2066 484 LIB.
2115 436 2226 484 111.

309 594 413 645 que
433 578 571 628 omni
592 577 804 628 foedere.
873 577 956 626 Sic
973 577 1213 626 'nimirum
1235 591 1368 627 mor-

309 657 442 707 tales
467 656 551 719 agi
574 655 697 705 sinit
719 657 889 717 Deus,
907 662 961 704 et
983 656 1204 706 moribus
1229 655 1368 718 prin-

309 734 485 795 cipum
511 732 918 796 populorumque
942 731 1184 789 offeusus,
1215 732 1369 782 urbes

307 807 534 872 adfligit,
557 810 847 870 provincias
882 810 1185 872 pessundat,
1210 824 1367 873 regna

308 885 523 947 evertit,
544 900 658 934 cum
684 885 968 936 transferre
986 887 1112 936 libet
1134 888 1370 951 imperia.

317 963 497 1013 Vallia.

329 1077 332 1080 ,
378 1041 477 1096 Qui
502 1041 658 1102 Reges
665 1040 956 1097 felicitatem
979 1042 1249 1092 calamitate
1269 1058 1371 1092 mu·

307 1117 542 1179 laverint]
600 1118 844 1167 Manilius
869 1119 955 1169 lib.
980 1134 1018 1169 1.
1048 1123 1063 1148 ‘
1085 1120 1226 1172 Quot
1249 1126 1372 1184 post

305 1194 570 1245 excidium
613 1195 779 1259 Trojae
822 1204 938 1245 sunt
981 1203 1127 1247 eruta
1174 1197 1370 1262 regna?

306 1272 455 1323 Quot
484 1271 628 1335 capti
667 1272 880 1334 populi?
915 1273 1115 1336 quoties
1139 1275 1370 1323 Fortuna

307 1362 409 1411 per
453 1348 633 1397 orbem
676 1348 953 1398 Servitium
998 1350 1369 1415 imperiumque

275 1411 278 1426 ¹
307 1422 452 1481 tulit,
473 1424 715 1488 varieque
738 1424 956 1474 reverrit
971 1426 1216 1489 Trojanos
1233 1427 1369 1476 cine-

312 1513 400 1549 res
418 1499 451 1548 ?'
487 1500 635 1549 Idem.

379 1577 610 1633 Quamvis
648 1578 742 1626 late
773 1576 976 1627 humana
1008 1581 1262 1628 tendantur
1283 1581 1369 1629 im·

305 1653 469 1716 peria]
517 1654 652 1703 Vide
675 1654 1016 1719 Augustinum
1034 1657 1161 1706 libro
1185 1665 1370 1721 quarto

309 1730 399 1779 De
447 1730 677 1779 Civitate
711 1732 829 1794 Dei,
869 1733 1076 1796 capite:
1126 1733 1209 1782 An
1248 1747 1369 1783 con·

310 1816 461 1868 gruat
485 1807 627 1855 bonis
652 1808 804 1855 latins
827 1810 960 1857 velle
981 1824 1210 1873 regnare.
1235 1811 1369 1860 Item

312 1883 621 1947 Isocratem,
670 1884 920 1934 Oratione
972 1886 1034 1936 ad
1078 1888 1369 1937 Nicoclem.

315 1959 467 2009 Idem.

386 2036 630 2099 Expertus
648 2038 792 2087 sortis
811 2053 910 2087 suoe
945 2039 1252 2101 periculorum
1278 2041 1370 2106 vy-

310 2111 513 2175 ranuus]
544 2113 779 2164 Macrob.
803 2115 894 2165 lib.
917 2129 953 2165 1.
970 2116 1022 2164 in
1042 2117 1212 2167 Somn.
1228 2118 1369 2182 Scip.

311 2202 433 2253 cap.
458 2193 538 2239 20.
571 2191 885 2253 ‘Dionysius
922 2195 1054 2243 aulae
1085 2195 1273 2244 Siculae
1297 2195 1371 2244 in·

309 2265 744 2317 clementissimus
783 2269 1085 2333 incubator,
1131 2269 1371 2321 familiari

314 2342 573 2406 quondam
610 2358 704 2394 suo
748 2347 907 2395 solum
948 2347 1150 2397 beatam
1190 2349 1370 2398 existi-

312 2420 478 2469 manti
524 2420 681 2472 vitam
727 2423 955 2486 tyranni,
996 2425 1172 2473 volens
1218 2438 1368 2490 quam

313 2503 572 2559 perpetuo
595 2505 737 2548 metu
761 2500 964 2563 misera,
1001 2516 1255 2566 quamque
1278 2502 1370 2551 im-

314 2571 655 2635 pendentium
674 2572 879 2639 semper
902 2577 1237 2639 periculorum
1261 2579 1369 2642 ple·

312 2663 382 2697 na
420 2659 557 2699 esset
599 2652 895 2715 ostendere,
927 2653 1151 2716 gladium
1188 2653 1372 2717 vagina

310 2733 539 2791 raptum,
581 2735 636 2777 et
680 2744 710 2777 a
755 2732 940 2794 capulo
986 2731 1052 2779 de
1100 2731 1188 2780 filo
1227 2732 1371 2781 tenui

315 2802 655 2865 pendentem,
697 2819 940 2855 mucrone
984 2805 1225 2869 demisso,
1259 2806 1369 2870 jus·

314 2879 384 2928 sit
418 2877 683 2930 familiaris
717 2882 851 2930 illius
876 2883 1035 2947 capiti
1059 2884 1200 2933 inter
1242 2899 1368 2948 epu-

312 2956 389 3004 las
432 2955 732 3005 imminere:
772 2972 989 3022 cumque
1024 2952 1110 3008 ille
1146 2960 1283 3008 inter
1313 2965 1372 3009 et

314 3033 518 3082 Siculas
553 3040 608 3082 et
629 3036 920 3096 tyrannicas
942 3036 1120 3098 copias
1144 3051 1370 3100 praesen·

313 3111 381 3160 tis
415 3112 597 3160 mortis
629 3114 860 3176 periculo
899 3120 1215 3180 gravaretur,
1233 3117 1371 3166 Talis

313 3194 421 3250 est,
470 3188 655 3252 inquit,
704 3190 1002 3255 Dionysius,
1057 3193 1165 3241 vita
1220 3207 1369 3256 quam

309 3266 522 3316 beatam
568 3267 824 3329 putabas:
859 3268 933 3316 sic
979 3268 1127 3316 nobis
1166 3282 1373 3332 semper

310 3350 527 3394 mortem
551 3345 901 3394 imminentem
925 3344 1154 3394 videmus
1175 3363 1188 3395 ε
1235 3347 1372 3396 aesti-

309 3437 401 3472 ma
421 3423 625 3488 quando
660 3437 774 3472 esse
810 3421 936 3472 felix
969 3423 1177 3486 poterit,
1199 3422 1287 3487 qui
1312 3423 1373 3472 ti·

311 3513 457 3549 mere
492 3514 593 3548 non
632 3498 860 3549 desinit!
929 3500 1070 3549 Nota
1103 3499 1260 3548 etiam
1301 3511 1370 3547 ex

315 3576 569 3626 Cicerone
590 3576 700 3625 haec
724 3575 955 3625 historia.
989 3577 1141 3624 Ide-m.

382 3652 655 3718 Tyrannus]
713 3653 855 3702 Nota
891 3652 1102 3701 historia
1137 3651 1372 3717 Dionysii

311 3730 510 3780 Siciliae
536 3729 759 3793 tyranni,
797 3736 851 3778 et
873 3730 1154 3793 Damoclis,
1176 3745 1238 3777 ex
1263 3731 1371 3794 ejus

313 3813 695 3856 assentatorum
753 3820 962 3855 numero
997 3822 1011 3866 ;
1078 3821 1143 3855 ex
1202 3808 1372 3859 Cicer.

312 3885 474 3951 Tusc.
497 3885 700 3936 Quaest.
724 3884 759 3933 l.
785 3898 838 3932 v.
879 3883 1134 3932 Macrobii
1158 3884 1207 3932 in
1230 3885 1370 3935 Som.

311 3961 456 4024 Scip.
496 3962 529 4010 l.
551 3975 589 4008 ι.
628 3974 743 4025 cap.
766 3964 847 4008 20.
872 3965 927 4008 et
953 3974 1020 4008 ex
1044 3959 1246 4008 Horatii
1271 3962 1374 4009 cla·

313 4039 518 4089 rissimo
539 4039 625 4087 illo
648 4037 872 4087 carmine
905 4037 995 4088 lib.
1018 4052 1081 4088 11.
1117 4039 1134 4067 ‘
1152 4039 1375 4088 Distu-ic·

313 4126 399 4167 tus
440 4117 577 4165 ensis
617 4116 700 4164 eni
737 4128 942 4177 semper
975 4114 1130 4178 impia
1154 4116 1372 4166 cervice

312 4193 532 4258 pendet,
571 4206 670 4240 non
716 4191 902 4240 Siculae
955 4190 1117 4255 dapes
1151 4193 1372 4243 Dulcem

315 4269 654 4323 elaborabunt
676 4283 934 4333 saporem,
966 4267 1085 4316 Non
1111 4269 1278 4318 avium
1302 4269 1372 4320 ci-

2373 423 2504 488 491

1442 576 1714 641 tharaeqne
1737 583 1917 628 cantus
1940 579 2185 630 Somnum
2218 568 2508 633 reducent?

1441 653 1593 703 Idem.
2060 661 2068 670 “
2512 715 2513 718 ¹

1512 732 1756 782 Potentem
1799 748 1970 797 censes,
2013 734 2094 797 qui
2133 736 2337 786 satellite
2379 738 2507 786 latus

1440 807 1615 871 ambit]
1668 809 1854 860 Senec.
1887 810 1939 859 in
1970 812 2134 860 Herc.
2159 813 2266 862 OEt.
2292 827 2361 863 vs.
2385 818 2502 865 604.

1442 887 1457 914 ‘
1477 886 1555 934 Tu
1580 885 1874 951 quicunque
1896 901 1970 951 es,
1990 888 2075 951 qui
2102 898 2314 952 sceptra
2339 898 2503 949 tenes,

1443 962 1594 1011 Licet
1617 976 1764 1011 omne
1804 971 1894 1012 tua
1935 966 2116 1027 vulgus
2145 965 2196 1014 in
2226 967 2345 1015 aula
2367 967 2500 1016 Cen·

1444 1046 1553 1089 tum
1588 1039 1784 1102 pariter
1818 1040 1990 1089 limina
2025 1043 2229 1105 pulset3
2265 1043 2394 1092 Cum
2424 1049 2503 1092 tot

1443 1116 1644 1179 populis
1687 1115 1909 1179 stipatus
1943 1132 2048 1180 eaS,
2084 1118 2147 1166 In
2185 1126 2263 1168 tot
2298 1120 2502 1183 populis

1443 1193 1531 1241 vix
1576 1207 1675 1242 nna
1713 1191 1882 1242 fides!
1947 1192 2241 1243 Ausonius:
2281 1196 2499 1245 ‘Multis

1444 1269 1708 1329 terribilis,
1726 1275 1912 1318 caveto
1929 1268 2155 1320 multos!
2223 1271 2504 1334 Praeclara,

1444 1352 1500 1394 et
1522 1360 1639 1410 quae
1677 1346 1780 1395 huc
1820 1343 2116 1395 referantur
2149 1347 2304 1410 plane
2345 1346 2503 1407 digna

1444 1423 1605 1470 verba
1649 1422 1814 1471 Marci
1850 1422 1985 1485 Imp.
2031 1423 2166 1485 apud
2213 1425 2500 1476 Herodian.

1444 1498 1536 1549 lib.
1558 1513 1596 1551 ι.
1629 1500 1644 1527 ⁸
1672 1499 1859 1564 Neque
1895 1499 2029 1549 enim
2053 1508 2142 1550 aut
2169 1502 2403 1564 pecuniae
2429 1503 2502 1551 vis

1444 1577 1733 1642 tyrannidis
1752 1577 2004 1626 luxuriam
2030 1579 2262 1642 explere,
2298 1585 2387 1629 aut
2418 1581 2505 1628 sti·

1443 1656 1625 1720 pantia
1660 1655 1937 1704 satellitum
1974 1655 2178 1718 agmina
2211 1655 2344 1704 tueri
2369 1656 2506 1719 prin·

1441 1733 1612 1796 eipem
1659 1739 1894 1797 possunt,
1937 1733 2033 1781 nisi
2076 1747 2274 1795 eornm,
2318 1733 2501 1796 quibus

1441 1810 1682 1874 imperat,
1741 1810 1881 1873 prins
1939 1809 2075 1858 adsit
2131 1808 2503 1858 benevolentia.

1442 1886 1654 1951 Quippe
1692 1887 1725 1935 ii
1763 1887 1965 1935 demum
1990 1886 2078 1935 diu
2103 1893 2316 1951 tutoque
2340 1887 2503 1950 impe·

1443 1969 1579 2024 rant,
1618 1964 1706 2028 qui
1742 1978 1842 2013 non
1868 1969 2059 2013 metum
2085 1978 2148 2010 ex
2168 1963 2506 2026 crudelitate,

1443 2039 1534 2089 sed
1569 2040 1646 2088 sui
1686 2039 1998 2089 desiderium
2036 2055 2102 2088 ex
2128 2039 2359 2089 bonitate
2383 2041 2506 2089 civi·

1441 2131 1527 2165 um
1545 2132 1749 2166 suorum
1775 2118 1956 2167 animis
1975 2117 2250 2166 instillant.
2314 2117 2503 2182 Neque

1443 2193 1581 2241 enim
1620 2208 1748 2258 quos
1779 2194 1973 2243 servire
1999 2195 2283 2244 necessitas
2312 2194 2504 2259 coegit,

1444 2270 1537 2319 sed
1561 2285 1688 2335 quos
1726 2270 2088 2334 obtemperare
2123 2286 2217 2320 sua
2249 2284 2503 2336 quemque

1446 2348 1686 2396 voluutas
1731 2347 1930 2410 adegit,
1977 2347 2013 2395 ii
2054 2353 2174 2395 sunt
2210 2348 2263 2395 in
2302 2348 2504 2411 agendo

1443 2422 1798 2487 patiendoque
1823 2436 1851 2471 a
1871 2422 2162 2486 suspicione
2177 2423 2313 2471 omni
2333 2437 2505 2473 assen-

1444 2484 1746 2563 titioneque
1785 2500 1971 2549 vacui:
2007 2513 2385 2564 numquamque
2411 2501 2505 2549 im·

1443 2575 1593 2639 peria
1615 2573 1930 2635 detrectant,
1964 2576 2063 2624 nisi
2104 2577 2360 2626 violenter
2380 2591 2504 2626 con-

1443 2652 1814 2715 tumelioseque
1836 2651 1941 2700 sint
1962 2651 2165 2701 habiti?
2213 2651 2384 2702 Sitzm.

1512 2728 1645 2784 Quid
1684 2730 1741 2777 de
1786 2728 1974 2789 Regum
2002 2727 2330 2788 familiaribus
2358 2731 2505 2778 disse-

1441 2806 1571 2868 ram]
1606 2807 1776 2866 Solon,
1806 2804 2062 2855 referente
2087 2806 2326 2869 Diogene
2353 2807 2506 2856 Laer-

1444 2883 1537 2945 tio,
1561 2897 1651 2931 eos
1675 2883 1761 2946 qui
1785 2888 2067 2945 penetrant
2089 2882 2231 2930 aulas
2251 2890 2306 2931 et
2330 2883 2506 2932 limina

1445 2962 1662 3025 Regum,
1686 2958 2100 3024 auctoritateque
2120 2961 2291 3010 valent
2315 2963 2507 3027 aliqua,

1446 3038 1675 3101 calculis,
1715 3037 1901 3102 quibus
1934 3037 1987 3085 in
2023 3038 2388 3100 componendis
2425 3053 2504 3086 ra-

1445 3113 1672 3164 tionibus
1708 3114 1914 3176 utimur,
1948 3114 2331 3177 elegantissime
2366 3128 2506 3163 com-

1448 3204 1631 3253 parare
1670 3196 1753 3238 est
1794 3190 1994 3254 solitus,
2037 3205 2249 3255 quorum
2285 3205 2378 3254 pro
2402 3192 2506 3242 situ

1446 3267 1578 3315 alius
1601 3272 1755 3331 atque
1780 3267 1909 3315 alius
1932 3273 2011 3316 est
2031 3268 2192 3317 valor.
2227 3268 2377 3318 Idem.

1514 3346 1648 3395 Nero
1671 3344 2219 3410 Senecamfamiliarem]
2238 3346 2369 3395 Vide
2387 3362 2505 3411 quae

1447 3422 1628 3471 notavi
1666 3422 1730 3470 ad
1777 3423 1993 3471 Prosam
2032 3436 2094 3471 tt.
2131 3422 2222 3471 lib.
2260 3437 2300 3473 1.
2351 3424 2504 3474 Idem.

1513 3498 1833 3562 Papinianum
1867 3499 2074 3548 militum
2101 3500 2280 3561 gladiis
2300 3500 2506 3550 Antoni-

1445 3591 1536 3625 nus
1555 3576 1745 3638 objecit]
1783 3576 2008 3626 Severus
2031 3576 2348 3641 Imperator,
2370 3579 2509 3640 prin-

1448 3652 1680 3715 cipatum
1716 3652 1920 3702 victrici
1942 3666 2098 3702 mann
2122 3653 2328 3717 penitus
2349 3653 2506 3716 adep-

1446 3734 1555 3791 tus,
1601 3743 1717 3778 cum
1769 3730 1954 3779 multas
2000 3730 2152 3780 urbes
2198 3731 2508 3795 sumptuosis

1447 3805 1720 3855 admodum
1746 3805 1976 3855 aedificiis
1998 3813 2253 3870 ornasset,
2276 3814 2330 3856 et
2346 3806 2510 3857 Anto-

1445 3882 1621 3931 ninum
1662 3881 1822 3932 filium
1868 3883 2187 3946 designasset
2234 3886 2509 3949 imperato-

1446 3974 1575 4023 rem,
1613 3960 1891 4009 moriturus
1926 3960 2025 4024 ipsi
2060 3960 2335 4024 Getaeque,
2359 3962 2511 4012 alteri

1444 4036 1572 4099 filio,
1597 4036 1799 4099 imperii
1823 4037 2386 4100 heredibusinstitntis,
2407 4039 2509 4088 Pa-

1447 4114 1714 4178 pinianum
1763 4112 1862 4162 sibi
1916 4115 2068 4176 longe
2122 4114 2508 4175 amicissimum,

1449 4190 1757 4256 affinemque
1804 4205 1900 4255 per
1940 4191 2221 4243 secundam
2272 4208 2506 4257 uxorem,

1447 4275 1677 4319 tutorem
1714 4267 1947 4333 reliquit.
2014 4268 2112 4318 Vir
2142 4266 2232 4320 ille
2268 4277 2378 4320 erat
2402 4269 2511 4335 jus·
