3049 4928
513 388 641 474 108
1215 409 1523 467 sotim!
1562 416 1672 472 ,οι
1719 397 2025 467 consui..

515 562 800 630 Modum
825 561 1214 630 desideras-'i
1257 563 1650 644 delatorem,
1671 584 1756 632 ne
1785 565 2188 631 documenta
2218 563 2533 645 deferret,
2562 565 2709 650 qui-

512 668 645 732 bus
675 664 995 732 Senatum
1033 666 1407 754 majestatis
1432 675 1453 708 ¹
1498 687 1689 734 reum
1707 676 1729 706 ³
1770 668 2049 747 faceret,
2093 667 2463 753 impedisse
2491 669 2711 734 cumi·-

513 788 766 835 namur.
854 769 1044 850 Quid
1096 772 1323 855 igitur,
1378 791 1423 836 o
1475 773 1843 855 magistra,¹¹
1886 772 2176 837 censes?
2222 770 2715 837 inficiabimur·

515 872 784 952 crimen,
810 893 892 938 ne
931 874 1054 940 tibi
1084 873 1323 959 pudori
1351 875 1562 942 simus
1583 878 1615 941 'l
1659 883 1731 940 at
1775 875 1982 954 volui,
2025 894 2147 940 nec
2200 893 2491 959 unquam
2541 873 2715 938 velle

516 974 872 1041 desinam.²
982 976 1410 1043 Fatebimur'l
1479 979 1598 1044 sed
1645 978 2062 1064 impediendi
2113 977 2428 1043 delatoris
2476 975 2720 1060 opera‘

518 1078 827 1143 cessabit.
894 1077 1006 1145 An
1034 1088 1314 1166 optasse
1341 1081 1521 1148 illius
1552 1081 1841 1156 ordinis}
1871 1080 2159 1147 salutem
2188 1080 2377 1145 nefas
2409 1073 2714 1145 vocabo?

519 1180 631 1246 ille
660 1181 931 1266 quidem
956 1184 1103 1250 suis
1136 1184 1220 1250 de
1245 1205 1351 1251 me
1378 1185 1689 1269 decretis,
1713 1186 1818 1251 uti
1858 1185 1984 1250 hoc
2024 1183 2214 1249 nefas
2244 1186 2449 1260 esset,
2476 1179 2719 1246 effece-

520 1288 643 1349 rat.
728 1283 866 1350 Sed
915 1286 1048 1351 sibi
1096 1305 1356 1373 semper
1402 1288 1730 1354 mentiens
1776 1285 2228 1371 imprudentia
2272 1292 2536 1364 rerum,³
2584 1301 2721 1347 me-

520 1387 649 1452 rita
675 1407 805 1454 nou
835 1396 1061 1473 potest
1077 1390 1463 1456 immutare:
1508 1410 1631 1456 nec
1678 1390 1845 1456 mihi
1891 1390 2246 1455 Socratico
2298 1388 2571 1453 decreto
2617 1384 2721 1449 fas

520 1508 671 1557 esse
731 1492 1035 1573 arbitror,
1110 1493 1217 1559 vel
1275 1492 1658 1559 occuluisse
1709 1493 2091 1572 veritatem,
2136 1492 2246 1559 vel
2297 1488 2721 1558 concessisse

586 1700 609 1725 τ
633 1692 958 1759 Philosophia.

1649 1694 1672 1728 ὁ
1708 1695 1837 1745 Cura
1868 1693 2066 1756 obiecta.
2194 1701 2215 1726 ⁶
2246 1691 2467 1744 Senatus.

524 1914 662 1963 Flor.
696 1913 956 1964 utilitatis.-
987 1914 1159 1966 male.²
1200 1916 1474 1967 Vallum—1
1514 1914 1697 1971 Quibus
1720 1916 1947 1966 Senatum
1968 1916 2095 1964 loesoe
2115 1910 2379 1974 ”affectatis
2398 1911 2538 1975 vulg.
2587 1912 2601 1939 ‘
2622 1910 2726 1960 Ms.

521 1978 776 2029 Rittersh.
815 1979 1013 2030 omittit
1035 1979 1316 2032 dictionem
1341 1983 1493 2031 loesoe:
1529 1995 1632 2030 non
1652 1980 1835 2032 dubito
1855 1981 1977 2047 quin
2003 1980 2329 2044 elegantius:
2360 1977 2530 2027 sitm.
2597 1976 2733 2026 Nos-

525 2050 660 2093 tram
713 2043 839 2094 lect.
885 2045 1136 2096 exhibent
1178 2046 1378 2110 Delpb.
1423 2053 1479 2096 et
1522 2045 1798 2097 flach—2
1839 2048 1966 2098 Velle
2006 2046 2232 2096 desistam
2275 2043 2397 2093 edd.
2445 2039 2731 2092 eadem.—

523 2112 553 2157 8
593 2107 747 2157 Hunc
784 2108 956 2159 locum
1001 2111 1078 2161 ita
1116 2110 1532 2180 distirguendum
1577 2125 1644 2162 ex
1683 2111 1768 2161 ed.
1814 2111 2122 2162 Florentius
2159 2116 2335 2159 monet
2371 2108 2731 2158 Sitzmannus:

527 2174 755 2223 mentiens
786 2173 1122 2240 imprudentia,
1161 2192 1334 2228 rerum.
1399 2177 1486 2228 Sic
1517 2175 1672 2227 etiam
1696 2183 1919 2243 apparet
1955 2177 2009 2226 in
2039 2173 2158 2226 edd.
2202 2174 2392 2239 Delpb.
2414 2180 2469 2223 et
2493 2171 2733 2223 Hackae-

1517 2290 1739 2342 NOTAE

525 2384 605 2435 fas
629 2385 825 2437 vocabo
839 2385 877 2435 ?’
911 2400 1197 2453 quanquam
1215 2388 1352 2439 enim
1374 2388 1484 2453 ipse
1506 2388 1594 2439 Se·
1676 2389 1931 2455 Majestas
1971 2393 2052 2439 est
2095 2400 2371 2453 supremus
2409 2386 2591 2447 honos,
2629 2397 2733 2448 quo

526 2469 680 2514 natus
700 2457 717 2491 ‘
738 2466 842 2515 suis
866 2464 934 2516 de
953 2466 968 2488 '
989 2467 1212 2519 Boethio
1234 2471 1248 2498 ‘
1265 2467 1493 2518 decretis
1514 2466 1593 2517 ef·
1673 2468 1896 2533 populus
1927 2472 2138 2518 tenetur
2168 2463 2378 2515 afficere
2422 2461 2736 2528 principem,

522 2538 751 2605 fecerit,’
770 2549 828 2593 ut
850 2543 938 2609 qui
963 2544 1361 2609 perturbatione
1384 2544 1593 2609 judica·
1675 2544 1817 2594 velut
1835 2542 2118 2608 spirantem
2132 2542 2232 2591 Dei
2249 2540 2522 2604 imaginem
2544 2555 2558 2589 ε
2584 2543 2600 2568 ⁸
2620 2536 2737 2587 snb·

525 2622 631 2682 ret,
645 2618 690 2669 is
711 2619 729 2648 ‘
748 2618 896 2669 nefas
913 2619 928 2642 ’
963 2626 1174 2684 putaret
1192 2622 1209 2648 ‘
1229 2628 1438 2687 optasse
1454 2621 1593 2670 illius
1667 2620 1804 2685 jecti
1829 2618 2035 2683 estote,’
2061 2619 2228 2684 inquit
2261 2618 2314 2667 S.
2340 2617 2530 2666 Petrus
2569 2615 2735 2678 Epist.

525 2694 747 2745 Ordinis
789 2696 1064 2747 salutem?
1101 2697 1355 2749 Boethius
1399 2705 1592 2756 tamen,
1677 2711 1716 2746 1.
1740 2710 1859 2761 cap.
1894 2700 1943 2746 2.
1990 2698 2006 2724 ⁸
2031 2695 2169 2744 omni
2205 2695 2441 2743 humanae
2480 2698 2745 2741 creaturae-

528 2766 673 2821 ratus
712 2772 929 2823 aliorum
979 2771 1033 2823 in
1078 2788 1134 2823 se
1179 2779 1452 2839 peccatum
1495 2774 1597 2823 sibi

527 2862 629 2898 non
646 2847 774 2899 dare
793 2851 1048 2914 peccandi
1074 2853 1364 2916 licentiam,
1383 2852 1399 2879 ‘
1416 2850 1561 2901 nefas
1579 2850 1597 2875 '

525 2928 736 2990 putavit
774 2926 892 2986 sibi,
913 2931 928 2957 ‘
952 2929 1036 2978 vel
1076 2929 1367 2979 occuluisse
1407 2927 1598 2977 verita·

529 3003 673 3067 tem,'
696 3005 895 3057 silendo
918 3006 1052 3056 bona
1074 3021 1191 3071 quae
1216 3005 1270 3054 in
1288 3005 1484 3054 Senatu
1506 3016 1597 3053 no‘-

529 3090 703 3146 verat,
731 3084 747 3112 ‘
773 3085 852 3135 vel
881 3084 1196 3135 concessisse
1233 3082 1599 3146 mendacium‚’

528 3154 788 3223 loquendo
811 3162 966 3222 mala,
982 3175 1101 3225 quse
1126 3158 1193 3209 de
1217 3161 1415 3211 Senatu
1434 3158 1598 3224 finge-

530 3234 739 3286 bantur.
807 3237 1026 3300 Optime
1048 3237 1294 3287 Socrates
1315 3236 1454 3302 apud
1477 3238 1601 3287 Pla·

529 3318 707 3363 tonem
731 3315 766 3363 1.
791 3327 868 3362 vr.
901 3312 967 3361 de
984 3313 1189 3377 Repub.
1214 3313 1602 3379 ‘oportetodis-

530 3406 585 3442 se
605 3393 950 3456 mendacium,
971 3390 1191 3457 diligere
1207 3394 1518 3445 veritatem?

599 3476 628 3500 ’ν
653 3467 949 3529 Delatorem,
981 3482 1040 3516 ne
1072 3469 1349 3518 documenta
1371 3469 1603 3533 deferret,

529 3544 701 3607 quibus
745 3543 976 3592 Senatum
1009 3541 1276 3603 maiestatis
1306 3559 1457 3608 mum,
1494 3546 1600 3611 qma]

533 3615 834 3670 Secundum
857 3617 1071 3667 Boethii
1105 3618 1325 3685 crimen,
1359 3620 1502 3687 quod
1528 3628 1603 3672 ta·

531 3710 654 3747 men
677 3708 793 3745 cum
820 3693 985 3757 primo
1023 3694 1102 3744 ita
1141 3696 1471 3761 conjunctum
1504 3707 1605 3764 est,

535 3778 595 3823 nt
607 3772 648 3822 si
670 3769 801 3821 illud
820 3770 1018 3822 crimen
1038 3786 1141 3823 non
1162 3771 1337 3841 fuerit,
1355 3776 1604 3841 quemad-

536 3847 745 3900 modum
768 3847 965 3898 crimen
982 3863 1086 3900 non
1104 3847 1265 3902 fuisse
1280 3852 1480 3904 dictum
1504 3859 1606 3916 est,

535 3925 639 3975 boc
661 3925 820 3976 etiam
850 3925 1048 3977 crimen
1072 3941 1172 3977 non
1198 3929 1362 3993 possit
1387 3946 1401 3979 ε
1441 3944 1605 3996 quare

537 4001 580 4053 si
604 4002 621 4030 ‘
643 3999 958 4067 fatebimur:
982 4003 1152 4071 inquit
1184 4005 1461 4070 Boethius,
1480 4007 1607 4057 ‘nos

538 4079 764 4130 voluisse
803 4080 1054 4132 Senatum
1093 4097 1210 4134 esse
1246 4085 1479 4145 salvum;
1514 4085 1609 4134 im·

540 4157 790 4222 pediendi
834 4157 1089 4210 delatoris
1132 4174 1297 4224 opera
1341 4160 1608 4211 cessabit!

537 4234 641 4286 Sed
648 4241 728 4301 ,nt
741 4236 840 4286 hoc
850 4236 1473 4302 percipiatur,dicendnm
1485 4239 1607 4304 quid

540 4313 810 4379 majestas,
828 4312 1029 4379 etquid
1055 4313 1345 4379 majestatis
1372 4314 1605 4374 crimen?

1678 2779 1895 2837 propter
1913 2772 2086 2822 Deum
2107 2788 2120 2820 ε
2155 2771 2266 2822 sive
2289 2772 2417 2834 Regi
2442 2770 2588 2836 quasi
2610 2783 2740 2833 prae-

1677 2849 1888 2899 cellenti
1909 2865 1924 2910 ;
1959 2848 2069 2897 sive
2093 2848 2311 2897 ducibus
2330 2854 2573 2913 tanquam
2592 2846 2659 2896 ab
2677 2860 2739 2895 eo

1680 2927 1853 2976 missis
1887 2925 1953 2975 ad
1999 2925 2283 2975 vindictam
2329 2922 2743 2985 malefactorum,

1681 3001 1887 3052 laudem
1914 3016 2041 3051 vero
2082 3002 2362 3052 bonorum:
2397 3000 2518 3067 quia
2551 3000 2625 3050 sic
2658 3004 2742 3049 est

1682 3079 1922 3128 voluntas
1949 3077 2055 3127 Dei
2080 3114 2096 3129 .
2119 3113 2132 3127 .
2156 3112 2171 3129 .
2199 3079 2371 3128 Deum
2394 3078 2608 3127 timete:
2647 3077 2744 3126 Re-

1683 3169 1800 3220 gem
1838 3152 2219 3204 honorificate!
2285 3153 2440 3206 Quod
2464 3158 2640 3203 autem
2659 3153 2748 3202 ho·

1681 3247 1795 3297 nos,
1817 3232 1964 3297 cujus
1987 3233 2232 3296 majestas
2256 3237 2337 3281 est
2361 3230 2596 3296 quaedam
2622 3243 2742 3294 pars

1684 3310 1792 3360 sive
1812 3308 2040 3375 species,
2062 3309 2132 3359 sit
2161 3308 2481 3372 honorantis,
2505 3321 2744 3357 reveren-

1684 3385 1760 3436 tia
1781 3400 1926 3449 vero,
1944 3385 2085 3435 circa
2106 3400 2258 3450 quam
2297 3383 2478 3434 eadem
2503 3384 2745 3448 majestas

1681 3470 1941 3527 versatur,
1975 3463 2213 3514 honorati
2255 3463 2542 3527 principis;
2591 3474 2746 3525 prop·

1684 3549 1832 3593 terea
1873 3541 2056 3592 Poe'tae
2090 3540 2356 3590 finxerunt
2406 3536 2745 3602 Majestatem

1684 3618 1845 3670 filiam
1883 3632 1999 3668 esse
2039 3617 2264 3667 Honoris
2297 3623 2351 3666 et
2375 3613 2708 3667 Reverentia:
2729 3628 2747 3661 t

1686 3695 1809 3746 audi
1866 3693 2116 3744 Ovidium
2159 3695 2197 3744 1.
2232 3707 2285 3743 v.
2343 3694 2486 3742 Fast.
2534 3705 2609 3740 vs.
2663 3693 2747 3739 28.

1682 3776 1699 3803 ⁶
1727 3776 1913 3824 Donec
1956 3772 2156 3822 Honor
2203 3770 2513 3835 placidoque
2555 3768 2749 3818 decens

1687 3849 2007 3901 Reverentia
2051 3850 2197 3898 vultu
2230 3849 2467 3911 Corpora
2504 3846 2752 3911 legitimis

1688 3929 1980 3993 imposuere
2015 3928 2161 3979 toris.
2231 3926 2372 3976 Hinc
2404 3932 2521 3976 sata
2558 3924 2750 3990 Majes·

1691 4011 1790 4070 tas,
1810 4021 1924 4071 quae
1949 4005 2196 4055 mundum
2234 4009 2493 4069 temperat
2514 4017 2714 4053 omnem
2737 4019 2751 4050 ε

1690 4083 1910 4150 Quaque
1944 4083 2029 4134 die
2064 4090 2220 4148 partu
2255 4090 2337 4133 est
2370 4083 2532 4143 edita,
2566 4093 2753 4144 magna

1689 4157 1808 4210 fuit.
1859 4160 1978 4211 Nec
1996 4175 2158 4224 mora,
2181 4158 2417 4210 consedit
2441 4156 2611 4208 medio
2635 4155 2753 4205 sub-

1689 4236 1826 4288 limis
1852 4237 2104 4302 Olympo,
2124 4235 2317 4300 Aurea,
2339 4248 2604 4300 purpureo
2628 4247 2749 4283 con·

1689 4315 1957 4382 spiciendo
1976 4313 2123 4365 sinu-³
2191 4313 2402 4366 Crinieu
2421 4327 2548 4377 ergo
2564 4310 2753 4373 majes-
