3049 4928
995 381 1512 436 PnlhosoPmAE
1562 386 1707 436 1218.
1754 388 1778 434 1
1792 385 1855 435 V.

2403 374 2536 441 313

671 528 879 597 Aeris
907 529 1213 597 immensi
1239 538 1521 615 superat
1549 531 1869 615 globum,r
2489 537 2536 601 5

759 634 1138 720 Nubesque
1168 643 1334 720 post
1366 642 1625 719 tergum
1654 635 1861 715 videt,
2202 614 2224 642 ³

674 736 953 824 Quique
986 739 1148 822 agili
1175 745 1365 804 motu
1396 739 1576 804 calet
1604 739 1894 818 aetheri5‚

755 841 1190 908 Transcendit
1218 842 1389 926 ignis
1418 843 1796 922 verticem,⁸

667 944 914 1012 Donec
945 946 1013 1012 in
1043 946 1383 1012 astriferas
1412 953 1646 1030 surgat
1671 945 1952 1026 domos:

754 1045 1155 1136 Phoeboque
1177 1053 1539 1138 conjungat
1571 1051 1721 1118 vias
1743 1071 1762 1134 ς
1782 1059 1810 1087 “

2443 1054 2532 1121 10

331 1282 452 1333 airis
478 1285 640 1345 casti:
666 1288 818 1339 cernit
838 1288 981 1339 nubes
994 1295 1099 1354 post
1122 1304 1208 1349 se,·
1239 1294 1287 1339 et
1308 1290 1667 1353 transgreditur
1687 1254 1953 1356 fastigium
1973 1292 2124 1357 ignis,
2145 1292 2228 1359 qui
2257 1295 2379 1344 calet
2399 1296 2531 1342 motu

331 1353 490 1414 rapodo
509 1353 705 1403 «etheris
716 1369 739 1415 ,·
755 1357 1048 1420 quoadusque
1061 1357 1280 1406 ascendat
1298 1357 1363 1406 ad
1374 1358 1506 1407 orbes
1529 1359 1759 1423 stellatos,
1778 1365 1826 1410 et
1835 1359 2016 1424 ‚iungat
2037 1376 2174 1411 suum
2184 1361 2281 1410 iter
2299 1375 2405 1410 cum
2420 1358 2531 1409 Sole

1321 1523 1540 1576 NOTAE

382 1672 410 1708 ‘¹
428 1665 602 1718 Terras
612 1683 780 1734 perosa
795 1672 1017 1738 despicit]
1038 1674 1388 1725 Continuatur

331 1744 573 1794 translata
617 1746 865 1810 loquendi
902 1750 1067 1801 ratio:
1126 1756 1202 1812 ut,
1251 1751 1387 1802 sicut

329 1834 445 1870 aves
485 1822 712 1873 volando
746 1839 778 1882 a
812 1826 968 1876 terris
1005 1826 1278 1890 recedunt,
1308 1828 1385 1879 sic

325 1911 464 1948 mens
487 1899 675 1964 pennis
708 1901 1089 1968 Philosopbicis
1128 1904 1385 1962 instructa

325 1975 645 2043 intelligatur
692 1986 858 2034 terras
896 1999 1055 2035 exosa
1088 1985 1383 2050 despicere.

326 2052 437 2105 Nec
452 2055 546 2106 abs
564 2071 657 2107 re:
682 2072 800 2109 nam
814 2076 915 2126 quo
933 2062 1095 2127 magis
1114 2077 1258 2112 mens
1278 2069 1381 2113 ter·

324 2129 389 2178 ris
414 2131 672 2197 adhaeret,
695 2149 761 2185 eo
785 2137 1130 2188 crassioribus
1149 2139 1383 2191 involuta

325 2206 550 2260 tenebris
573 2210 744 2261 minus
768 2220 896 2277 apta
919 2221 1022 2278 est,
1056 2229 1172 2279 quae
1205 2217 1381 2267 Deum

324 2292 584 2337 auctorem
609 2303 761 2339 snum
779 2293 1178 2356 contempletur.
1354 2350 1359 2355 ⁴

383 2367 406 2394 ¹
433 2364 580 2414 Aeris
599 2366 1022 2432 immensisu-perat
1038 2370 1251 2435 globum]
1273 2370 1387 2422 Αδι·

323 2436 526 2503 quidem
560 2443 671 2492 suis
695 2443 941 2496 definitur
962 2447 1215 2503 limitibus
1241 2466 1256 2501 z
1291 2449 1385 2500 sed

324 2518 562 2579 quoniam
607 2520 687 2570 ita
720 2520 1044 2589 diffunditur,
1076 2526 1191 2590 eJus
1229 2533 1290 2577 ut
1313 2527 1386 2577 di-

323 2596 512 2644 mensio
538 2596 590 2646 in
615 2604 798 2648 nostro
816 2601 1031 2651 cerebro
1047 2616 1151 2654 non
1168 2602 1382 2654 distinc-

324 2669 440 2735 tius,
452 2688 608 2738 quam
627 2675 881 2739 quaelibet
902 2677 1024 2739 alia,
1048 2677 1201 2743 longe
1225 2679 1384 2729 etiam

320 2748 529 2812 majoris
545 2752 780 2814 corporis
800 2753 1108 2818 amplitudo,
1130 2754 1383 2818 exprima-

319 2827 419 2887 tur,
463 2833 751 2891 propterea
789 2830 938 2880 nobis
982 2830 1381 2895 imaginantibus

320 2900 409 2951 aiir
428 2902 711 2954 immensus
726 2904 983 2958 habetur:
1020 2914 1078 2957 at
1099 2922 1243 2957 mens
1267 2922 1382 2959 nos·

320 2984 418 3040 tra,
434 2994 552 3045 qnae
574 2982 722 3045 plura
739 2983 1019 3047 concipere
1034 2991 1211 3048 potest
1230 2999 1380 3049 quam

318 3053 612 3121 imaginari,
658 3057 853 3122 aerem,
895 3075 999 3125 quo
1036 3067 1177 3113 terra
1219 3062 1381 3112 unde-

319 3148 520 3200 quaque
542 3135 1059 3201 circumfunditur,in
1085 3140 1262 3194 orbem
1285 3140 1382 3191 dif-

316 3207 482 3263 fusum
502 3213 581 3264 sic
607 3214 826 3278 cogitat,
852 3223 910 3267 ut
935 3216 1075 3267 aliud
1102 3220 1239 3269 ultra
1258 3234 1379 3270 con-

320 3288 654 3341 siderandum
689 3292 788 3341 sibi
826 3301 1123 3358 proponat:
1161 3297 1296 3346 unde
1317 3296 1381 3347 fit

323 3373 379 3416 ut
401 3368 586 3419 eadem
613 3382 756 3419 mens
771 3371 938 3423 veluti
960 3373 976 3401 ‘
1001 3379 1124 3437 post
1156 3372 1379 3438 tergum'

321 3443 585 3509 relinquat
624 3445 641 3474 ‘
668 3445 864 3508 nubes‚’
896 3463 1011 3512 quae
1035 3450 1086 3498 in
1110 3449 1254 3513 aere,
1276 3465 1380 3501 non

318 3531 464 3569 secus
489 3536 553 3571 ac
577 3536 739 3572 naves
763 3522 813 3572 in
850 3523 1016 3587 aquis,
1039 3525 1239 3575 libratis
1258 3526 1377 3577 hinc

318 3604 371 3646 et
392 3597 515 3648 inde
539 3599 875 3663 ponderibus,
897 3603 1237 3656 sustinentur.

380 3682 399 3706 ⁸
438 3676 753 3727 Tmnsoendit
765 3677 895 3740 ignis
915 3679 1162 3741 verticem]
1181 3679 1238 3728 Si
1252 3680 1378 3731 Phi·

247 3793 250 3796 .
320 3752 555 3818 losophia
566 3753 651 3803 hic
668 3762 916 3818 agnoscat
933 3754 1016 3819 ign
1024 3770 1124 3818 em,
1135 3756 1218 3806 hic
1233 3764 1378 3807 certe

320 3828 450 3893 ignis
469 3830 693 3880 multum
714 3828 892 3882 differt
916 3831 983 3880 ab
1014 3846 1096 3896 eo,
1113 3848 1261 3898 quem
1280 3835 1383 3884 Pe·

325 3905 596 3970 ripatetici
640 3907 797 3972 vulgo
836 3908 982 3957 aiunt
1025 3909 1041 3937 ‘
1065 3910 1291 3961 existere
1328 3913 1385 3962 in

320 3994 551 4032 concavo
584 3982 747 4033 Lunae
782 3990 1002 4047 propter
1049 3985 1282 4037 ordinem
1328 3995 1387 4040 et

320 4055 510 4108 bonum
550 4060 849 4111 Universi:'
886 4076 1003 4112 nam
1043 4063 1142 4116 boc
1167 4065 1385 4131 Peripa·

323 4133 604 4185 teticorum
620 4136 934 4201 elementum
958 4140 1130 4190 calore
1153 4157 1254 4192 non
1274 4130 1384 4193 affi-

322 4208 473 4277 citur,
496 4212 634 4277 quod
660 4214 823 4267 rarius
842 4214 913 4267 sit
935 4231 951 4280 ς
986 4224 1077 4269 aut
1099 4218 1143 4269 si
1166 4219 1383 4271 incalcs,

1465 1681 1571 1739 cat,
1588 1673 1642 1725 id
1663 1667 1810 1725 'motu
1832 1688 1934 1724 non
1955 1672 2114 1724 habet
2136 1687 2153 1734 3
2189 1676 2281 1722 aut
2299 1669 2342 1720 si
2381 1675 2537 1745 motu

1464 1750 1694 1816 calefiat,
1716 1751 1772 1801 id
1796 1767 1828 1801 a
1851 1765 1908 1802 se
1942 1750 2134 1814 potius,
2156 1755 2310 1815 quam
2335 1747 2400 1798 ab
2424 1747 2530 1797 alio

1464 1843 1684 1894 corpore
1728 1836 1871 1880 moto
1908 1827 2141 1879 obtinet:
2197 1841 2315 1877 cum
2352 1832 2530 1876 tamen

1464 1906 1555 1956 ille
1599 1905 1952 1970 Philosophiae
2008 1904 2142 1969 ignis
2186 1902 2340 1968 ‘agili
2383 1910 2530 1952 motu

1435 1982 1673 2033 ·aetlieris
1711 1981 1956 2034 calorem’
2012 1981 2290 2045 concipiat.
2355 1981 2531 2033 Quare

1460 2059 1548 2109 bic
1572 2058 1705 2124 ignis
1729 2059 1855 2109 nibil
1888 2057 2032 2109 forte
2071 2058 2212 2109 aliud
2248 2062 2346 2120 est,
2371 2071 2528 2123 quam

1423 2144 1426 2145 ’
1462 2149 1586 2198 pars
1626 2135 1852 2199 aetheris,
1877 2135 1962 2200 qui
1989 2132 2232 2184 Ciceroni
2256 2133 2308 2181 in
2333 2131 2426 2182 lib.
2462 2127 2539 2182 de¹

1469 2212 1596 2264 Nat.
1619 2213 1692 2263 D.
1727 2212 2026 2262 nominatur
2051 2212 2067 2240 ‘
2086 2211 2240 2261 ardor
2278 2207 2531 2272 ultimus,’

1462 2298 1647 2356 estque
1669 2290 1686 2318 ‘
1701 2291 1960 2352 tenuis,ac
1980 2288 2270 2353 perlucens,
2287 2292 2344 2337 et
2358 2301 2533 2352 aequa-

1463 2367 1557 2417 bili
1581 2368 1754 2417 calore
1779 2365 2044 2416 suffususz’
2068 2379 2168 2431 quo
2191 2362 2402 2415 aetberis
2420 2377 2537 2413 ver-

1465 2443 1571 2495 tice
1615 2443 1971 2505 considerato,
1991 2441 2250 2506 praedicta
2271 2455 2418 2492 mens
2458 2441 2532 2491 al·

1466 2523 1570 2571 tius
1621 2528 1807 2571 evecta
1868 2512 2256 2583 contemplatur
2306 2518 2529 2582 primum

1466 2597 1675 2663 quidem
1691 2599 1928 2661 planetas
1944 2596 2066 2646 Sole
2082 2594 2374 2656 inferiores,
2387 2602 2530 2659 post·

1466 2687 1531 2722 ea
1575 2673 1743 2737 ipsum
1794 2672 1989 2733 Solem,
2037 2671 2228 2721 deinde
2290 2672 2529 2735 planetas

1462 2748 1586 2799 Sole
1621 2748 1953 2811 superiores3
2012 2753 2122 2797 tum
2163 2747 2342 2797 stellas
2375 2748 2526 2812 fixas,

1466 2836 1522 2876 et
1548 2824 1756 2874 tandem
1794 2824 1962 2889 ipsum
1983 2811 2174 2888 Deum,
2194 2831 2256 2875 ut
2279 2825 2526 2891 deinceps

1465 2902 1692 2952 dicetur.

1530 2980 1548 3014 ‘
1581 2981 1746 3031 Donec
1766 2980 1821 3030 iu
1851 2978 2106 3041 astriferas
2141 2984 2311 3043 surgat
2346 2978 2528 3042 ‹imno-3]

1462 3073 1503 3109 1.
1524 3058 1680 3108 Mens
1699 3058 1922 3108 humana
1943 3058 2328 3121 contemplatur
2349 3056 2529 3121 plane-

1464 3140 1545 3184 tas
1580 3134 1699 3184 Sole
1736 3133 2029 3195 inferiores,
2066 3131 2354 3197 cujusmodi
2405 3136 2529 3181 sunt

1464 3213 1630 3274 Luna,
1673 3212 1876 3274 Venus,
1911 3210 2232 3271 Mercurius,
2271 3213 2325 3258 et
2354 3208 2398 3257 si
2438 3208 2527 3272 qui

1464 3290 1554 3341 alii
1602 3291 1709 3341 illic
1745 3288 1941 3339 fuerint
1979 3288 2241 3352 planetaet
2281 3287 2369 3353 qui
2408 3300 2526 3336 cum

1463 3374 1642 3432 partes
1683 3366 1801 3417 coeli
1835 3362 2077 3415 stelliferi
2098 3363 2324 3428 infimas,
2344 3369 2527 3415 terrae·

1463 3463 1565 3513 que
1586 3446 1860 3497 viciniores
1877 3448 2113 3508 teneant,
2129 3449 2416 3507 potuerunt
2433 3444 2532 3507 sig·

1465 3524 1669 3574 nificari
1692 3537 1788 3587 per
1819 3521 2108 3572 nominatas
2132 3519 2404 3570 astriferas
2435 3520 2525 3569 do-

1464 3617 1597 3654 mos.
1667 3602 1838 3651 Nemo
1884 3599 2071 3663 nescit,
2107 3604 2360 3648 astrorum
2396 3598 2528 3647 situs

1464 3680 1534 3729 ab
1561 3678 1869 3730 astronomis
1903 3675 2078 3726 vocari
2099 3676 2309 3725 domos:
2345 3675 2360 3702 ‘
2383 3674 2527 3742 Quid

1465 3757 1569 3806 tibi
1606 3756 1823 3821 prodest
1844 3752 2033 3804 Aerias
2071 3758 2308 3802 tentasse
2328 3751 2525 3813 domos,

1466 3833 1742 3899 animoque
1766 3830 2045 3881 rotundum
2069 3828 2398 3878 Percurrisse
2433 3843 2525 3892 po-

1462 3912 1571 3960 lum
1592 3908 1629 3957 Ρ

1533 3993 1558 4019 ¹¹
1597 3984 1860 4049 Pltoeboque
1891 3982 2152 4045 conjungat
2181 3981 2309 4045 vias]
2341 3996 2403 4031 11.
2425 3983 2526 4032 Ea-

1472 4063 1592 4113 dem
1615 4077 1760 4112 mens
1786 4060 2173 4124 contemplatur
2197 4060 2370 4108 Solem
2392 4072 2406 4106 2
2442 4057 2530 4106 Sol

1466 4142 1625 4204 enim,
1677 4144 1737 4189 ut
1782 4138 1972 4202 saepius
2016 4136 2257 4199 diximus,
2309 4140 2528 4198 propter

1466 4220 1694 4284 speciem
1729 4217 2053 4282 nitoremque
2107 4219 2327 4266 vocatur
2371 4213 2526 4265 Phoe-
