3049 4928
521 359 654 435 112

445 529 452 534 '
514 515 767 596 iaude⁹
793 533 798 540 ·
798 518 1123 603 jactasse.

1219 375 1527 432 Bou'rmi
1579 373 2029 433 navensem

1214 516 1462 592 Minuit
1490 519 1666 584 enim
1697 520 2197 607 quodammodo
2245 542 2320 589 se
2362 526 2714 610 probantis

519 623 951 690 conscientiae
982 619 1350 702 secretum,i
1397 624 1665 707 quoties
1714 625 2114 692 ostentando
2146 626 2302 710 quis
2331 626 2587 695 factum
2614 652 2713 696 re-.

519 727 694 812 cipit
714 731 766 766 ¹0
806 727 1007 794 samse
1034 727 1362 811 pretium
1430 726 1571 792 Sed
1602 727 2050 794 innocentiam
2094 740 2384 796 nostram
2409 733 2565 816 quis
2593 752 2716 797 ex·-

518 830 771 915 ceperit
798 827 1172 910 eventus,⁰¹‘
1213 830 1426 896 videa.

1518 829 1656 896 Pro
1699 849 1873 898 verae
1920 832 2178 899 virtutis
2225 834 2522 919 praemiis
2551 834 2714 900 falsi

577 1011 599 1035 ⁶
636 1001 868 1059 Quisnam
894 1003 1053 1063 fuerit
1090 1003 1247 1053 exitus
1286 1008 1334 1053 et
1357 1003 1482 1069 finis
1517 1008 1691 1053 nostroe
1713 1003 2026 1067 integritatis.

1440 1115 1584 1134 om!
1590 1114 1794 1135 mnu

505 1197 550 1262 ,9
583 1192 685 1244 Ms.
710 1191 906 1245 Erfurt.
928 1199 983 1243 et
1008 1194 1091 1243 ed.
1113 1193 1250 1244 Flor.
1270 1194 1445 1244 nullam
1465 1209 1682 1260 umquam
1701 1197 1792 1245 mei
1823 1197 2159 1247 tandeim—10
2189 1196 2294 1248 Ms.
2321 1196 2498 1248 Erfurt
2519 1198 2715 1263 recepit.

1509 1323 1729 1376 NOTAE

517 1427 829 1473 contemtus.
895 1422 985 1472 Sic
1026 1422 1172 1488 Virg.
1199 1423 1316 1473 AEn.
1352 1436 1453 1471 vu.
1496 1438 1572 1472 vs.

516 1503 631 1550 ³02.
693 1499 708 1528 ‘
729 1498 868 1552 Quid
886 1498 1094 1565 Syrtes,
1118 1506 1209 1550 aut
1232 1500 1410 1564 Scylla
1431 1499 1577 1563 mihi,

516 1575 639 1642 q'uid
653 1581 812 1626 'vasta
834 1575 1124 1638 Charybdis
1139 1574 1352 1626 Profuit
1376 1576 1404 1624 ?-
1428 1580 1577 1640 opta-

515 1659 571 1703 to
609 1652 904 1703 conduntur
930 1651 1156 1702 Tibridis
1194 1652 1365 1715 alveo,
1393 1652 1615 1702 Securi

514 1727 692 1793 pelagi
711 1734 868 1793 atque.
888 1727 1027 1778 mei!
1067 1783 1070 1790 k

578 1803 681 1854 ¹82
710 1802 958 1867 probantis
991 1803 1287 1853 conscientia·
1325 1803 1582 1868 secretum]

517 1878 857 1930 Conscientia
879 1878 1166 1944 generatim
1191 1878 1316 1928 nihii
1339 1879 1477 1929 aliud
1506 1879 1580 1928 vi·

501 1955 694 2018 adetur,
724 1970 877 2020 quam
908 1969 1055 2005 mens
1079 1970 1197 2006 cum
1223 1956 1301 2006 sui
1338 1964 1446 2008 tum
1470 1972 1577 2008 suae

515 2031 850 2097 cogitationis
870 2033 1070 2084 sciens:
1108 2033 1245 2083 unde
1267 2034 1471 2085 Tullius
1489 2028 1575 2087 ιιι.

513 2111 584 2163 de
604 2108 714 2162 off.
730 2112 745 2139 ‘
771 2112 903 2162 Cum
915 2109 1135 2174 jurato‚'
1155 2110 1339 2176 inquit,
1360 2113 1375 2139 ‘
1400 2113 1577 2163 dicen·

513 2188 587 2239 da
609 2186 874 2239 sententia
894 2187 985 2252 sit,
1006 2188 1300 2239 meminerit
1322 2190 1493 2241 Deum
1518 2206 1576 2242 se

514 2266 709 2318 habere
749 2272 959 2332 testem,
995 2266 1047 2316 id
1085 2272 1189 2331 est,
1209 2274 1272 2319 ut
1307 2283 1407 2333 ego
1441 2269 1577 2321 arbi·

517 2352 649 2407 tror,
671 2350 899 2395 mentem
924 2344 1114 2400 suam:'
1144 2344 1284 2404 unde
1323 2347 1482 2397 etiam
1518 2353 1579 2398 ut

514 2421 659 2472 clara
677 2420 1027 2487 distinctaque
1046 2421 1361 2488 cognitione,
1372 2422 1446 2475 sic
1458 2438 1578 2476 con·

513 2497 731 2549 scientia
749 2499 1102 2550 convincimur
1124 2517 1138 2550 :
1176 2515 1335 2566 quare
1353 2502 1576 2554 Quintil.

509 2572 653 2625 Inst-
689 2573 844 2626 Orat.
884 2576 922 2627 1.
952 2589 1005 2628 v,
1040 2578 1057 2606 ‘
1078 2577 1438 2642 conscientia,'
1483 2579 1577 2643 ait,

511 2651 530 2689 ⁸
549 2651 690 2703 mille
724 2657 924 2703 testes:
957 2667 1138 2705 sensns
1160 2654 1451 2721 interprete
1472 2671 1578 2707 non

506 2728 676 2795 eget?
740 2728 880 2782 Hinc
925 2737 1100 2783 autem
1143 2733 1464 2784 conscientia
1486 2734 1578 2785 du·

514 2805 667 2872 plicis
709 2808 914 2872 generis
967 2815 1065 2873 est,
1112 2825 1301 2876 nempe
1347 2811 1482 2862 bona
1521 2818 1579 2863 et

504 2883 671 2934 mala:
693 2884 709 2913 ‘
727 2884 1074 2937 Conscientiae
1092 2887 1146 2936 in
1163 2894 1439 2954 utramque
1458 2903 1576 2954 par·

514 2966 625 3011 tem
672 2976 862 3026 magua
919 2963 997 3014 vis
1040 2963 1163 3029 est,’
1206 2965 1283 3015 ait
1322 2963 1434 3015 Cic.
1480 2962 1577 3029 pro

445 3052 450 3057 ’
516 3035 658 3087 Mil:
679 3032 707 3065 ἰ
731 3045 791 3091 ut
830 3052 1002 3105 neque
1047 3039 1269 3090 timeant
1308 3037 1396 3103 qui
1452 3038 1577 3089 nihil

514 3113 901 3180 commiserunt,
920 3122 978 3166 et
999 3130 1201 3178 poenam
1225 3129 1431 3180 semper
1451 3122 1578 3167 ante

512 3192 693 3243 oculos
711 3192 905 3243 versari
923 3198 1135 3256 putent,
1156 3191 1246 3259 qui
1267 3193 1579 3258 peccarint!

515 3268 850 3320 Conscientia
861 3268 1012 3334 bona,
1024 3283 1112 3320 rec
1118 3276 1170 3320 te
1188 3268 1443 3323 factorum
1455 3285 1577 3323 con·

522 3342 811 3396 vincimur:
836 3342 975 3394 unde
997 3344 1290 3396 recordatio
1306 3345 1578 3410 jucundis·

505 3421 668 3487 sima,
685 3435 801 3486 quae
836 3434 973 3472 nunc
992 3421 1188 3473 dicitur
1204 3422 1221 3450 ‘
1238 3423 1575 3475 conscientiae

503 3513 574 3549 ‚se
588 3497 860 3564 probantis
882 3497 1326 3564 secretum,’quod
1349 3505 1409 3550 nt
1425 3499 1580 3551 laude

516 3573 596 3624 sui
630 3573 1067 3637 communicatur,
1098 3574 1171 3624 sic
1202 3567 1475 3640 minuitur,
1500 3581 1579 3627 ut·

503 3656 641 3716 pote
662 3651 834 3702 minus
848 3657 1138 3703 secretum:
1169 3657 1453 3717 propterea
1474 3658 1580 3703 sta·

505 3733 673 3779 tuunt
690 3726 857 3777 Stoici
876 3728 891 3755 ‘
907 3732 1045 3778 nete
1062 3727 1368 3793 quaesiveris
1386 3729 1580 3784 extra:'

516 3811 576 3856 et
596 3803 897 3855 Macrobius
926 3802 981 3854 in
1013 3804 1191 3857 Somn.
1212 3804 1353 3870 Scip.
1373 3806 1410 3856 1.
1433 3819 1497 3858 11.
1531 3820 1578 3858 c.

518 3885 622 3935 10..
651 3884 668 3913 ‘
686 3881 950 3947 Virtutis,’
984 3882 1176 3948 inquit,
1206 3880 1473 3934 ‘fructum
1496 3897 1576 3932 sa·

501 3959 668 4024 ‚piens
722 3958 777 4010 in
833 3960 1157 4012 conscientia
1195 3960 1366 4026 ponit,
1409 3959 1578 4010 minus

515 4035 788 4103 perfectus
800 4037 1069 4104 ingloria?
1101 4037 1208 4089 Sed
1222 4037 1399 4088 divine
1413 4036 1577 4101 magis

507 4113 743 4179 Spiritus
751 4115 1111 4181 Sanctus,cum
1122 4114 1379 4167 Proverb.
1390 4126 1578 4166 xxvu.

501 4191 716 4245 -‘laudet
728 4200 784 4246 te
801 4193 1022 4258 allenns,
1036 4197 1094 4243 et
1107 4206 1209 4243 non
1226 4206 1286 4242 os
1300 4196 1470 4256 tuum;
1484 4205 1575 4244 ex-

497 4278 748 4341 traneus,
766 4278 822 4325 et
846 4285 950 4326 non
972 4268 1255 4339 labia-tua}
1284 4275 1391 4325 mm
1414 4268 1576 4323 etiam

1650 4277 1875 4325 eventus
1897 4271 2170 4325 deterioris
2192 4268 2378 4327 abest?

1663 1423 1901 1473 Matthaei
1933 1438 2011 1475 vr.
2053 1424 2069 1453 ⁴
2104 1439 2220 1475 cum
2263 1424 2394 1475 facis
2436 1425 2719 1490 eleemosy-

1659 1514 1798 1563 nam,
1822 1501 1925 1552 noii
1960 1500 2085 1551 tuba
2108 1515 2299 1551 canere
2324 1507 2447 1551 ante
2483 1509 2557 1566 te,
2581 1501 2718 1552 sicut

1659 1577 1950 1642 hypocrita:
1974 1577 2174 1630 faciunt
2194 1579 2245 1628 in
2261 1580 2562 1645 synagogis,
2587 1590 2641 1631 et
2664 1582 2717 1631 in

1665 1654 1807 1718 vicis,
1818 1659 1875 1704 ut
1887 1654 2291 1705 honorificentur
2308 1657 2373 1707 ab
2389 1657 2716 1710 hominibus-⁹

1663 1730 2001 1781 Conscientia
2018 1746 2144 1782 vero
2159 1732 2718 1796 mala,malefactorum

1661 1807 2046 1858 convincimur:
2086 1798 2226 1859 unde
2266 1810 2565 1861 recordatio
2597 1810 2717 1861 tris·

1661 1882 1764 1933 tis:
1802 1883 2003 1933 ‘suum'
2044 1886 2179 1934 enim
2213 1886 2228 1913 ‘
2252 1900 2507 1951 quemque
2547 1887 2718 1937 scelus

1659 1946 1828 2024 agitat
1847 1961 2178 2028 amentiaque
2194 1961 2393 2027 afficit,'
2413 1962 2586 2028 inquit
2599 1962 2720 2013 'nnl-

1660 2037 1759 2087 lius
1776 2052 1867 2103 pro
1877 2039 2022 2089 Sext.
2042 2040 2166 2090 Ros.
2183 2039 2199 2066 ‘
2217 2054 2326 2090 suae
2345 2041 2495 2090 rnalae
2516 2040 2720 2102 cogita-

1659 2112 1824 2163 tiones
1846 2116 2282 2181 conscientiaeque
2305 2115 2463 2174 animi
2483 2115 2718 2169 terrent-⁹

1722 2189 1746 2223 ¹‘
1782 2193 2042 2257 Exceperit
2090 2193 2305 2257 eventus]
2356 2193 2719 2258 Interceperit

1659 2267 1859 2321 exitus:
1893 2284 2012 2319 nam
2035 2271 2052 2299 ‘
2072 2271 2327 2336 excipere
2335 2270 2351 2293 '
2373 2271 2512 2321 inter
2539 2271 2718 2335 plures

1660 2344 1783 2395 alias
1805 2345 2212 2410 significationes
2250 2347 2389 2400 idem
2433 2354 2518 2399 est
2562 2353 2719 2414 atque

1659 2420 1960 2472 ‘incautum
1946 2424 2465 2503 comprehendere?
2499 2431 2559 2476 ut
2580 2424 2719 2490 apud

1659 2482 1964 2549 Ciceronem
1987 2499 2054 2549 ad
2075 2499 2193 2551 Att.
2207 2500 2222 2529 ‘
2241 2501 2490 2552 admoniti
2509 2500 2720 2565 sumus,'

1659 2573 1902 2640 inquit,‘
1926 2582 1986 2626 ut
2019 2577 2307 2628 caverimus
2338 2592 2405 2627 ne
2441 2579 2719 2664 excipere·

1654 2666 1776 2703 mur
1796 2666 1828 2700 a
1844 2652 2072 2716 Caesare,
2087 2653 2263 2719 quod
2249 2671 2295 2705 is
2311 2655 2365 2704 in
2381 2655 2563 2706 eadem
2584 2633 2719 2718 ioca,

1658 2743 1775 2794 quae
1800 2743 1892 2793 nos
1930 2731 2253 2793 petebamus,
2287 2731 2512 2782 celerius
2540 2731 2722 2795 etiam,

1661 2817 1815 2870 quam
1838 2819 1930 2867 nos
1955 2820 2242 2870 possemus,
2262 2820 2325 2856 eo
2358 2821 2459 2872 quo
2481 2807 2721 2857 intende·

1660 2886 1747 2931 rat
1768 2888 2016 2931 venturus
2032 2880 2210 2935 esset!
2280 2883 2352 2932 Et
2374 2883 2512 2946 apud
2536 2882 2722 2948 Virgii.

1658 2957 1776 3008 AEn.
1811 2970 1867 3007 x.
1911 2966 1986 3009 vs:
2019 2962 2134 3008 386.
2169 2959 2186 2988 ‘
2211 2958 2348 3010 Nam
2385 2961 2564 3010 Pallas
2594 2967 2719 3012 ante

1659 3038 1917 3097 ruentem,
1939 3026 2077 3084 Dum
2109 3035 2261 3099 furit,
2282 3035 2571 3102 incautum,
2587 3051 2721 3088 ·cru·

1660 3109 1768 3160 deii
1810 3118 1979 3166 morte
2022 3105 2230 3176 sodalis,
2269 3112 2512 3178 Excipit:
2561 3119 2720 3179 atque

1661 3201 1836 3258 ensem
1870 3189 2071 3240 tumido
2093 3190 2145 3239 in
2180 3191 2423 3254 pulmone
2447 3187 2722 3241 recondit!

1656 3265 1894 3315 Eventus
1939 3272 2115 3317 autem
2150 3267 2392 3327 Ciceroni
2416 3283 2458 3319 1.
2488 3267 2564 3327 ,de
2605 3268 2720 3319 Inv-

1648 3349 1741 3395 .est
1762 3344 1981 3409 alicujus
2014 3345 2189 3396 exitus
2223 3345 2458 3410 negotii:
2493 3344 2635 3395 unde
2658 3359 2723 3397 ιι.

1659 3419 1726 3471 de
1747 3419 1898 3471 Orat·
1919 3421 1935 3449 ‘
1948 3419 2217 3486 Consilia,'
2236 3420 2425 3487 inquit,
2448 3427 2465 3450 ‘
2479 3421 2725 3486 primum:

1662 3496 1852 3548 deinde
1876 3506 2026 3561 acta:
2062 3504 2245 3563 postea
2265 3498 2535 3550 eventus:'
2568 3513 2725 3565 prop·

1661 3581 1812 3625 terea
1842 3575 2089 3642 quicquid
2125 3576 2235 3627 sive
2279 3575 2402 3627 boni
2444 3576 2556 3627 sive
2600 3575 2721 3626 mali

1658 3667 1784 3703 casu
1816 3653 2032 3717 accidit,
2074 3652 2129 3704 id
2168 3660 2385 3705 eventus
2417 3654 2554 3706 solet
2581 3652 2721 3703 dici:

1660 3743 1823 3795 quare
1865 3728 2006 3781 idem
2052 3729 2283 3782 Orator:
2333 3732 2350 3761 ‘
2380 3731 2467 3796 qui
2513 3727 2723 3794 sciunt:

1659 3805 1754 3870 ait,
1785 3807 1802 3835 ‘
1821 3805 1946 3872 quid
1988 3806 2100 3858 aliis
2139 3806 2412 3871 acciderit,
2442 3805 2616 3871 facile,
2652 3819 2721 3857 ex

1659 3882 1873 3934 aliorum
1889 3882 2297 3946 eventibus‚suis
2310 3881 2597 3932 rationibus
2613 3895 2726 3947 pos·

1659 3965 1782 4011 sunt
1813 3960 2088 4024 providere
2106 3958 2141 4013 :'
2178 3959 2366 4025 Virgii.
2397 3960 2515 4027 AEn.
2554 3971 2612 4010 x.
2648 3972 2721 4015 vs.

1660 4041 1776 4091 159.
1808 4038 1826 4067 ‘
1852 4037 1958 4091 Hic
1981 4053 2198 4104 magnus
2231 4038 2385 4090 sedet
2405 4038 2611 4101 AEneas,
2640 4050 2720 4086 se·

1657 4128 1879 4181 cumque
1900 4117 2101 4167 volutat
2118 4116 2354 4167 Eventus
2377 4114 2502 4166 belli
2521 4111 2731 4165 varios.⁹

1658 4191 1730 4242 Et
1753 4190 1912 4243 Ovid.
1936 4206 2003 4244 11.
2038 4191 2104 4243 de
2127 4192 2333 4243 Ponto:
2369 4192 2541 4252 ‘Nam
2567 4191 2722 4243 timor
