3049 4928
2383 365 2513 438 191

290 539 578 606 artificis.
673 537 787 603 An
847 531 1003 603 roro
1055 533 1301 619 longus
1324 533 1375 576 ¹⁶
1419 534 1587 600 ordo
1633 531 2037 600 famulorum
2059 530 2085 569 ¹¹
2131 533 2304 599 facit
2356 554 2510 599 esse

286 642 587 707 felicem?
637 642 756 724 qui
818 639 880 704 si
936 639 1165 704 vitiosi
1215 638 1516 701 moribus
1583 643 1757 716 sunt,
1811 635 2203 722 perniciosa
2257 638 2502 702 domus

290 743 588 823 sarcina,·'
607 752 657 792 ¹⁷
721 750 790 809 et
834 742 973 827 ipsi
1026 740 1296 806 domino
1355 740 1781 804 vehementer
1831 740 2145 804 inimica:
2192 740 2296 803 sin
2344 760 2503 805 vero

288 847 495 930 probi,
524 866 818 930 quonam
842 844 1046 909 modo
1076 844 1144 907 in
1174 843 1310 908 tuis
1342 844 1594 926 opibus
1626 843 1848 907 aliena
1875 842 2178 926 prebitas
2202 862 2506 908 numera-

296 951 503 1014 bitur?
569 948 682 1014 Ex
713 950 954 1034 quibus
984 948 1293 1011 omnibus
1322 947 1487 1010 nihil
1512 948 1750 1011 horum
1781 965 1937 1031 quae
1985 946 2055 1008 in
2085 946 2221 1010 tuis
2252 946 2301 983 ¹⁸
2334 965 2512 1011 com-

293 1059 481 1136 putas
513 1053 739 1131 bonis,
774 1057 961 1116 tuum
992 1069 1143 1114 esse
1173 1050 1420 1114 bonum
1452 1048 1715 1133 liquido
1740 1054 2172 1113 monstratur.
2246 1049 2511 1129 Quibus

292 1157 346 1219 si
370 1156 535 1221 nihil
563 1158 745 1221 inest
770 1153 1174 1239 appetendae
1205 1153 1743 1236 pulchritudiniS,
1786 1152 1953 1236 quid
2004 1159 2129 1230 est,
2175 1152 2359 1237 quod
2402 1154 2508 1217 vel

295 1259 561 1323 amissis
584 1267 635 1309 ¹⁹
659 1258 925 1337 doleaS,
946 1257 1055 1323 vel
1085 1257 1337 1322 laeteris
1353 1258 1628 1322 retentis
1654 1258 1684 1320 ‘l
1789 1255 1996 1335 Quod
2022 1258 2082 1320 si
2110 1265 2345 1322 natura
2365 1258 2511 1341 pul-

296 1362 447 1427 chra
470 1367 652 1443 sunt,
685 1360 848 1445 quid
877 1361 950 1426 id
979 1365 1093 1426 tua
1116 1360 1361 1424 refert?
1452 1358 1637 1425 Nam
1667 1359 1816 1424 haec
1852 1378 1974 1442 per
2003 1379 2078 1423 se
2111 1379 2154 1423 a
2184 1360 2321 1424 tuis
2344 1379 2512 1442 quo-

295 1484 416 1548 que
467 1466 720 1549 opibus
771 1458 1269 1549 sequest1·ata'‘¹
1332 1462 1773 1547 placuissent.
1896 1462 2135 1546 Neque
2181 1462 2360 1526 enim
2411 1461 2514 1526 id-

297 1568 471 1632 circo
491 1574 651 1632 sunt
681 1569 974 1651 pretiosa
1002 1567 1181 1652 quod
1214 1568 1286 1631 in
1317 1571 1472 1631 tuas
1505 1585 1743 1633 venere
1773 1566 2072 1645 divitiaS,
2119 1565 2239 1629 sed
2270 1565 2510 1649 quoni-

299 1690 398 1734 am
429 1672 742 1760 pretiosa
765 1671 1188 1751 videbantur,
1205 1671 1342 1735 tuis
1365 1691 1446 1736 ea
1463 1671 1716 1736 divitiis
1736 1688 2170 1735 annumerare
2197 1668 2514 1732 maluisti.

300 1771 478 1852 Quid
507 1769 741 1839 autem
772 1781 964 1839 tanto
993 1775 1279 1840 fortunae
1330 1774 1615 1859 strepitu
1655 1773 2051 1839 desideratis
2070 1769 2139 1836 2⁸¹
2227 1771 2512 1855 Fugare,

304 1878 525 1957 credo,
579 1876 1014 1960 indigentiam
1055 1878 1257 1961 copia
1286 1878 1657 1961 quaeritis.¹¹¹
1744 1876 1961 1961 Atqui
2005 1877 2138 1941 hoc
2190 1877 2389 1940 vobis
2447 1874 2518 1939 in

982 387 1107 438 PH!
1122 387 1503 437 LOSOPHIAE
1565 388 1710 436 LIB.
1756 387 1836 436 11.

356 2078 372 2111 ¹
406 2081 555 2130 Onus.
722 2079 745 2114 Ι
778 2080 1017 2145 Sejimctu.

1197 2082 1212 2114 1
1236 2081 1498 2133 Fortunam
1520 2086 1655 2132 tuam
1663 2082 1948 2148 frequenter
1968 2081 2261 2144 appellando,
2290 2082 2515 2141 tantoque

298 2157 513 2196 concursu
534 2149 809 2212 quaerendo.

1437 2227 1591 2247 ΜΟ

301 2303 539 2386 Rittersh.
573 2324 657 2374 An
692 2339 803 2374 vero
834 2326 1063 2387 longus..
1083 2361 1095 2375 .
1116 2360 1129 2375 .
1151 2326 1360 2375 moribus
1397 2327 1647 2376 sinte-17
1682 2327 1785 2377 Ma.
1824 2324 2021 2376 Erfurt.
2049 2326 2315 2391 perniciosa
2351 2309 2516 2372 domus

297 2393 360 2435 est
380 2390 719 2440 carcium—18
752 2392 950 2441 Thuan.
976 2392 1191 2456 primus,
1215 2393 1345 2456 Reg.
1365 2402 1587 2459 uterque
1608 2393 1753 2444 vict.
1777 2400 1831 2443 et
1852 2393 1991 2443 Flor.
2029 2408 2135 2455 quae
2157 2391 2234 2441 tu'i
2255 2391 2307 2439 in
2335 2389 2536 2440 tuisf*

1308 2549 1524 2599 NOTAE

302 2674 363 2710 ne
383 2676 413 2710 a
434 2661 648 2710 minima
670 2661 879 2727 quidem
910 2661 1062 2712 febre
1094 2669 1148 2713 te
1171 2664 1369 2727 poterit

301 2737 533 2790 liberare.
606 2740 879 2789 Lucretius
912 2741 946 2790 1.
974 2755 1039 2791 11.
1103 2742 1119 2768 ‘
1145 2742 1258 2790 Nec
1282 2755 1367 2789 ca-

302 2815 413 2866 lidae
438 2819 600 2867 citius
636 2817 897 2868 decedunt
930 2833 1153 2883 corpore
1176 2817 1370 2881 febres,

303 2893 592 2943 'sextilibus
615 2894 657 2943 si
680 2895 732 2943 in
757 2895 994 2959 picturis,
1017 2903 1263 2960 ostroque
1286 2909 1368 2945 ru-

309 2966 439 3018 benti
475 2969 735 3033 Jactaris,
778 2986 932 3035 quam
972 2974 1017 3021 ai
1063 2972 1271 3037 plebeia
1316 2973 1370 3022 in

310 3053 445 3096 veste
468 3049 771 3097 cubandum
799 3048 917 3098 est!

322 3160 331 3173 .
367 3122 389 3156 ¹¹
418 3126 502 3175 An
536 3141 651 3174 vero
696 3127 866 3188 longua
909 3130 1023 3176 ordo
1057 3127 1374 3193 famulorum]

309 3215 379 3253 vr.
418 3204 762 3268 Philosophia
802 3205 1007 3269 pariter*
1039 3208 1377 3270 demonstrat,

1453 2665 1553 2713 rito
1576 2664 1845 2715 concludit
1878 2663 2088 2715 beatum
2123 2663 2382 2713 hominem
2417 2677 2521 2712 non
2589 2686 2598 2691 -

1451 2756 1586 2804 esse,
1619 2741 1757 2806 qnod
1804 2743 2045 2806 pecnnia,
2088 2742 2319 2806 gemmi8‚
2362 2742 2524 2804 agris,

1452 2819 1705 2879 vestibus,
1720 2825 1776 2868 et
1791 2816 1997 2867 famulis
2012 2818 2261 2867 abundet.
2327 2816 2520 2866 Horat.

1452 2895 1627 2945 Carni.
1661 2908 1738 2945 ιν.
1780 2895 1885 2945 Od.
1925 2899 1975 2945 9.
2039 2894 2055 2923 ‘
2085 2896 2202 2945 Non
2249 2893 2521 2958 possiden-

1455 2979 1560 3022 tem
1596 2974 1758 3022 multa
1782 2974 2050 3023 vocaveris
2077 2974 2243 3023 Recte
2276 2973 2483 3021 beatum
2507 2987 2521 3019 ε

1454 3052 1650 3100 rectius
1701 3058 1928 3115 occupat
1977 3052 2182 3101 Nomen
2239 3048 2396 3111 beati,
2438 3048 2527 3113 qui

1456 3129 1694 3178 Deorum
1749 3129 2057 3179 Muneribus
2103 3128 2371 3191 sapienter
2428 3127 2524 3190 uti,

1457 3207 1757 3272 Duramqne
1775 3207 1937 3256 callet
1958 3206 2256 3271 pauperiem
2280 3204 2408 3269 pati,
2429 3205 2531 3254 Pe·

310 3277 612 3330 famulorum
654 3282 859 3332 turbam
901 3284 1172 3347 praedictae
1214 3286 1376 3334 menti
1448 3283 1638 3348 jusque
1672 3286 1781 3334 leto
1812 3282 2069 3348 flagitium
2100 3284 2268 3346 timet,
2288 3283 2408 3334 Non
2440 3283 2529 3331 ille

313 3367 407 3404 non
432 3372 553 3407 esse
586 3359 904 3422 pretiosam:
943 3361 1065 3424 qnia
1088 3359 1266 3419 famuli
1289 3362 1377 3410 isti

314 3432 389 3479 vel
420 3433 646 3497 improbi
686 3443 830 3497 sunt,
857 3437 938 3485 vel
975 3437 1140 3500 probi.
1204 3438 1259 3487 Si
1290 3440 1379 3488 im-

317 3509 477 3572 probi,
502 3519 707 3561 tantum
741 3512 891 3562 abest
932 3521 988 3564 ut
1020 3516 1228 3565 domino
1265 3531 1380 3581 pre·

317 3584 430 3635 tiosi
464 3588 589 3653 sint,
621 3595 682 3638 nt
720 3590 893 3653 potins
926 3592 940 3618 ‘
968 3593 1257 3655 perniciosa
1287 3593 1379 3642 do-

315 3677 420 3714 mna
454 3669 681 3731 sarcina,
715 3676 772 3716 et
806 3668 1016 3719 domino
1043 3672 1382 3721 vehementer

317 3737 554 3806 inimica,'
587 3743 785 3807 quippe
819 3745 909 3809 qui
940 3746 1060 3809 lege
1094 3748 1269 3797 divina
1306 3758 1381 3797 te-

321 3826 464 3866 netur
504 3817 757 3868 famulum
793 3829 849 3870 et
883 3837 914 3871 a
953 3823 1079 3872 vitio
1116 3826 1383 3874 retrabere

322 3898 371 3940 et
413 3894 476 3944 ad
521 3898 770 3947 virtutem
817 3914 1142 3962 promovere.
1210 3903 1378 3952 Hebr.

324 3972 397 4017 13.
434 3973 563 4037 ‘ipsi
618 3973 756 4023 enim
802 3976 991 4025 domini
1043 3978 1380 4043 pervigilant,

324 4049 460 4109 quasi
490 4050 740 4100 rationem
777 4067 870 4116 pro
908 4054 1175 4104 animabus
1208 4056 1379 4104 reddi-

326 4124 456 4175 turi?
520 4126 571 4175 Si
596 4141 718 4177 vero
759 4129 942 4192 probi:
975 4133 990 4158 ‘
1016 4146 1236 4196 quonam
1274 4147 1380 4181 mo-

325 4198 386 4248 do
410 4201 461 4249 in
489 4203 586 4252 tuis
605 4204 791 4269 opibus
823 4208 993 4257 aliena
1034 4209 1265 4272 probitas
1291 4224 1382 4258 nn-

327 4278 604 4332 merabitur
622 4281 660 4330 Ρ
711 4284 888 4334 Quare
912 4284 1251 4349 Philosophia
1276 4300 1382 4334 me-

1460 3375 1557 3424 pro
1594 3362 1725 3411 caris
1765 3361 1944 3410 amicis
1965 3361 2076 3412 Ant
2109 3361 2279 3425 patria
2317 3358 2528 3409 timidus

1462 3438 1668 3503 perire!
2015 3472 2016 3475 =

1528 3518 1541 3552 ¹
1592 3519 1922 3584 sequestrata]
1980 3519 2244 3583 sejuncta.
2309 3516 2527 3580 Sequen-

1465 3603 1628 3645 tratns
1659 3604 1828 3645 autem
1851 3596 2044 3646 dicitur
2067 3611 2097 3644 a
2120 3600 2406 3659 sequestro,
2428 3591 2529 3640 boc

1463 3687 1495 3721 a
1540 3681 1829 3736 sequester,
1872 3673 1960 3737 qni
2006 3680 2088 3720 est
2144 3671 2339 3720 arbiter
2393 3670 2532 3717 inter

1465 3756 1741 3815 utramque
1766 3756 1984 3814 partem,
2000 3750 2073 3798 sic
2097 3748 2317 3808 medius,
2334 3752 2393 3796 ut
2413 3761 2534 3795 nen-

1466 3828 1596 3874 trins
1613 3826 1919 3889 praejudicio
1940 3833 2086 3875 actus
2097 3825 2333 3889 judicet:
2352 3838 2543 3888 quemg

1463 3901 1741 3951 admodum
1777 3902 1894 3951 AEn.
1952 3915 2034 3951 x1.
2086 3917 2158 3952 νε.
2204 3906 2317 3951 133.
2382 3904 2397 3929 ‘
2439 3902 2531 3949 Bis

1465 3991 1617 4026 senos
1643 3978 1894 4041 pepigere
1913 3978 2043 4040 dies,
2068 3986 2143 4041 et,
2166 3993 2295 4042 pace
2318 3993 2530 4042 aeques-

1465 4053 1582 4105 tra.’
1649 4054 1757 4104 Sed
1801 4069 1903 4104 vox
1946 4054 2065 4118 iata,
2106 4052 2533 4120 ‘sequestratus,'

1463 4146 1568 4194 qua
1589 4131 1854 4181 Arnobius
1878 4132 1911 4182 l.
1933 4145 1985 4181 v.
2016 4133 2131 4183 adv.
2166 4132 2304 4182 Gen.
2328 4138 2383 4178 et
2406 4131 2530 4179 Cas-

1465 4209 1703 4258 siodorus
1735 4210 1774 4258 l.
1811 4223 1851 4260 1.
1893 4210 2018 4259 Var.
2059 4223 2176 4272 cap.
2210 4212 2258 4257 3.
2296 4213 2533 4271 utuntur,

1466 4285 1687 4349 purioris
1706 4285 2007 4336 Latinitatis
2027 4299 2131 4335 non
2159 4285 2380 4334 videtur.
