3049 4928
1022 418 1543 472 vnmosormzss
1591 425 1734 495 mn.
1783 428 1831 474 1.
2430 419 2528 514 ⁶⁹7

307 562 408 629 tet
435 563 513 622 ut
535 557 783 623 vulnus
807 559 1077 644 detegas
1115 566 1389 631 tuum.²0
1474 567 1650 634 Tum
1704 572 1867 657 ego¹
1908 572 2196 639 collecto
2240 575 2313 641 in
2344 578 2521 645 vires

304 661 606 735 animm*
673 659 871 728 Anne
904 663 1121 731 adhuc
1148 674 1297 750 eget
1348 670 1829 753 admonitione,
1868 696 1996 742 nec
2047 699 2168 762 per
2215 700 2290 743 se
2344 684 2517 747 satis

303 763 571 849 eminet,
609 762 891 831 fortunas
940 766 1011 831 in
1041 787 1163 833 nos
1217 771 1570 837 saevientis
1614 780 1995 862 ‘aspen-itas?
2087 780 2362 862 Nihilne
2411 791 2521 850 te’⁸

543 833 552 852 d

302 866 452 949 ipsa
503 865 653 932 loci
702 867 915 933 facies
936 877 961 915 ⁹
1007 873 1275 937 movet?
1342 873 1672 942 Haeccine
1719 886 1824 945 est
1851 879 2267 949 bibliotheca
2318 906 2515 972 quam

297 1119 304 1124 .
360 1072 376 1107 ¹
410 1076 676 1131 Boethius.
806 1093 842 1119 ¹¹·
873 1043 1159 1153 scapnam.
1289 1098 1315 1122 ’²
1352 1091 1399 1138 0
1419 1091 1741 1158 Philosophia.

297 1285 528 1338 Quidam
565 1292 721 1343 codd.
772 1296 930 1348 etiarn
982 1314 1075 1363 pro
1124 1302 1252 1352 Esne
1284 1302 1477 1353 habeut
1509 1304 1592 1354 An
1623 1305 1744 1363 ὄνος,
1782 1307 2008 1355 δια-20
2046 1306 2244 1355 Thuan.
2292 1306 2512 1370 primus,

298 1351 425 1416 Reg.
484 1355 631 1408 Flor.
680 1365 736 1409 et
778 1370 995 1428 uterque
1052 1366 1189 1416 Vict.
1241 1368 1429 1430 codex,
1472 1370 1592 1419 edd.
1640 1370 1832 1434 Delph.
1884 1369 2057 1419 Hack.
2115 1376 2298 1434 oportet
2346 1373 2513 1422 vulnus

291 1416 519 1479 &teg-m.-
554 1424 697 1487 quod
756 1426 910 1478 etiam
944 1430 1049 1481 Ms.
1097 1430 1295 1482 Erfnrt.
1338 1431 1599 1484 succincte
1636 1435 2053 1500 eleganterque„
2082 1443 2334 1485 censente
2383 1438 2514 1486 Sitt-

296 1494 503 1535 manno.
610 1487 676 1537 In
732 1491 836 1542 Ms.
892 1494 1142 1546 Rittersh.
1192 1504 1248 1547 et
1303 1499 1386 1549 ed.
1435 1499 1576 1550 Flor.
1628 1498 1687 1549 τὸ
1741 1506 1877 1550 tuum
1937 1500 2200 1551 abest.-l
2236 1502 2514 1567 ‘Interpo-

1311 1654 1363 1705 N
1367 1654 1527 1707 0¹1·AE

289 1752 603 1806 exhaeredes
621 1758 813 1811 suuto.’
850 1761 1172 1817 Alterutrum
1194 1774 1366 1820 autem
1449 1770 1620 1836 mique
1644 1769 1872 1822 affectio.
1915 1772 1931 1800 ‘
1950 1769 2170 1835 Vultus}
2185 1771 2270 1836 qui
2292 1776 2348 1821 ut
2373 1785 2512 1821 meu·

288 1844 352 1879 ex
373 1830 452 1882 his
475 1826 683 1884 dicitur
704 1837 770 1887 ad
789 1840 1184 1904 significandum
1205 1845 1364 1897 homi·
1447 1848 1517 1898 tis
1541 1848 1617 1898 sic
1640 1849 1826 1914 reliqui
1850 1848 2082 1913 corporis
2114 1863 2281 1898 sermo
2303 1849 2513 1914 quidam

287 1919 422 1972 nem,
440 1910 561 1974 qui,
582 1914 815 1976 quamvis
834 1931 989 1967 voces
1013 1921 1207 1982 patulis
1231 1923 1361 1976 auri·
1448 1924 1642 1974 tacitus
1665 1931 1764 1987 est,
1786 1932 1909 1975 ante
1931 1924 2128 1988 hilaris,
2161 1930 2287 1975 tunc
2327 1926 2509 1978 tristis.

289 1981 383 2033 bus
409 1987 674 2051 excipiat,
706 1991 982 2044 verborum
1008 2002 1180 2045 tamen
1204 1997 1362 2061 signi·
1386 2008 1391 2013 ’
1443 1999 1651 2051 Deinde
1671 2006 1860 2050 natura
1881 1999 2233 2065 Philosophiae
2253 2002 2509 2065 aperitur,

289 2057 589 2114 ficationem
631 2079 733 2116 non
767 2069 1013 2134 percipit.
1089 2072 1363 2125 Praeterea
1442 2080 1658 2145 antiqua
1677 2079 1776 2130 hac
1800 2078 2149 2145 Philosophiae
2190 2078 2511 2144 definitione,

288 2137 422 2190 idem
448 2141 710 2194 Boethius
741 2146 1096 2212 interrogatur
1115 2150 1180 2199 de
1202 2165 1359 2203 causa
1439 2156 1456 2183 ⁶
1491 2155 1778 2205 divinarum
1830 2156 2270 2221 humanarumque
2333 2170 2507 2205 rerum

291 2229 496 2268 suorum
534 2219 830 2286 ‘fletunm,’
878 2239 1086 2275 suarum
1135 2228 1151 2256 ⁸
1190 2228 1357 2293 lacry-

290 2306 483 2344 marum
501 2296 544 2347 ε’
568 2297 585 2325 ‘
601 2298 742 2351 Quid
761 2298 893 2352 fles?
951 2301 1091 2355 Quid
1113 2303 1355 2369 lacrymis

287 2384 461 2423 manas
477 2373 521 2425 ?’
558 2375 695 2440 quod
719 2386 935 2430 vocatur
958 2382 1069 2446 ejus
1102 2381 1118 2409 ⁸
1141 2383 1356 2448 vulnus,’

288 2448 534 2518 quodque
594 2452 611 2481 ‘
655 2454 936 2508 medicanti
1007 2458 1353 2526 Philosophiae

285 2533 498 2592 oportet
535 2530 785 2597 detegere
800 2533 832 2597 3⁹
867 2536 1073 2588 morbus
1094 2540 1231 2589 enim
1249 2555 1354 2590 non

284 2612 493 2657 sanatur
512 2606 713 2659 indicta
733 2610 1077 2679 ignorataque
1099 2615 1211 2680 ejus
1230 2630 1352 2667 cau-

281 2692 353 2735 sa.
419 2683 571 2736 Hinc
606 2685 946 2753 Philosophia
965 2690 1246 2743 Boethium
1285 2693 1353 2744 ad

264 2752 604 2824 *loquendum
624 2763 865 2817 hortatur
888 2767 964 2819 his
987 2768 1203 2820 Homeri
1239 2786 1351 2822 ver-

287 2832 382 2899 bis,
409 2836 632 2903 Ἐξαύδιῃ
662 2840 728 2902 μὴ
749 2844 881 2895 κεῦθε
897 2844 1005 2911 νόῳ,
1036 2847 1055 2876 ‘
1080 2848 1232 2913 Fare,
1252 2864 1353 2901 nec

285 2916 518 2975 occultes
540 2917 747 2969 animo!

345 2998 367 3034 ⁷
401 2994 527 3044 Loci
544 2995 731 3064 facies]
778 3015 842 3068 ιι,
884 3003 1134 3056 Boethius
1171 3007 1348 3058 memi-

283 3068 357 3119 nit
377 3072 770 3141 adjunctorum,
794 3080 1097 3144 quibuscum
1122 3090 1263 3148 ante,
1293 3092 1349 3135 et

285 3147 402 3197 tunc
449 3151 669 3216 excepit
705 3154 1130 3222 Philosophiam3
1181 3168 1243 3212 ut
1283 3177 1349 3213 ex

282 3223 551 3290 utriusque
573 3234 745 3279 status
764 3230 1065 3288 discrimine
1086 3238 1103 3266 ‘
1124 3236 1347 3289 fortuuae

283 3298 331 3347 iu
347 3300 520 3365 ipsum
540 3305 805 3358 saevientis
825 3312 1108 3375 asperitas'
1132 3330 1346 3380 coguos-

283 3382 423 3427 catur
443 3378 650 3445 abipsa
681 3382 1033 3454 Philosophia,
1070 3392 1218 3456 cujus
1253 3408 1344 3443 na·

288 3454 403 3501 tura
423 3460 483 3505 et
507 3458 727 3523 species,
759 3463 946 3527 quibus
979 3467 1230 3519 Boethius
1268 3470 1343 3519 in-

283 3533 514 3595 structus
548 3531 743 3600 fuerat,
777 3550 1158 3606 proponuntur.
1224 3545 1343 3596 Pri-

282 3615 414 3657 mum
438 3606 652 3672 quidem
675 3612 925 3677 adjuncta
958 3619 1088 3683 haec,
1122 3627 1244 3671 sunt
1266 3622 1341 3672 lo·

280 3693 381 3746 cns,
401 3683 630 3750 habitus,
654 3693 712 3740 et
731 3691 907 3742 vultus
930 3694 1157 3748 Boethii.
1201 3702 1216 3727 ⁸
1237 3698 1339 3748 Lo·

271 3762 390 3807 ,ων
408 3769 536 3813 ante
571 3761 678 3816 fuit
709 3765 726 3796 ‘
749 3766 1091 3822 bibliotheca’
1120 3775 1235 3825 sive
1266 3776 1339 3827 lo·

281 3844 367 3883 cus
410 3837 685 3906 librorum,
716 3844 863 3911 cujus
913 3848 929 3876 ‘
966 3849 1233 3915 parietes,’
1281 3858 1341 3904 ut

280 3906 411 3963 infra
432 3913 662 3981 dicetur,
695 3928 848 3971 erant
880 3923 898 3952 ⁴
930 3924 1093 3977 ebore
1117 3942 1179 3979 ac
1200 3928 1339 3980 vitro

281 3990 480 4042 comtiz’
533 3996 717 4059 quales
780 4013 896 4051 esse
960 4013 1341 4059 consueverant

282 4065 428 4137 aedes-
455 4068 702 4139 divitum,
739 4081 878 4138 teste
923 4078 1148 4132 Horatio
1188 4083 1226 4133 l.
1270 4098 1335 4137 n.

280 4140 446 4196 Carm.
470 4146 576 4200 Od.
604 4153 689 4202 18.
721 4153 737 4181 ‘
760 4153 959 4206 Locus'
983 4164 1109 4209 tunc
1131 4164 1212 4210 est
1230 4176 1336 4211 sor-

280 4217 420 4289 didus
444 4231 500 4275 et
520 4227 774 4280 obscurus
798 4247 996 4286 carcer.
1046 4237 1062 4265 ‘
1082 4236 1337 4289 Habitus'

280 4303 392 4351 ante
436 4300 592 4368 bona,
625 4311 747 4356 tuuc
786 4310 923 4359 mala
956 4313 1187 4377 corporis
1229 4316 1334 4366 aui-

401 4379 575 4447 Delph.
594 4386 649 4434 ef
672 4386 782 4440 γαν.
807 4390 932 4440 Clas.

1438 2235 1660 2286 scientia
1674 2240 1709 2287 ι’
1739 2237 1755 2265 ‘
1771 2235 2143 2302 Philosophus’
2163 2237 2318 2301 enim,
2341 2238 2510 2304 inquit

1437 2312 1640 2363 Tullius
1663 2328 1702 2363 1.
1735 2313 1802 2364 de
1839 2314 1993 2364 Orat.
2028 2315 2112 2365 ‘is
2139 2321 2238 2378 est,
2273 2317 2361 2382 qui
2402 2333 2508 2368 om-

1436 2388 1577 2439 nium
1623 2405 1816 2450 rerum‘
1842 2391 2134 2442 divinarum
2194 2400 2354 2459 atque
2412 2394 2507 2444 hu-

1434 2481 1703 2519 manarum
1728 2474 1968 2520 naturam
1992 2485 2277 2536 causasque
2300 2471 2512 2522 noscit!

1434 2543 1542 2593 Sed
1562 2559 1664 2595 nou
1684 2560 1788 2595 una
1803 2553 1885 2597 est
1909 2546 2048 2611 apud
2066 2554 2305 2599 auctores
2322 2548 2505 2600 horum

1431 2614 1801 2672 ¹vocabulorum
1856 2623 2256 2688 interpretatio:
2302 2620 2506 2692 'nostro

1423 2696 1626 2760 judicio
1643 2698 1726 2748 hic
1748 2699 1764 2727 ‘
1783 2714 1867 2749 res
1887 2699 2076 2750 divinae
2090 2699 2104 2721 ’
2128 2707 2253 2752 sunt
2274 2707 2508 2766 mentes;

1430 2772 1446 2800 ‘
1470 2771 1582 2821 res’
1621 2787 1744 2822 vero
1777 2773 1793 2801 ‘
1816 2773 2074 2823 humanae’
2109 2783 2231 2826 sunt
2252 2791 2502 2840 corpora:

1432 2863 1549 2899 cum
1586 2850 1722 2899 enim
1762 2865 1907 2900 mens
1929 2850 2094 2900 omnis
2136 2851 2207 2902 sit
2242 2860 2334 2902 aut
2358 2853 2517 2904 Deus¹

1421 2920 1527 2977 'aut
1544 2927 1663 2977 Deo
1685 2928 1885 2993 similis,
1917 2943 2021 2979 non
2042 2928 2133 2979 abs
2151 2945 2209 2980 re
2233 2931 2503 2982 vocabitur

1430 3005 1447 3033 ‘
1473 3019 1558 3055 res
1596 3004 1832 3056 divina2’
1867 3004 2106 3056 similiter
2148 3021 2264 3056 cum
2310 3021 2499 3073 corpus

1430 3092 1581 3132 omne
1614 3079 1684 3133 sit
1707 3090 1800 3133 aut
1834 3083 2116 3147 humanum
2151 3089 2241 3133 aut
2275 3082 2499 3134 humano

1431 3159 1617 3222 simile,
1649 3161 1844 3225 poterit
1884 3160 2041 3210 etiam
2084 3161 2186 3212 dici
2236 3163 2253 3189 ⁸
2289 3176 2370 3210 res
2406 3163 2498 3213 hu-

1428 3235 1614 3287 mana-¹
1695 3235 1879 3286 Omnis
1940 3244 2116 3289 autem
2163 3238 2499 3304 Philosophia

1428 3318 1666 3366 versatur
1688 3312 1742 3362 iu
1765 3313 1985 3363 scientia
2007 3315 2197 3366 mentis
2227 3322 2281 3365 et
2314 3331 2497 3382 corpo-

1426 3388 1514 3452 ris,
1551 3404 1855 3457 eorumque,
1890 3392 2078 3458 quibus
2119 3394 2237 3443 duae
2273 3393 2374 3443 inae
2411 3409 2494 3444 res

1426 3465 1565 3517 affici
1607 3474 1848 3532 possunt,
1894 3469 2181 3519 modorum.
2248 3470 2494 3537 Denique

1428 3543 1777 3610 Philosophiae
1832 3544 2058 3611 specieS,
2111 3547 2298 3613 quibus
2359 3548 2496 3598 Boe}-

1425 3622 1564 3672 thius
1599 3622 1882 3676 instructus
1926 3624 2139 3691 dicitur,
2188 3627 2271 3679 hic
2315 3644 2493 3681 nume·

1425 3707 1611 3751 rantur
1659 3707 1786 3766 tre8‚
1819 3717 2006 3769 nempe
2042 3706 2058 3733 ‘
2077 3705 2346 3772 Physica,’
2375 3723 2491 3773 quae

1420 3777 1437 3804 ⁶
1461 3784 1665 3828 natnrae
1708 3787 1916 3831 secreta
1961 3782 2218 3847 rimatur,'
2254 3784 2352 3834 hoc
2391 3793 2497 3847 est,

1422 3856 1439 3883 ⁶
1462 3854 1616 3904 valde.
1639 3856 1843 3921 quaerit,
1865 3858 1947 3908 vel
1983 3858 2036 3908 in
2068 3859 2211 3909 rimis
2238 3876 2438 3927 quoqne
2455 3862 2491 3914 ε’

1420 3932 1557 3983 sicut
1578 3933 1678 3983 hoc
1700 3934 1915 3985 verbum
1949 3936 2337 4001 interpretatur
2367 3939 2492 3989 Fes-

1420 4015 1536 4072 tus3
1584 4009 1601 4038 ⁸
1637 4009 2007 4075 Astronomia,'
2040 4028 2156 4080 quae
2202 4015 2220 4043 ‘
2260 4014 2487 4065 siderum

1420 4084 1529 4135 vias
1552 4084 1698 4136 radio
1722 4086 1971 4137 describit
1989 4086 2026 4150 ;’
2056 4088 2155 4139 hoc
2185 4097 2288 4154 est,
2322 4089 2489 4155 virga,

1418 4177 1520 4226 qua
1544 4158 1821 4228 descriptis
1852 4164 2153 4230 quibusdam
2196 4165 2375 4230 figuris
2399 4181 2486 4216 va·

1401 4238 1507 4299 *riae
1532 4245 1785 4289 terrarum
1809 4241 2029 4306 coelique
2055 4250 2231 4305 partes
2253 4241 2322 4291 ob
2360 4257 2483 4308 oeu-

1401 4315 1494 4377 los
1520 4323 1812 4387 ponuntur-3
1848 4325 1901 4367 et
1930 4321 1945 4346 ‘
1968 4318 2152 4369 Ethica
2169 4318 2182 4340 ’
2205 4320 2310 4370 sive
2336 4321 2351 4348 ‘
2369 4321 2483 4370 Mo·

1322 4396 1499 4448 Rom,
2054 4405 2059 4410 ’
2331 4403 2379 4468 G
