3049 4928
529 401 658 468 166
1225 418 1533 467 Boss'rfflt
1586 420 1683 467 ns
1733 419 2042 469 consor„

532 569 902 649 penetrent,
955 583 1106 628 cum
1156 565 1629 648 tempestivum
1673 565 1892 645 fuerit,
1946 566 2340 633 admovebo.
2446 567 2741 634 Verum-

532 674 752 732 tamen
778 687 858 731 ne
896 673 963 732 te
994 668 1308 733 miserum
1336 669 1714 735 existimari
1748 678 1766 708 ¹
1818 670 2028 749 velis3
2073 690 2163 735 an
2210 669 2561 737 numerum
2590 693 2742 738 mo-

536 769 828 853 dumque
851 780 987 836 tuae
1011 772 1351 838 felicitatis
1366 781 1392 808 ⁸
1418 773 1673 839 oblitus
1694 794 1768 838 es
1790 775 1820 837 ’ἱ
1866 772 2095 839 Taceo
2117 774 2300 857 quod
2324 773 2746 839 desolatum-²

533 879 868 956 parente,“
885 871 911 911 ¹²
940 893 1348 940 summorum
1368 881 1434 941 te
1455 876 1744 941 virorum
1768 896 1931 942 cura
1952 878 2280 960 suscepit,
2297 876 2765 962 delectusque·

537 975 606 1039 in
657 974 1041 1042 affinitatem
1093 979 1478 1063 principum
1531 982 1870 1060 civitatiS,⁰
1932 980 2119 1065 quod
2168 980 2749 1064 pretiosissimum

538 1079 1069 1162 propinquitatis
1097 1102 1303 1166 genus
1330 1088 1451 1162 est,
1478 1079 1665 1168 prius
1695 1104 1913 1163 carue,
1943 1103 2145 1169 quam
2183 1083 2538 1167 proximus
2587 1102 2753 1156 csse

604 1255 632 1278 ¹·
666 1246 909 1311 Defuncto
923 1254 1081 1314 patre.

1469 1331 1792 1354 000010Μο
1796 1334 1824 1353 0

541 1387 747 1458 W⁴aket2
773 1408 839 1458 ad
864 1411 1071 1463 Lucret.
1097 1427 1183 1465 ιιι.
1204 1413 1320 1466 948.
1356 1416 1485 1481 legit
1520 1417 1623 1466 sint
1644 1450 1687 1468 ..
1704 1448 1718 1463 .
1738 1416 1904 1466 mellea
1939 1414 2294 1464 dulcedine—1
2339 1411 2630 1463 Existimat-i
2660 1412 2761 1461 mi·

541 1488 694 1524 serum
718 1476 912 1540 Delpb.
934 1486 990 1528 et
1014 1479 1285 1531 flach-2
1320 1482 1447 1533 Mss.
1473 1482 1724 1533 Rittersh.
1748 1482 1897 1532 Taceo
1923 1483 2042 1545 qaod
2069 1481 2462 1531 derelictum—3
2497 1479 2512 1507 ‘
2529 1478 2759 1528 Duorum

1533 1603 1757 1655 NOTAE
1790 1617 1795 1621 ·

540 1698 721 1748 morbo
740 1698 1081 1760 contrarium,
1102 1698 1336 1750 morbum
1356 1700 1574 1764 expellit
1588 1716 1604 1749 z

545 1782 826 1840 propterea
842 1775 858 1803 ‘
878 1775 1162 1825 remedium
1181 1775 1194 1796 '
1214 1774 1407 1827 dicitur
1425 1792 1455 1826 a
1483 1776 1498 1804 ‘
1512 1773 1607 1839 re,'

546 1851 686 1916 quod
706 1858 786 1901 est
805 1853 821 1880 ‘
834 1850 1056 1914 contra‚’
1074 1858 1131 1901 et
1152 1851 1168 1879 ‘
1184 1852 1380 1902 mederi
1396 1852 1428 1899 τ’
1451 1868 1608 1917 prop·

546 1933 692 1977 terea
715 1928 872 1976 etiam
898 1927 1138 1977 Ciceroni
1172 1928 1189 1957 ‘
1213 1929 1356 1978 nulla
1374 1929 1609 1979 remedia

548 2018 663 2068 quae
687 2003 988 2053 vulneribus
1020 2004 1349 2070 adhibentur,
1388 2012 1494 2057 tam
1533 2006 1611 2057 fa-

548 2081 695 2131 ciunt
718 2080 967 2143 dolorem,
992 2096 1146 2146 quam
1169 2097 1283 2148 quae
1314 2091 1437 2135 sunt
1475 2084 1609 2135 salu·

551 2157 714 2207 taria.’
780 2158 855 2208 At
898 2159 1180 2209 remedium
1223 2176 1255 2210 a
1302 2162 1609 2225 corporibus

549 2233 868 2285 transfertur
906 2235 1063 2285 etiam
1105 2237 1168 2287 ad
1219 2244 1440 2303 mentes,
1492 2254 1608 2305 quae

552 2313 825 2362 contrariis
847 2328 1052 2378 quoque
1067 2322 1331 2366 sanantur.
1383 2320 1435 2366 2.
1456 2318 1471 2344 ‘
1486 2318 1617 2367 Con·

501 2415 506 2420 ·
553 2388 764 2439 tumax'
799 2389 1009 2453 dicitur,
1041 2392 1181 2455 quod
1204 2400 1473 2443 contracto
1493 2408 1618 2459 quo·

556 2467 674 2516 dam
698 2467 807 2516 sive
828 2467 980 2517 animi
1005 2468 1114 2518 sive
1129 2470 1363 2534 corporis
1399 2478 1618 2537 tumore,

558 2552 615 2595 et
637 2543 897 2595 difficilius
920 2546 1202 2611 disjicitur,
1221 2555 1278 2598 et
1307 2550 1493 2614 majori
1524 2550 1618 2600 im-

556 2627 686 2687 petu
710 2622 929 2673 incurrit
951 2631 1297 2675 commotum:
1325 2627 1461 2678 sicut
1482 2628 1620 2677 enim

559 2699 626 2749 ab
665 2701 854 2762 audeo,
895 2702 1101 2765 audax3
1136 2719 1168 2752 a
1213 2712 1389 2768 teneo,
1436 2711 1621 2766 tenax3

558 2776 634 2826 sie
648 2792 680 2826 a
691 2784 985 2842 contumeo,
1000 2786 1307 2830 contumaxz
1328 2780 1446 2832 hinc
1460 2781 1622 2832 etiam

561 2854 730 2904 oritur
777 2857 793 2884 ‘
825 2855 1175 2919 contumelia,’
1225 2857 1361 2921 quod
1397 2859 1510 2908 haec
1557 2858 1627 2909 sit

561 2929 755 2993 injuria
775 2930 842 2981 ab
866 2931 1057 2993 animo,
1077 2933 1166 2997 qui
1185 2931 1325 2983 fastu
1350 2941 1550 2984 tumeat
1563 2949 1626 2985 ac

563 3013 790 3072 turgeat,
846 3007 1100 3073 profecta.
1163 3013 1212 3060 3.
1252 3009 1268 3037 ‘
1286 3010 1625 3063 Fomentum’

560 3085 689 3135 illud
710 3086 1175 3150 appellatur-,quod
1201 3086 1393 3137 doloris
1416 3101 1629 3138 causam

564 3165 753 3214 leviter
770 3164 1043 3227 movendo,
1058 3172 1314 3215 tumorem
1330 3166 1537 3216 videtur
1553 3165 1630 3217 fo-

565 3255 690 3290 vere
710 3256 773 3290 ac
792 3242 1007 3293 mollire.
1074 3241 1180 3293 Hic
1204 3249 1376 3292 autem
1398 3243 1634 3294 Philoso-

566 3317 687 3381 phia
707 3316 863 3367 tidem
885 3334 1031 3369 suam
1069 3320 1287 3370 liberatt
1321 3321 1635 3384 promiserat

568 3394 706 3443 enim
731 3392 842 3443 fore
861 3402 919 3444 ut
941 3395 1165 3447 Boethio
1193 3397 1420 3449 curando
1438 3398 1636 3447 leviora

571 3470 814 3534 primum,
848 3470 1041 3520 deinde
1076 3473 1311 3534 graviora
1348 3473 1632 3524 adhiberet.

571 3545 893 3609 Propterea,
924 3547 940 3574 ‘
964 3561 1081 3610 quae
1104 3536 1495 3613 inprofundum
1519 3565 1634 3602 sese

572 3621 892 3685 penetrent,’
925 3623 1115 3687 inquit,
1165 3625 1181 3652 ‘
1202 3639 1320 3674 cum
1368 3629 1634 3692 tempesti-

571 3712 691 3764 vum
712 3697 896 3761 fuerit,
919 3698 1245 3749 admovebo.'

637 3780 662 3806 ⁸
693 3774 772 3824 An
792 3790 1032 3824 numerum
1052 3779 1323 3842 modumque
1341 3785 1436 3830 tuoe
1466 3781 1631 3842 felici-

573 3850 717 3914 tatis]
751 3865 813 3902 11.
850 3852 1183 3917 Philosophia
1200 3866 1470 3909 enumerat
1486 3859 1635 3925 bona,

579 3942 695 3990 quae
731 3926 1000 3988 Boethius,
1044 3930 1207 3981 veluti
1255 3931 1385 3984 duce
1408 3932 1636 3997 fortuna,

575 4004 785 4054 videtur
797 4005 1077 4069 accepisse,
1091 4005 1310 4058 afferens
1320 4013 1531 4061 eorum‘
1545 4027 1640 4061 nu-

553 4080 791 4135 merum’
806 4085 894 4131 et‘
915 4082 1171 4147 modum3'
1202 4085 1330 4148 sive,
1355 4094 1411 4135 nt
1426 4087 1642 4153 loquun-

581 4165 687 4218 tur,
703 4157 1050 4222 quantitatem
1065 4166 1120 4208 et
1138 4161 1475 4223 qualitatem:
1499 4164 1646 4212 nimi

583 4250 696 4283 rum
715 4242 864 4299 quot,
898 4240 953 4284 et
975 4236 1146 4299 qualia
1168 4233 1382 4286 fuerint.

646 4311 670 4346 ὓ
702 4311 980 4360 Desolatum
1012 4309 1229 4373 parente]
1277 4312 1509 4364 Primum
1540 4317 1646 4382 qui.

1685 1699 1804 1748 dem
1830 1697 2084 1750 Boethius
2126 1712 2256 1762 puer
2279 1695 2588 1762 perhibetur
2626 1692 2761 1745 felix

1686 1773 1845 1826 fuisse
1889 1774 2229 1826 curatoribus.
2316 1771 2574 1823 Nimirum
2618 1769 2763 1820 Boi}-

1689 1852 1824 1902 thins
1863 1851 2016 1916 hujus
2048 1851 2213 1902 nostri
2258 1848 2467 1899 Boethii
2489 1849 2620 1896 alius
2644 1845 2757 1897 fuit

1689 1943 1836 1991 avus,
1869 1928 2182 1992 aliuspater.
2247 1925 2417 1987 Avus,
2450 1938 2569 1974 cum
2603 1923 2763 1976 Prae·

1687 2003 1940 2055 secturam
1974 2003 2225 2054 Praetorii
2252 2006 2480 2066 gereret,
2513 2014 2546 2047 a
2564 2000 2773 2048 Valen-

1691 2082 1888 2132 tiniano
1929 2082 2242 2145 imperatore
2278 2093 2382 2128 una
2436 2091 2555 2125 cum
2597 2075 2766 2126 Aetio

1689 2159 1925 2209 Patricio
1947 2158 2194 2208 innocens
2210 2156 2263 2204 in
2280 2154 2487 2205 Palatio
2506 2151 2767 2204 interfec-

1693 2242 1779 2287 tus
1823 2242 1923 2298 est,
1963 2249 2096 2284 anno
2133 2232 2326 2283 Christi
2364 2234 2478 2281 455.
2514 2231 2588 2279 ait
2623 2229 2766 2278 enim

1700 2312 2037 2363 Cassiodorus
2075 2312 2128 2359 iu
2163 2308 2449 2360 Chronico:
2487 2306 2503 2334 ‘
2525 2304 2682 2354 Aetio
2709 2310 2770 2355 et

1701 2389 1885 2440 Studio
1921 2386 2253 2449 Consulibus,
2274 2384 2460 2436 Aetius
2497 2379 2769 2431 Patricius

1699 2467 1753 2517 in
1787 2467 1997 2516 Palatio
2035 2479 2192 2515 manu
2217 2459 2566 2512 Valentiniani
2587 2458 2771 2523 Impe-

1698 2545 1889 2592 ratoris
1915 2542 2181 2592 extinctus
2211 2548 2319 2590 est:
2352 2538 2601 2588 Boethius
2639 2550 2771 2588 vero

1701 2618 1994 2670 Praefectus
2032 2617 2277 2667 Praetorii
2317 2616 2496 2667 amicis
2529 2615 2643 2679 ejus
2668 2614 2770 2664 cir-

1701 2693 2078 2745 cumstantibus
2093 2694 2311 2744 interem
2319 2692 2439 2744 tus.'
2462 2693 2628 2743 Pater
2643 2705 2775 2742 vero

1703 2772 1889 2824 eodem
1929 2772 2150 2821 Boethio
2189 2785 2378 2836 puero,
2409 2770 2558 2821 obiit.
2608 2770 2772 2820 ‘Hinc

1703 2860 1881 2902 noster
1925 2849 2177 2901 Boethius
2221 2849 2417 2899 dicitur
2465 2849 2481 2877 ‘
2505 2848 2773 2898 desolatus

1706 2937 1927 2995 parente
1943 2928 1977 2976 τ’
2001 2935 2056 2978 at
2075 2928 2327 2993 ejusmodi
2344 2927 2623 2978 amicorum
2647 2941 2776 2978 cura

1706 3021 1838 3070 puer
1856 3004 2110 3056 Boethius
2134 3004 2406 3068 educatus,
2436 3009 2492 3052 et
2517 3004 2779 3064 Athenas,

1709 3082 2099 3148 disciplinarum
2118 3083 2346 3147 omnium
2362 3080 2599 3130 notitiam
2615 3080 2778 3145 adep-

1711 3168 1878 3224 turus,
1898 3160 2079 3210 missus
2102 3167 2201 3211 est.

1775 3244 1798 3272 ⁰
1825 3238 2128 3300 Deiectusque
2140 3236 2195 3286 in
2215 3235 2495 3302 affinitatem
2508 3234 2778 3300 principun

1711 3313 1950 3377 civitatis]
1990 3313 2196 3363 Deinde
2219 3313 2468 3363 Boethius
2491 3312 2688 3363 dicitur
2708 3311 2782 3363 fe-

1714 3390 1786 3439 lix
1820 3390 2032 3453 soceris,
2054 3391 2212 3438 Festo
2246 3388 2503 3453 nimirum,
2538 3394 2595 3438 et
2630 3390 2780 3454 Sym-

1713 3469 1916 3530 macho,
1948 3465 2268 3531 principibus
2284 3465 2532 3516 civitatis.
2588 3466 2779 3516 Festus

1714 3545 1945 3611 quidem,
1976 3551 2032 3594 et
2048 3543 2385 3607 Symmachus
2399 3541 2613 3592 fuerunt
2638 3544 2781 3608 prin-

1714 3622 1857 3686 cipes
1899 3621 2129 3671 civitatis
2170 3621 2451 3670 Romane:
2485 3635 2604 3670 nam
2639 3622 2657 3650 ‘
2680 3621 2782 3671 Pa·

1715 3698 1854 3749 tricii
1885 3700 2070 3748 Festus
2106 3703 2163 3746 et
2198 3696 2569 3761 Symmachus}
2614 3697 2786 3763 inquit

1715 3779 1982 3829 Ennodius
2004 3778 2270 3828 Paraenesi
2286 3778 2616 3842 didascalica,
2640 3780 2657 3809 ‘
2676 3795 2783 3829 om-

1722 3857 1862 3907 nium
1901 3856 2292 3920 disciplinarum
2320 3855 2538 3904 materia
2575 3861 2632 3904 et
2665 3871 2792 3907 con·

1723 3939 1922 3982 stantes
1945 3931 2119 3982 forma
2141 3931 2433 3995 sapientiae,
2454 3929 2519 3980 ab
2545 3931 2675 3980 urbe
2707 3946 2787 3980 sa-

1723 4010 2014 4060 cratissima
2055 4022 2159 4057 non
2201 4005 2472 4057 recedunt.
2560 4007 2624 4056 In
2658 4007 2788 4073 ipsis

1721 4094 1803 4138 est
1827 4087 2010 4136 nobilis
2047 4085 2217 4134 Curiae
2260 4082 2609 4146 Principatas,
2654 4099 2785 4149 qnos

1724 4165 1937 4226 vidisse,
1959 4161 2154 4212 erudiri
2180 4158 2297 4209 est!
2365 4159 2532 4209 Iidem
2571 4159 2787 4210 fuerunt

1725 4241 1892 4292 soceri
1930 4237 2153 4302 Boethii,
2184 4235 2379 4301 quippe
2418 4236 2506 4299 qui
2559 4236 2788 4286 duxerat

1726 4317 1965 4382 Elpidem
1987 4314 2146 4365 filiam
2168 4313 2329 4371 Festi,
2347 4320 2400 4363 et
2418 4312 2514 4363 hac
2534 4313 2787 4366 defuncta
