3049 4928
505 381 635 447 156

1198 408 1286 455 Bo
1299 408 1507 457 nTHu
1562 409 1656 460 DE
1703 413 2014 466 coNSOL.

678 548 953 615 Dudum
983 555 1367 621 tremendos
1400 576 1589 623 saeva
1615 564 1897 643 proterit
1930 561 2211 649 RegeS,‘¹

673 651 1155 740 Humilemque
1187 658 1353 725 victi
1384 661 1695 729 sublevat
1723 664 1941 732 fallax
1970 671 2263 753 vultum3
2290 682 2311 710 ⁸

672 752 837 819 Non
865 755 986 821 illa
1014 759 1294 826 miseros
1319 762 1548 828 audit:
1568 772 1590 800 ⁸
1630 766 1807 832 haud
1840 778 2032 838 curat
2051 781 2071 811 ¹
2117 772 2368 857 fietus;
2674 782 2719 845 5

669 854 994 944 Ultroque
1021 863 1310 944 gemitus
1339 864 1508 932 dura
1536 888 1706 952 quos
1736 871 1921 953 fecit,
1952 874 2168 942 ridet.t

669 954 788 1025 Sic
819 960 941 1026 illa
967 963 1190 1044 ludit,¹¹
1235 967 1338 1033 sic
1370 988 1533 1035 suas
1556 974 1800 1057 probat
1829 978 2001 1042 vires
2021 998 2039 1059 ;
2063 987 2091 1013 ⁷

494 1144 779 1194 madentis
795 1161 817 1205 ,-
836 1144 1040 1206 for-tuna
1061 1150 1268 1201 maelis
1286 1156 1526 1205 conculcat
1547 1156 1702 1207 subito
1717 1158 1959 1224 principes
1977 1165 2267 1226 metuendos,
2297 1169 2346 1215 et
2375 1164 2550 1216 statim
2577 1182 2715 1218 men·

493 1208 593 1256 dax
608 1210 754 1270 erig-it
769 1216 908 1275 caput
930 1212 1161 1274 abjectum
1182 1215 1385 1269 hominis
1402 1219 1605 1272 subacti.
1683 1223 1809 1274 Hoec
1829 1240 1922 1274 non
1943 1227 2078 1275 audit
2099 1229 2300 1294 afflictos
2312 1246 2330 1281 .-
2360 1246 2455 1280 non
2474 1232 2713 1295 flectitur

489 1271 731 1338 lacrymis,
748 1281 794 1325 et
813 1278 939 1327 ridet
958 1285 1121 1343 sponte
1135 1287 1340 1348 questus,
1356 1299 1552 1350 quorum
1573 1286 1679 1351 ipsu
1695 1289 1897 1339 medelis
1912 1296 1983 1341 est
2004 1307 2164 1344 causa.
2229 1294 2315 1345 Sic
2331 1294 2539 1355 furtum
2559 1297 2712 1359 ludit,

1493 1417 1708 1469 NOTAE

488 1526 636 1571 tanto
652 1522 850 1589 impetu
865 1528 1107 1591 recurrit,
1125 1535 1185 1580 ut
1197 1536 1381 1582 ventos
1395 1531 1556 1584 etiam

487 1611 548 1646 ac
593 1598 757 1660 plenis
801 1602 929 1650 velis
978 1605 1186 1671 navigia
1232 1606 1553 1659 frustreturz

483 1673 623 1737 quod
638 1674 886 1747 ‘nimirum
924 1693 1071 1744 aquae
1110 1682 1212 1732 huc
1252 1684 1555 1748 praecipites

483 1748 735 1813 oincibus
752 1754 929 1804 insulis
942 1756 1171 1822 undique
1188 1760 1549 1811 remittanturt

483 1832 763 1888 propterea
796 1843 934 1880 nunc
964 1831 1154 1882 dicitur
1185 1836 1201 1863 ‘
1222 1836 1552 1885 exaestuans-⁹

481 1900 661 1967 Atque
675 1904 798 1955 inde
813 1904 1009 1957 factum
1027 1916 1125 1972 est,
1141 1917 1199 1960 ut
1215 1910 1445 1977 fortuna,
1462 1929 1548 1965 co·

480 1978 667 2039 gitatin
689 1980 930 2046 humana,
954 1993 1043 2035 aut
1065 1988 1314 2051 quaelihet
1337 1990 1440 2040 alia
1460 2004 1545 2041 res

480 2057 756 2108 mutationi
800 2059 954 2111 valde
997 2059 1238 2128 obnoxia,
1279 2065 1547 2118 diceretur

475 2131 646 2182 instar
660 2135 841 2200 Euripi
859 2136 1179 2193 inconstans.
1209 2143 1545 2208 Philosophia

477 2208 681 2260 demum
724 2227 861 2275 eam,
906 2230 1061 2279 quam
1098 2218 1270 2268 soluta
1308 2221 1544 2272 oratione

476 2286 767 2351 inceperat,
792 2288 1020 2343 fortunae
1059 2293 1398 2346 inconstantis
1424 2312 1543 2362 pro·

474 2362 737 2414 bationem
776 2368 1012 2418 versibus
1045 2371 1371 2435 continuans,
1405 2376 1542 2439 ejus·

472 2440 593 2491 dem
627 2441 1028 2497 inconstantiam
1050 2449 1283 2500 ostendit
1305 2451 1461 2502 etiam
1484 2453 1540 2503 in

476 2517 723 2582 Regibus.

536 2602 560 2636 ’ἃ
581 2596 797 2648 Protei-it
812 2599 997 2665 Reges]
1014 2603 1243 2653 Fortuna
1259 2604 1537 2670 aliquando

467 2670 607 2736 ipsos
630 2675 789 2725 etiam
814 2677 987 2741 Reges
1006 2685 1061 2729 et
1078 2680 1422 2744 imperatores
1445 2682 1537 2733 im-

468 2750 614 2814 perio
638 2758 693 2801 et
716 2760 980 2817 potestate
1003 2757 1167 2806 exuit.
1218 2756 1307 2807 Sic
1336 2758 1352 2787 ‘
1372 2759 1534 2809 Lace·

466 2827 751 2897 daemonii,'
770 2838 830 2880 ut
851 2833 927 2882 ait
951 2832 1197 2898 AElianus,
1230 2836 1246 2865 ‘
1268 2848 1385 2885 cum
1401 2836 1534 2886 The-

466 2902 716 2954 banorum
739 2905 930 2957 domini
969 2917 1162 2973 essent,
1201 2910 1332 2961 adeo
1357 2927 1534 2963 rursus

465 2979 531 3031 sb
553 2980 657 3031 illis
696 2981 910 3035 fuerunt
948 2985 1170 3050 subacti,
1204 2994 1263 3038 ut
1296 2988 1532 3039 Thebani

464 3070 569 3108 nou
613 3061 781 3111 solum
830 3062 1248 3128 Peloponnesum
1295 3067 1533 3130 perveni·

464 3143 597 3199 rent,
636 3148 813 3189 verum
853 3140 1014 3191 etiam
1052 3143 1305 3192 Eurotam
1345 3143 1531 3195 transi-

463 3221 597 3274 rent,
615 3219 673 3263 et
691 3216 1201 3270 Lacedaemoniorum
1223 3228 1415 3271 terram
1439 3221 1528 3272 de-

460 3291 766 3358 vastarent!
825 3294 931 3356 Sic,
972 3295 1229 3348 referente
1254 3297 1529 3349 Ammiano

458 3365 790 3431 Marcellino,
815 3369 1093 3435 Dionysius
1116 3376 1351 3438 gentium
1371 3391 1529 3440 quon·

459 3441 579 3492 dam
624 3450 791 3495 terror
831 3446 1066 3499 Corinthi
1121 3451 1359 3503 literario
1402 3454 1528 3503 ludo

460 3516 744 3583 prmfectus
767 3520 888 3573 fuit.

523 3599 552 3624 Γ·
583 3593 715 3644 Victa·
750 3596 963 3647 sublevat
986 3598 1153 3659 fallax
1183 3601 1388 3665 vultum]
1421 3604 1523 3659 Ea·-

456 3667 577 3718 dem
599 3667 811 3721 fortuna
834 3673 1002 3724 victos
1027 3691 1398 3741 nonnunquam
1420 3680 1522 3729 eri-

455 3744 549 3810 git.
592 3747 682 3796 Sic
705 3747 721 3776 ‘
739 3748 995 3812 Amyntas
1018 3752 1271 3803 Macedo'
1294 3769 1361 3803 ex
1385 3769 1518 3818 prae-

453 3821 597 3873 dicto
619 3823 837 3887 AEliano,
870 3826 888 3854 ‘
906 3841 1023 3877 cum
1044 3828 1110 3878 ab
1135 3830 1328 3880 accolis
1361 3830 1519 3882 finiti-

452 3899 651 3964 misque
682 3900 927 3953 Barbaris
958 3904 1130 3955 victus
1161 3920 1376 3970 regnum
1403 3922 1517 3972 per-

453 3978 690 4042 didisset,
700 3981 970 4032 statuebat
978 3983 1119 4048 apud
1132 3983 1355 4036 animum
1370 4001 1519 4037 suum

454 4055 719 4120 regionem
741 4057 899 4107 etiam
936 4059 991 4108 in
1028 4059 1325 4110 universum
1363 4062 1517 4112 relin-

355 4124 358 4125 ’
451 4147 640 4196 quere,
656 4140 859 4184 tantum
883 4141 944 4185 ut
960 4135 1120 4186 vitam
1142 4137 1337 4187 salvam
1361 4145 1417 4188 et
1437 4138 1517 4188 in·

450 4210 703 4260 columem
727 4226 939 4263 servare
962 4219 1155 4276 posset.
1201 4214 1338 4264 Dum
1361 4215 1413 4264 in
1433 4215 1513 4264 his

450 4288 634 4338 anxius
652 4297 851 4355 ageret,
861 4291 1076 4357 ,quidam
1090 4291 1293 4344 adeum
1311 4291 1512 4344 dictum

1629 1533 1928 1599 Hellopidae
1952 1537 2184 1599 protulit.
2227 1537 2415 1603 Itaque
2438 1547 2705 1605 occupato

1625 1609 1716 1660 illo
1752 1612 1867 1662 loco
1892 1613 2231 1680 collectisque
2253 1615 2526 1680 militibus,
2548 1632 2705 1669 recu-

1626 1688 1834 1751 peravit
1876 1688 2186 1754 imperium!
2263 1691 2351 1741 Sic
2394 1705 2463 1741 ex
2507 1693 2702 1744 eodem

1624 1771 1858 1829 auctore,
1876 1766 1892 1795 ‘
1908 1766 2045 1817 Dion
2064 1766 2345 1833 Hipparini
2365 1767 2504 1818 filius
2527 1769 2581 1820 in
2607 1784 2699 1820 ex-

1621 1840 1767 1891 ilium
1787 1843 1972 1893 missus
1995 1858 2027 1893 a
2042 1844 2303 1909 Dionysio
2320 1860 2438 1895 cum
2457 1845 2536 1895 bis
2552 1847 2697 1897 mille

1622 1918 1869 1969 militibus
1891 1934 2008 1970 eum
2028 1935 2204 1971 rursus
2227 1922 2567 1985 expugnavit.
2608 1922 2697 1974 Ita

1622 1994 1818 2059 effecit,
1840 2004 1898 2048 ut
1919 1998 1973 2048 in
1993 2013 2093 2063 quo
2109 2004 2249 2050 statu
2266 1998 2584 2068 ipsexfuisset
2606 2015 2697 2051 an-

1620 2078 1728 2134 tea,
1757 2073 1811 2122 in
1835 2088 1951 2124 eum
1965 2074 2076 2138 jam
2100 2090 2207 2126 suae
2230 2076 2546 2127 calamitatis
2569 2090 2695 2128 auc-

1621 2154 1787 2198 torem
1814 2148 2161 2201 detruderet.'
2224 2150 2400 2217 Atque
2433 2152 2548 2204 haec
2583 2153 2691 2203 for·

1619 2230 1762 2277 tunae
1784 2227 2090 2278 vicissitudo
2111 2234 2314 2279 tantum
2332 2229 2525 2279 malum
2544 2230 2688 2281 vide·

1617 2292 1723 2365 tur,
1744 2304 1878 2354 hanc
1901 2310 1960 2354 ut
1982 2304 2121 2354 inter
2135 2311 2338 2355 ceteras
2358 2305 2686 2357 calamitates

1614 2379 1936 2444 imprecetur
1974 2380 2211 2445 Megaera
2251 2379 2392 2445 apud
2435 2381 2686 2432 Senecam

1614 2457 1666 2506 in
1709 2458 1940 2523 Thyeste
1980 2473 2054 2508 vs.
2088 2460 2171 2508 33.
2203 2456 2219 2486 ‘
2240 2456 2416 2515 Dubia
2442 2456 2684 2509 violentae

1564 2546 1567 2547 ’
1613 2535 1796 2584 domus
1831 2535 2059 2585 Fortuna
2097 2548 2251 2599 reges
2287 2535 2427 2583 inter
2454 2535 2684 2586 incertos

1612 2611 1776 2662 labet.
1839 2612 2009 2663 Miser
2029 2625 2095 2659 ex
2118 2617 2336 2675 potente
2356 2610 2472 2672 fiat,
2496 2626 2564 2661 ex
2586 2612 2681 2662 mi-

1613 2704 1729 2741 sero
1745 2694 1953 2753 potens,
1971 2689 2269 2755 Fluctuque
2289 2703 2506 2754 regnum
2529 2703 2680 2740 casus

1608 2767 1815 2818 assiduo
1838 2765 2011 2817 ferat!

1673 2849 1714 2909 ’ᾗ
1727 2846 1842 2896 Non
1864 2846 1950 2894 illa
1971 2845 2162 2894 miseros
2181 2843 2342 2908 audit]
2391 2844 2679 2894 Fortunam

1607 2922 1803 2986 quippe
1822 2922 2054 2973 insanam
2074 2935 2190 2970 esse
2209 2926 2265 2969 et
2281 2934 2471 2970 caecam
2488 2927 2545 2970 et
2564 2920 2684 2970 bru·

1608 3005 1714 3048 tam
1752 2998 2032 3062 perhibent
2070 2996 2390 3062 Philosophi,
2426 3011 2494 3046 ex
2527 2996 2677 3047 Cice-

1606 3089 1748 3124 rone.
1894 3115 1901 3119 .

1672 3150 1690 3182 ‘
1728 3150 1950 3213 Uaroque
1979 3148 2190 3211 gemitus
2222 3149 2344 3199 dura
2375 3162 2491 3212 quos
2529 3147 2676 3212 fecit,

1602 3226 1754 3289 ridet]
1790 3227 1996 3275 Durum
2018 3231 2100 3275 est
2124 3231 2178 3274 te
2201 3224 2372 3275 ridere
2393 3238 2513 3274 eum
2538 3239 2675 3288 μετ

1604 3303 1782 3352 sertim
1809 3302 1986 3367 quiex
2008 3301 2168 3352 beato
2189 3300 2361 3352 factus
2381 3307 2466 3351 est
2479 3301 2671 3362 miser-3

1603 3387 1746 3429 tuam
1761 3379 1895 3428 enirn
1908 3377 2310 3427 misericordiam
2327 3377 2502 3442 potius
2515 3391 2671 3442 quam

1602 3455 1758 3505 risum
1782 3455 1870 3505 ille
1890 3455 2118 3505 deberet
2139 3467 2456 3519 provocare:
2491 3454 2673 3507 (liuius

1600 3545 1739 3595 eum,
1778 3532 1926 3596 cujus
1963 3531 2186 3580 miserias
2225 3530 2450 3595 injustus
2486 3537 2673 3585 aucto:
2723 3596 2728 3601 .

1601 3605 1798 3683 fii-erin
1833 3607 1967 3657 tanti
1991 3607 2126 3656 enim
2150 3606 2376 3659 criminis
2404 3613 2458 3656 te
2495 3605 2668 3670 potius

1600 3689 1872 3748 oporteret
1906 3683 2190 3747 poenitere:
2225 3681 2316 3730 sed
2339 3682 2673 3741 durissimum

1599 3761 1655 3810 id
1697 3767 1885 3824 sponte
1925 3759 2112 3824 exequi
2133 3774 2150 3820 3
2202 3759 2484 3809 necessitas
2517 3758 2667 3814 enim

1599 3851 1701 3901 qua
1727 3836 2003 3901 aliquando
2038 3835 2195 3886 etiam
2232 3834 2385 3885 inviti
2421 3835 2670 3896 ridemus,

1601 3918 1781 3975 posset
1801 3910 2053 3975 ejusmodi
2073 3911 2205 3959 risus
2225 3909 2668 3969 atrocitatemmi·

1600 4002 1796 4038 nuere:
1831 4002 1946 4037 cum
1982 3987 2144 4050 igitur
2177 3985 2388 4036 fortuna
2428 3989 2566 4043 ultro
2601 3988 2668 4037 ri·-

1599 4064 1724 4114 deat
1743 4063 1979 4125 miseros,
2009 4076 2138 4127 quos
2174 4063 2292 4126 ipsa
2312 4061 2447 4113 feeit
2467 4062 2668 4129 inique,

1595 4139 1785 4190 merito
1809 4152 1946 4187 nunc
1969 4143 2190 4189 vocatur
2222 4137 2238 4166 ‘
2257 4137 2424 4188 dura.'
2507 4204 2509 4208 Α
2660 4192 2665 4199 ‚

1656 4223 1679 4249 ¹¹
1714 4214 1800 4265 Sic
1822 4214 1908 4264 illa
1928 4213 2076 4276 ludit]
2111 4213 2318 4265 Ludere
2337 4213 2427 4263 ille
2450 4213 2664 4278 dicitur,

1592 4293 1690 4358 qui*
1727 4300 1924 4344 temere
1967 4291 2064 4340 buc
2105 4291 2334 4355 illucque
2373 4289 2669 4368 discurritg
