3049 4928
630 401 936 451 8013:an
986 405 1083 454 DE
1127 406 1435 458 coNSot..
1482 406 1920 459 PHI'LOSOPH.
1969 412 2115 461 mn.
2165 415 2213 460 1.

334 551 528 604 arator,
563 542 644 593 Ad
658 546 788 611 juga
812 557 1083 604 moerentes
1094 551 1247 615 cogit
1263 550 1389 602 frus·

332 627 476 669 trata
491 620 786 683 juvencos
821 625 971 675 Idem.

399 697 592 746 Cereris
613 698 742 763 fide]

330 772 624 824 Cassiodor.
649 788 684 825 ι.
726 775 848 827 Var.
880 779 1052 842 Epist.
1085 786 1165 832 35.
1219 783 1385 834 ‘Cum

325 849 596 897 stellarum
635 865 733 901 non
775 857 1118 917 mergentium
1161 859 1384 909 lucidum

328 923 470 973 sidus
497 926 642 975 tendi
663 927 880 978 carbasa
914 928 1224 984 festinanter
1258 935 1385 985 invi-

323 1005 426 1058 tet,
450 1007 508 1050 et
541 1002 678 1051 ae'ria
699 1005 869 1053 sereni
900 1005 1028 1056 fides
1066 1013 1387 1072 properanti·

325 1091 410 1125 um
430 1086 661 1141 nequeat
686 1088 803 1130 vota
822 1085 1059 1134 terrere.'
1093 1086 1244 1136 Idem.

392 1154 614 1209 Quernas
649 1163 822 1220 pergat
863 1162 925 1208 ud
970 1161 1182 1226 arbores]
1240 1165 1383 1230 Sym-

323 1230 495 1281 macb.
536 1233 623 1282 lib.
659 1247 713 1283 x.
748 1236 914 1300 Epist.
953 1244 1035 1290 54.
1071 1242 1087 1269 ‘
1115 1243 1384 1306 sylvestri-

323 1306 420 1357 bus
445 1309 668 1359 arbustis
702 1313 809 1364 vita
846 1317 1167 1381 producitur,
1199 1328 1255 1370 et
1278 1337 1384 1370 rur-

320 1398 407 1433 sus
431 1386 498 1434 ad
521 1388 819 1439 Dodonaeas
841 1394 1049 1444 arbores
1075 1397 1240 1460 plebis
1275 1413 1383 1448 rus-

322 1460 441 1509 ticae
492 1462 666 1527 inopia
711 1471 1061 1521 convolavit)
1111 1472 1226 1522 vide
1265 1490 1380 1539 quae

320 1536 452 1586 Not.
477 1539 542 1587 ad
571 1541 702 1592 Met.
734 1558 788 1593 v.
809 1560 880 1598 vs.
903 1551 953 1596 5.
971 1546 1060 1597 lib.
1069 1562 1145 1597 ιι.
1180 1549 1329 1600 Idem.

384 1612 687 1677 Purpureum
735 1622 918 1685 nemus]
982 1623 1242 1674 Usitatum
1297 1632 1380 1676 est

316 1688 531 1751 optimis
551 1695 868 1759 auctoribus,
903 1705 962 1748 ut
1001 1699 1246 1764 quicquid
1280 1702 1380 1751 for-

312 1766 575 1833 mositate,
590 1772 956 1837 pulcritudine,
976 1778 1276 1828 amoenitate
1297 1785 1380 1830 est

313 1846 668 1909 conspicuum,
709 1851 762 1900 id
822 1867 934 1902 esse
989 1856 1378 1921 ‘’purpureum

311 1919 513 1985 dicant,
553 1927 747 1988 speciei
783 1930 1031 1981 vocabulo
1071 1948 1165 1997 pro
1186 1950 1374 1996 genere

312 2000 502 2059 posito.
556 2002 1050 2071 Virgil.Eclog.1x.
1102 2011 1117 2039 ‘
1140 2012 1244 2061 Hic
1262 2014 1372 2063 Ver

310 2087 649 2142 purpureum,
688 2082 858 2132 varios
895 2083 980 2134 hic
1020 2083 1231 2136 fiumina
1273 2089 1371 2139 cir-

308 2165 428 2201 cum
453 2154 646 2205 Fundit
667 2157 848 2208 humus
867 2159 1059 2214 flores!
1077 2164 1264 2216 Tibull.
1281 2167 1368 2219 lib.

309 2240 351 2275 1.
377 2228 525 2293 Eleg.
547 2244 622 2282 ιν.
647 2248 721 2283 vs.
743 2239 826 2286 29.
861 2238 877 2265 ‘
901 2237 1068 2290 Quam
1107 2240 1212 2291 cito
1247 2256 1369 2305 pur-

309 2317 499 2366 pureos
522 2306 764 2372 deperdit
791 2319 931 2363 terra
951 2316 1166 2368 colores.
1169 2318 1184 2340 ’
1246 2319 1367 2369 Val.

308 2380 550 2447 Flaccus,
585 2385 678 2436 lib.
715 2383 766 2437 1.'
807 2389 823 2416 ‘
849 2390 1067 2442 Placida
1096 2402 1153 2442 et
1186 2395 1367 2445 mediis

304 2454 367 2509 in
379 2455 641 2511 frontibus
659 2462 809 2514 baesit
823 2466 1070 2518 Protinus
1087 2470 1368 2534 amborum,

304 2533 586 2600 lumenque
608 2538 819 2590 innoxia
830 2541 1005 2595 fundit
1017 2545 1366 2610 Purpureum,

304 2611 512 2662 miseris
531 2614 651 2664 olim
671 2616 996 2682 implorabile
1019 2623 1224 2672 nautis?
1278 2626 1368 2675 OE-

304 2700 444 2737 none
489 2688 766 2756 Ovidiana,
818 2696 989 2760 Epist.
1042 2698 1263 2750 Heroid.
1315 2705 1366 2749 5.

299 2761 315 2789 ‘
341 2763 620 2828 Purpureo
667 2783 779 2820 sum
825 2772 987 2836 magis
1037 2781 1163 2838 apta
1214 2775 1366 2826 toro.’

301 2839 318 2867 ‘
344 2839 457 2890 Aer
490 2846 817 2911 purpureus,'
858 2850 997 2914 apud
1032 2853 1274 2905 Lactant.
1311 2853 1365 2903 iu

228 2932 233 2936 ·
300 2917 673 2982 Pboeuice,vs.
696 2928 780 2973 55.
813 2925 964 2977 Idem.

371 2995 498 3045 Cum
513 2999 655 3048 soevis
673 3001 987 3065 Aquilonibus
1004 3007 1211 3057 stridens
1238 3022 1362 3058 cam-

294 3085 389 3133 pus
410 3072 691 3140 inhorruit]
706 3079 893 3142 Virgil.
916 3094 960 3132 1.
980 3083 1176 3148 Georg.
1209 3085 1362 3150 ‘Spi-

300 3148 521 3211 ceajam
534 3154 729 3217 campis
751 3170 868 3206 cum
882 3160 1060 3208 messis
1078 3161 1363 3213 inhorruit!

297 3225 537 3276 Seneca
522 3242 576 3277 ιιι
597 3230 816 3294 Hippol.
839 3248 913 3283 vs.
938 3239 1083 3286 1028.
1147 3238 1362 3288 ‘-Inhor

298 3302 406 3351 ruit
425 3308 972 3359 concussus‘undarum
995 3313 1207 3374 globus.'
1239 3314 1317 3365 Id.

373 3379 550 3430 Vernos
568 3385 803 3447 stringere
836 3388 1080 3453 palmites]
1115 3391 1299 3455 virgil.
1322 3407 1358 3441 ι.

297 3455 491 3521 Georg.
528 3458 546 3486 ‘
563 3461 631 3509 Et
652 3459 826 3526 fragili
837 3463 948 3527 ιἰαιιι
970 3467 1228 3531 stringent
1243 3470 1359 3519 bor-

296 3532 400 3581 dea
424 3534 627 3585 culmo!
658 3537 810 3588 Idem.

362 3612 605 3662 Autumno
622 3615 803 3679 potius]
828 3618 1037 3668 Lucret.
1051 3620 1142 3671 lib.
1159 3635 1199 3671 1.
1233 3621 1251 3649 ‘
1267 3623 1356 3671 Vi-

295 3693 379 3735 tes
403 3686 668 3740 Autumno
689 3689 836 3742 fundi
851 3695 1069 3746 sudante
1090 3697 1357 3749 videmus.’

360 3840 586 3905 Misceri]
633 3842 699 3892 Id
737 3850 817 3894 est
840 3848 1056 3912 turbari,
1080 3866 1110 3899 a
1131 3866 1223 3900 suo
1244 3850 1354 3901 offi-

293 3915 377 3966 cio
399 3917 511 3966 sive
533 3918 835 3971 inconcussa
868 3924 1157 3976 stabilitate
1181 3941 1355 3977 move·

294 3994 359 4042 ri.
413 3993 666 4045 Phaedrus
691 3998 780 4047 lib.
808 4014 847 4048 1.
871 4000 997 4049 Fab.
1014 4016 1078 4051 ιι.
1098 4006 1112 4032 ⁸
1138 4002 1355 4054 Athenae

293 4084 416 4119 cum
438 4069 689 4124 florerent
718 4076 879 4139 aequis
919 4077 1121 4139 legibus
1143 4079 1354 4128 Procax

294 4148 513 4199 libertas
536 4151 804 4201 civitatem
827 4152 1067 4205 miscuit.’
1098 4153 1352 4218 Apuleius

293 4224 384 4275 lib.
421 4240 527 4275 vn.
574 4227 591 4255 ‘
615 4242 927 4290 procurrens
972 4230 1025 4277 in
1058 4230 1352 4281 cubiculum

240 4316 247 4323 ·
292 4300 606 4353 clamoribus
628 4302 877 4370 inquietis
900 4310 1091 4354 cuncta
1114 4306 1351 4356 miscuit!

2382 399 2515 465 453

1440 531 1619 602 Mart.
1644 553 1984 616 capenam»
2018 569 2072 605 v.
2106 555 2171 605 de
2182 557 2512 612 Rhetorica·

1461 628 1714 680 ‘Athenis
1735 646 1857 681 vero
1880 632 2091 695 curiam,
2110 635 2386 698 gymnasia,
2408 638 2513 689 the·

809 702 1003 752 ‘Fides
1043 702 1214 766 ιιὲιίε,’
1251 704 1384 768 apud
1424 713 1677 770 *atraque
1726 722 1820 770 pro
1859 707 2073 758 arbitrio
2127 708 2407 774 reflexisse,
2449 729 2512 764 ac

1461 788 1624 832 totam
1668 782 1902 833 funditus
1945 784 2206 835 Graeciam
2245 787 2512 838 miscuisse

1458 855 1762 910 ferebatur.'
1799 861 1947 911 Idem.

1523 935 1884 986 Nec...Misceri
1917 936 2103 1000 patitur
2136 939 2281 1003 vices]
2316 940 2511 991 Tibull.

1457 1011 1493 1060 l.
1517 1025 1559 1060 1.
1597 1012 1739 1076 Eleg.
1780 1027 1862 1062 ιν.
1896 1029 1977 1066 vs.
1999 1019 2082 1064 20.
2147 1018 2162 1044 ‘
2186 1016 2368 1066 Annus
2400 1018 2513 1082 agit

1456 1095 1599 1137 certa
1615 1089 1786 1138 lucida
1802 1091 1943 1154 signa
1967 1091 2117 1141 vice.’
2147 1093 2268 1142 Val.
2292 1093 2509 1145 Flaccus

1454 1163 1544 1213 lib.
1584 1178 1623 1213 1.
1679 1166 1695 1194 ‘
1722 1165 1929 1215 Summe
1971 1174 2135 1229 sator,
2196 1168 2279 1217 cui
2327 1178 2507 1219 nostra

1455 1239 1568 1289 dies
1609 1242 1930 1291 volventibus
1970 1244 2115 1292 anuis
2149 1245 2249 1294 Tot
2286 1247 2514 1309 peragit,

1455 1313 1724 1381 reficitque
1742 1318 1908 1366 vices:
1946 1324 2101 1368 tuane
2118 1319 2218 1368 ista
2236 1318 2507 1373 voluutas.)

1455 1390 1609 1440 Idem.

1515 1466 1601 1515 Sic
1620 1469 1740 1530 quod
1757 1468 2021 1532 praecipiti]
2068 1469 2256 1518 Senec.
2289 1467 2349 1519 in
2385 1468 2505 1520 OEd.

1453 1556 1527 1592 vs.
1549 1547 1663 1593 909.
1727 1546 1742 1572 ‘
1769 1545 2029 1609 Quicquid
2052 1545 2277 1595 excessit
2298 1546 2504 1597 modum

1451 1619 1659 1670 Pendet
1680 1620 1906 1670 instabili
1927 1623 2070 1672 loco.’
2101 1623 2250 1672 Idem.

1517 1698 1713 1747 Certum
1728 1733 1742 1749 .
1759 1732 1775 1749 .
1792 1733 1805 1749 .
1822 1698 2055 1761 ordinem]
2123 1699 2502 1751 Quintilianus:

1451 1773 1468 1801 ‘
1489 1773 1536 1823 N
1544 1788 1605 1824 ec
1626 1776 1748 1824 mibi
1769 1776 2009 1828 videntur
2024 1791 2198 1827 errare
2219 1778 2308 1842 qui
2331 1777 2501 1841 ipsam

1449 1865 1620 1901 rerum
1661 1859 1896 1903 naturam
1919 1859 2058 1903 stare
2081 1853 2259 1903 ordine
2284 1860 2500 1916 putant:

1450 1942 1552 1992 quo
1593 1928 1825 1992 confuso,
1872 1931 2105 1993 peritura
2143 1935 2263 1979 sunt
2297 1928 2504 1984 omnia!

1449 2004 1711 2069 Orpbeus,
1746 2006 1795 2054 in
1842 2007 2136 2069 Fragment.
2176 2006 2242 2056 de
2279 2007 2399 2056 Deo
2432 2008 2505 2056 lo·

1447 2096 1608 2145 quens
1627 2100 1639 2131 ε
1665 2082 1733 2141 Σὺ
1748 2080 1837 2143 μὲν
1858 2082 1907 2132 ἐν
1922 2082 2107 2146 ἄστροις
2120 2080 2253 2145 Τάξιε
2267 2080 2500 2134 &mahhe-

1442 2172 1592 2206 τοισιν
1612 2157 1930 2223 ἐφημοσύνῃσι
1949 2157 2201 2224 τρέχουσα.
2236 2160 2386 2218 Idam,

1507 2234 1696 2284 PnosA
1717 2240 1766 2285 6.
1838 2238 1986 2301 Operi
2006 2252 2091 2287 suo
2118 2238 2373 2301 proesidere
2392 2253 2498 2288 oon-

1440 2310 1640 2360 ditorem
1661 2312 1817 2362 Deum
1846 2312 1963 2375 scio]
2011 2313 2279 2363 Salvianus
2301 2313 2393 2364 lib.
2417 2328 2497 2365 iv.

1441 2385 1510 2435 de
1535 2387 1676 2437 Gub.
1700 2389 1837 2439 Dei:
1879 2390 1895 2417 ‘
1919 2390 2056 2440 Quid
2095 2390 2231 2440 enim
2271 2396 2377 2439 tam
2414 2390 2497 2440 fu-

1446 2462 1634 2514 riosum
1677 2473 1777 2524 est,
1819 2481 1970 2531 quam
2024 2472 2084 2515 ut
2126 2467 2330 2532 aliquis,
2378 2481 2497 2517 cum

1444 2538 1612 2587 Deum
1644 2547 1930 2590 creatorem
1954 2555 2124 2590 rerum
2146 2540 2370 2590 omnium
2393 2556 2497 2592 non

1441 2621 1621 2677 neget,
1655 2616 2052 2678 gubernatorem
2076 2617 2267 2680 neget?
2301 2624 2357 2668 et
2376 2632 2494 2668 cum

1438 2687 1688 2739 factorem
1731 2706 1841 2740 esse
1875 2689 2119 2756 fateatur,
2158 2691 2299 2742 dicat
2325 2695 2497 2757 ,negli-

1422 2781 1566 2830 gere
1591 2782 1706 2832 quae
1734 2766 1861 2818 fecit
1874 2767 1912 2817 Ρ·
1958 2770 2107 2820 Idem.

1502 2845 1786 2893 Memorium
1841 2860 2011 2893 maror
2064 2845 2321 2910 hebetavit]
2388 2847 2494 2900 Qui

1429 2912 1702 2970 *memoriae
1721 2921 2089 2970 conservandae
2109 2928 2376 2986 praaeepta
2392 2930 2497 2972 tra-

1437 2997 1639 3061 didere,
1683 2998 2017 3062 praecipiunt,
2060 2997 2334 3062 fugiendas
2378 3015 2491 3051 esse

1436 3073 1726 3137 hujusmodi
1749 3074 2168 3138 perturbationes
2185 3075 2356 3137 animi,
2374 3090 2491 3139 quae

1435 3151 1694 3200 memoriae
1712 3149 1941 3201 officiant
1964 3164 2116 3215 quam
2137 3149 2375 3200 maxime.
2410 3151 2489 3200 Id.

1502 3229 1581 3277 Hi
1598 3229 2005 3291 perturbationum
2027 3241 2176 3276 mores
2196 3231 2243 3275 et
2262 3240 2317 3275 eu
2337 3228 2494 3276 oulen·

1434 3306 1506 3354 tia
1527 3305 1620 3368 est]
1654 3306 1760 3355 Me.
1784 3300 2039 3355 Rittersb.
2074 3303 2150 3352 Hi
2178 3303 2487 3366 perturbatio-

1433 3397 1544 3431 num
1559 3397 1709 3432 mores
1721 3387 1851 3445 sunt,
1863 3398 1919 3431 ea
1930 3382 2139 3431 volentia
2152 3386 2241 3430 est.
2275 3380 2340 3429 In
2359 3381 2490 3430 lianc

1434 3466 1609 3508 autem
1658 3459 1968 3509 sententiam
2025 3456 2181 3506 etiam
2234 3455 2491 3505 Pindarus

1434 3534 1647 3600 Olymp.
1686 3535 1789 3584 od.
1823 3539 1873 3584 7.
1906 3534 1965 3583 Αἱ
1998 3531 2051 3582 δὲ
2079 3535 2257 3597 φρενῶν
2288 3531 2492 3596 ταραχαὶ

1430 3610 1743 3676 Παρέπλαξαν
1761 3609 1839 3660 καὶ
1860 3609 2025 3674 σοφόν.
2084 3611 2231 3659 Idem.

1498 3689 1659 3738 Falsis
1677 3688 1972 3752 opinionibus
1988 3686 2265 3748 induantur]
2282 3715 2287 3721 -
2305 3685 2491 3734 Manu·

1432 3767 1645 3831 scriptia
1672 3766 1830 3816 Falsis
1845 3764 2209 3829 opinationibus.
2232 3762 2381 3811 Belle
2406 3761 2491 3811 ei-

1430 3859 1552 3893 cero
1572 3844 1983 3894 Tusculanarum
2011 3842 2365 3894 Quaestionum
2398 3838 2486 3890 lib.

1428 3935 1510 3971 lv,
1541 3923 1556 3947 ‘
1576 3920 1845 3970 Definiunt
1877 3928 2051 3970 autem
2082 3918 2238 3967 animi
2269 3921 2487 3979 aegrota-

1429 3999 1654 4059 tionem,
1671 3997 2019 4060 opinationem
2040 3996 2395 4046 vehementem
2419 3992 2486 4040 de

1429 4089 1483 4125 re
1508 4089 1609 4123 non
1633 4073 1947 4137 expetenda,
1965 4080 2206 4136 tauquam
2223 4068 2374 4118 valde
2396 4081 2487 4117 ex-

1426 4152 1658 4219 petenda
1695 4152 1764 4201 sit
1795 4151 2153 4213 inhaerentem,
2188 4154 2244 4197 et
2276 4146 2485 4251 penitus

1427 4228 1673 4280 insitam.’
1708 4230 1936 4279 Bernart.

1494 4305 1640 4354 Hunc
1670 4305 1917 4368 paulisper
1938 4301 2117 4352 lenibus
2148 4298 2481 4351 mediocribus·
