3049 4928
2374 373 2502 438 143

298 531 464 598 dinis
493 539 636 599 tuae
679 532 1026 610 rationem,
1079 533 1192 598 vel
1243 533 1503 600 aditum
1548 532 2061 600 reconciliandae
2088 535 2510 619 sospitatis!

299 634 568 701 inveni.‘³
661 635 841 700 Nam
870 636 1188 719 quoniam
1236 637 1330 701 tui
1376 638 1719 703 oblivione
1751 637 2233 716 confilnderi3‚¹'
2272 644 2339 702 et
2383 658 2500 704 ex-

296 738 491 817 ulem,
522 747 598 804 et
624 740 1085 823 exspoliatum
1116 748 1164 789 ¹⁷
1203 741 1494 825 propriis
1520 743 1713 806 bonis
1743 761 1898 807 esse
1924 741 2220 806 doluisti.
2311 739 2500 819 Quo-

289 842 465 905 niam
498 852 696 921 ver0‚'
716 842 870 926 quis
916 844 1006 907 sit
1034 863 1251 907 rerum
1282 842 1459 922 finis,
1492 845 1806 927 ignoras:
1848 863 2138 928 nequam
2171 844 2497 923 homines,

297 951 492 1029 atque
532 946 852 1023 nefarios„
899 951 1227 1028 potenteS,
1270 944 1638 1031 felicesque
1686 947 2058 1012 arbitraris.
2151 945 2502 1025 Quoniam

297 1064 469 1125 vero,
496 1049 756 1132 quibus
784 1047 1251 1132 gubernaculis
1277 1049 1562 1113 mundus
1594 1055 1878 1131 regatur,
1929 1048 2185 1114 oblitus
2226 1068 2327 1127 eS,
2375 1049 2501 1120 has

294 1151 699 1217 fortunarum
730 1152 919 1217 vices
938 1162 967 1201 ε
1008 1152 1360 1217 existimas
1391 1154 1530 1218 sine
1561 1159 1817 1218 rectore
1842 1153 2126 1218 fluitare.
2220 1153 2496 1236 Magnae

297 1273 419 1318 non
449 1254 539 1320 ad
572 1256 878 1320 morbum
910 1255 1132 1332 modo,
1161 1275 1393 1319 verum
1426 1254 1514 1319 ad
1564 1256 1895 1320 interitum
1944 1276 2210 1340 quoque
2253 1274 2502 1322 causae.

299 1355 423 1423 Sed
471 1356 875 1441 sospitatis*
918 1357 1179 1423 auctori
1207 1355 1475 1440 grates}
1502 1356 1689 1443 quod
1718 1362 1780 1422 te
1809 1359 2107 1423 nondum
2138 1364 2352 1423 totum
2385 1379 2500 1423 na-

993 357 1516 436 mansorum
1560 388 1705 435 ms.
1754 388 1800 435 1.

350 1577 381 1621 s
407 1581 614 1633 Salutis.

299 1650 424 1695 sunt.

777 1590 806 1624 8
842 1582 1064 1633 Forhmae
1098 1595 1334 1645 prospere
1368 1583 1415 1630 et
1447 1582 1678 1633 adversa.
1812 1582 1838 1616 ⁵
1872 1583 2073 1635 Salutis.
2201 1582 2218 1617 ¹
2254 1583 2505 1634 Habenda

1214 1726 1247 1744 O

300 1806 421 1875 Scio,
441 1809 629 1875 inquit,
663 1811 813 1862 morbi
853 1811 1075 1863 tua—1⁷
1097 1811 1167 1861 Et
1188 1810 1370 1859 exulem
1387 1813 1455 1871 te,
1476 1813 1524 1858 et
1554 1811 1841 1875 expoliatum
1865 1812 1998 1863 Mss.
2026 1813 2282 1864 Rittersli.
2307 1815 2363 1864 et
2385 1812 2506 1863 edd.

1294 1930 1515 1982 NOTAE

302 2029 381 2091 sit,
417 2032 514 2081 hoc
551 2037 660 2094 est,
694 2033 919 2097 seipsum
956 2047 1111 2097 posse
1145 2045 1363 2094 cognos-

302 2107 452 2156 cere?
520 2107 692 2173 Atqui
715 2108 979 2170 Boethius,
998 2107 1133 2173 quod
1156 2106 1362 2172 quibus-

303 2182 417 2233 dam·
458 2184 790 2251 praejudiciis
836 2173 1127 2249 occupatus
1175 2200 1289 2233 sese
1332 2199 1363 2233 a

302 2260 586 2311 bestiarum
610 2263 907 2312 conditione
931 2277 1031 2311 non
1053 2262 1180 2311 satis
1198 2275 1364 2310 secer-

303 2336 475 2402 nebat,
515 2339 747 2388 animum
799 2340 908 2388 sive
947 2347 1172 2388 mentem
1218 2353 1362 2387 suam

303 2426 396 2462 nou
466 2415 601 2466 satis
672 2415 949 2466 videbatur
1003 2429 1320 2480 cognoscere
1347 2433 1360 2464 z

302 2488 413 2540 hinc
429 2493 482 2542 in
503 2494 680 2542 varios
702 2494 876 2557 lapsus
900 2499 983 2543 est
996 2508 1220 2555 errore8‚
1233 2508 1361 2558 quos

304 2566 643 2634 Philosophia
678 2571 761 2621 hic
797 2570 1016 2636 suscipit
1049 2586 1357 2620 enumeran-

307 2644 407 2697 dos.

364 2730 388 2765 ’ἱ
418 2724 707 2776 Plenissime
738 2726 813 2775 vel
842 2726 1146 2788 «egritudinis
1169 2730 1262 2774 tnoe
1283 2739 1361 2773 ra-

305 2802 489 2869 timna,
506 2805 585 2854 vel
594 2805 779 2854 aditum
791 2806 1147 2855 recum-iliande
1161 2803 1363 2866 sospitu-

308 2880 368 2928 tis
407 2881 603 2944 inveni]
653 2895 730 2932 vr.
779 2882 1117 2946 Philosophia
1158 2895 1223 2929 ex
1281 2894 1365 2943 eo,

308 2957 434 3019 quod
456 2956 717 3007 Boethius
753 2959 922 3009 Deum
948 2966 1003 3008 et
1025 2958 1366 3021 semetipsum

308 3032 490 3094 partim
531 3034 837 3096 cognoverit
854 3034 1149 3099 partimque
1164 3034 1370 3096 ignora-

307 3109 691 3173 verit,colligit‚
712 3110 933 3172 primum
955 3110 1164 3175 quidem
1183 3124 1365 3159 causas

309 3186 630 3248 agritudinis
666 3186 894 3249 Boethii,
927 3185 1118 3236 deinde
1159 3185 1362 3234 modum

309 3261 676 3325 recuperandae
691 3262 930 3313 sanitatis
946 3263 1195 3327 ejusdem.
1232 3263 1366 3312 Cau-

310 3349 374 3384 επ
399 3338 721 3407 ’ωοῐὺὶριιιιῐ
739 3338 1037 3401 ignorati03
1077 3338 1258 3388 modus
1281 3354 1364 3388 ve·

310 3425 362 3460 ro
400 3414 782 3478 recuperandae
826 3415 1033 3477 salutis,
1074 3415 1218 3464 notio
1253 3429 1370 3464 cum

309 3489 427 3554 Dei,
449 3499 563 3542 tum
585 3492 873 3557 suiipsius:
908 3494 1046 3544 sicut
1059 3494 1176 3559 jam
1194 3494 1372 3544 dicen-

305 3564 441 3619 dum.

371 3649 391 3674 ¹
421 3644 666 3700 Quoniam
692 3646 767 3696 tui
796 3646 1026 3697 oblivione
1044 3646 1368 3711 confunderis]

312 3717 542 3789 Primum
579 3724 719 3772 enim
753 3724 893 3788 quod
937 3725 1189 3776 Boethius
1222 3741 1367 3777 suam

305 3807 529 3851 ,mentem
560 3800 754 3862 partim
777 3801 1037 3865 ignorans,
1068 3802 1221 3866 hujus
1258 3816 1367 3851 suae

312 3876 495 3927 mentis
518 3878 683 3927 veluti
706 3879 902 3929 oblitus
919 3878 1099 3941 fuerit,
1125 3887 1369 3944 propter-

312 3966 370 4002 ea
384 3969 441 4004 se
456 3958 545 4005 ‘et
567 3956 775 4006 exulem
799 3966 853 4007 et
877 3958 1224 4022 exspoliatum
1251 3973 1369 4022 pro-

313 4032 430 4092 priis
452 4032 600 4081 bonis
615 4047 731 4083 esse
754 4034 958 4098 doluit‚'
985 4036 1152 4085 Prusa
1173 4050 1254 4086 iv·
1281 4033 1370 4099 qui

320 4110 450 4161 enim
465 4116 694 4160 mentem
716 4126 862 4160 suam
883 4112 1081 4175 optime
1101 4111 1368 4175 novit‚hic

322 4191 374 4232 et
413 4186 602 4239 mentia
643 4187 889 4249 patriam,
934 4188 1143 4250 coelum,
1188 4202 1218 4236 a
1262 4201 1369 4251 quo

322 4274 465 4314 nemo
510 4265 694 4314 exulat
745 4265 845 4314 nisi
889 4266 1085 4329 volens,
1136 4273 1192 4315 et
1235 4264 1371 4328 ejus·

1445 2031 1565 2081 dem
1587 2034 1778 2083 mentis
1813 2032 1968 2095 bona,
2002 2034 2274 2083 scientiam
2315 2039 2370 2082 et
2405 2032 2506 2082 vir-

1426 2113 1634 2172 tutem,
1654 2109 1891 2160 hostibus
1933 2111 2200 2160 inaccessa
2239 2123 2353 2160 esse
2390 2123 2508 2174 cog·

1444 2187 1635 2236 noscit.

1509 2270 1530 2294 ⁸
1565 2264 1803 2320 Quoniam
1825 2281 1952 2327 tero,
1972 2265 2077 2330 quis
2095 2265 2162 2315 sit
2183 2280 2343 2315 rerum
2360 2264 2506 2329 finis,

1444 2339 1662 2405 ignoras]
1696 2342 1903 2392 Deinde
1923 2344 2060 2408 quod
2086 2342 2224 2392 idem
2254 2341 2506 2391 Boethius

1444 2416 1612 2466 Deum
1658 2417 1847 2481 partim
1887 2418 2148 2483 ignorans,
2193 2419 2364 2468 Deum
2403 2429 2507 2464 non

1444 2495 1648 2558 cogitet
1701 2497 1936 2546 ultimum
1979 2511 2153 2545 rerum
2191 2493 2417 2545 omnium
2450 2492 2508 2541 fi-

1443 2589 1589 2635 nem;
1624 2575 1822 2625 idcirco
1864 2576 2122 2640 ‘nequam
2167 2573 2398 2622 homines
2432 2579 2511 2621 at·

1441 2665 1542 2715 que
1567 2650 1815 2712 nefarios,
1850 2658 2096 2714 potentes
2121 2648 2405 2712 felicesque
2426 2663 2509 2696 ar·

1445 2726 1720 2777 bitraturz’
1756 2726 1844 2791 qui
1879 2727 2017 2776 enim
2052 2727 2127 2775 sui
2150 2725 2269 2774 finis
2290 2729 2508 2785 memor,

1446 2805 1617 2852 Deum
1633 2804 1832 2866 justum
1856 2802 2075 2865 cogitat,
2096 2802 2177 2850 hic
2201 2814 2504 2863 prosperam

1446 2879 1718 2942 impiorum
1751 2876 2016 2927 fortunam
2047 2876 2267 2926 miseriae
2293 2882 2506 2926 aeternae

1449 2955 1643 3021 potius,
1672 2969 1824 3020 quam
1867 2954 2017 3002 ullius
2055 2951 2322 3001 felicitatis
2359 2966 2512 3016 argu-

1447 3040 1680 3083 mentum
1704 3047 1819 3081 esse
1851 3045 1954 3079 non
1972 3029 2197 3079 dubitet.
2260 3027 2508 3091 Ignorato

1446 3119 1622 3161 autem
1658 3110 1841 3159 ultimo
1892 3121 2062 3157 rerum
2117 3105 2341 3155 omnium
2387 3103 2512 3167 fine,

1447 3189 1751 3250 ignorentur
1773 3198 1988 3235 necesse
2011 3189 2093 3234 est
2132 3183 2294 3245 modi,
2321 3183 2507 3248 quibus

1449 3267 1598 3314 Deus
1621 3278 1705 3313 res
1724 3276 1899 3313 omnes
1937 3262 2000 3310 ad
2042 3275 2161 3310 suos
2194 3258 2325 3309 fines
2350 3258 2509 3308 desti-

1448 3350 1575 3390 nat:
1623 3340 1711 3405 qui
1744 3354 1869 3388 vero
1912 3337 2090 3387 modos
2126 3337 2242 3386 illos
2280 3336 2510 3400 ignorat,

1449 3420 1536 3468 hic
1567 3417 1841 3482 perspicua
1878 3430 2074 3478 negans
2113 3414 2250 3479 quod
2291 3413 2511 3463 obscura

1455 3497 1626 3546 animo
1683 3509 1783 3543 non
1854 3490 2284 3556 comprehendat,
2341 3489 2511 3552 ipsum

1447 3573 1638 3624 Mundi
1683 3578 1939 3621 rectorem
1980 3575 2169 3632 negat:
2227 3573 2510 3630 propterea

1446 3666 1583 3701 nunc
1620 3648 1864 3699 additur:
1900 3648 1915 3675 ‘
1939 3645 2182 3712 quoniam
2217 3656 2360 3705 vero,
2392 3641 2506 3706 qui-

1447 3729 1546 3778 bus
1593 3723 1959 3790 gubernaculis
2010 3719 2242 3771 Mundus
2280 3724 2513 3781 regatur,

1447 3804 1640 3854 oblitus
1663 3816 1737 3864 es,
1758 3801 1849 3849 has
1888 3797 2215 3849 fortunarum
2251 3794 2390 3844 vices
2423 3809 2511 3843 ex-

1447 3880 1650 3930 istimas
1674 3878 1786 3927 sine
1811 3881 2016 3925 rectore
2038 3870 2279 3922 fluitare?
2313 3872 2510 3921 Verum

1447 3956 1538 4005 illa
1571 3968 1687 4004 cum
1712 3952 1902 4003 mentis
1923 3951 2181 4011 humanae,
2203 3955 2313 3997 tum
2346 3947 2510 3997 etiam

1450 4035 1558 4084 Dei
1591 4030 1845 4096 ignoratio
1869 4027 2180 4093 principium
2215 4031 2295 4075 est
2320 4024 2509 4075 erroris

1448 4119 1504 4161 et
1521 4109 1671 4159 vitii:
1704 4122 1807 4156 non
1825 4120 1972 4156 secus
1987 4120 2048 4154 ac
2067 4103 2213 4151 clara
2234 4100 2509 4151 distincta-

1447 4201 1552 4252 que
1575 4184 1765 4235 mentis
1788 4184 2026 4231 hnmauae
2062 4185 2118 4228 et
2139 4176 2244 4227 Dei
2280 4174 2510 4238 cognitio

1448 4261 1755 4329 principium
1774 4258 2017 4311 veritatis
2036 4263 2091 4306 et
2111 4252 2342 4305 virtutis:
2370 4250 2507 4301 unde
