3049 4928
577 425 879 473 Boss'rffll
935 426 1027 473 ΟΒ
1076 425 1383 475 coNsot„

319 568 672 617 commentario
705 583 861 617 aureo
883 584 911 617 a
936 582 1055 633 pag.
1089 572 1208 618 255.
1231 568 1365 617 Her·

318 660 418 695 mes
441 647 731 707 vero,'1'o“vro
745 646 886 707 μόνον
907 645 1128 711 σωτήριον
1153 646 1365 710 ἀνθρώπῳ

318 722 455 787 ἐστὶν,
488 722 520 782 ἦ
551 726 717 783 γνῶσις
747 726 835 772 τοῦ
862 726 995 774 Θεοῦ.
1029 723 1148 782 αὕτη
1178 723 1242 774 εἰς
1279 723 1364 772 τὸν

304 799 553 862 Ὄλυμπόν
575 802 700 849 ἐστιν
735 799 980 858 ἀνάβασις.
1017 802 1032 828 ‘
1053 802 1185 851 Haec
1206 803 1363 850 unica

317 879 443 926 salus
484 880 670 928 homiui
704 888 807 940 est,
846 878 1075 942 cognitio
1109 878 1244 939 Dei;
1279 879 1362 928 hic

314 957 362 1003 iu
386 956 660 1019 Olympum
685 966 767 1005 est
787 955 1070 1007 ascensus?
1117 956 1295 1007 Vollin.

380 1032 523 1083 Velox
566 1035 719 1099 inens]
784 1026 982 1084 Mentis
1031 1049 1124 1083 seu
1160 1034 1361 1085 Animae

314 1108 530 1159 humanm
572 1111 755 1159 virium
789 1109 1221 1175 facultatumque,
1243 1126 1362 1161 ean·

314 1185 423 1235 dem
483 1189 687 1251 penitus
744 1188 1145 1252 descriptionem
1204 1189 1365 1239 habet

312 1262 521 1312 Hermes
544 1263 885 1313 Poemandro.
951 1265 1111 1314 Dicas
1136 1266 1257 1314 illuc
1282 1281 1359 1314 re-

310 1340 531 1401 spexisse
572 1340 845 1400 Βοὸῐίιιηις
881 1342 1137 1389 Mea-eaesae
1168 1339 1219 1389 δὲ
1242 1341 1362 1406 αὐτῆ

309 1415 472 1481 [ψυχῇ]
504 1416 734 1466 κέλευσον
752 1417 827 1465 ἐπὶ
847 1417 931 1465 τὸν
946 1416 1263 1479 ὦκεανόν,-καὶ
1286 1418 1364 1466 οὔ·

309 1512 396 1544 τως
408 1494 655 1544 ἐκεῖπάλιν
664 1494 849 1556 ταχέως
866 1492 1011 1543 ἔσται.
1030 1495 1134 1556 οὐχ’
1152 1496 1212 1545 ὡς
1224 1514 1363 1555 μετα-

310 1572 433 1626 βᾶσα
444 1571 536 1619 ἀπὸ
550 1571 696 1621 τόπου
711 1570 776 1621 εἶς
785 1570 944 1633 τόπον,
963 1572 1076 1620 ἀλλ’
1093 1572 1155 1621 ὥς
1177 1572 1275 1621 ἐκεῖ
1284 1571 1361 1621 οὗ·

309 1666 384 1699 σα.
400 1647 624 1700 κέλευσον
654 1650 705 1700 δὲ
733 1651 852 1716 αὐτῇ
873 1650 950 1699 καὶ
974 1650 1038 1700 εἷς
1057 1649 1144 1700 τὸν
1172 1650 1362 1715 οὐρανὸν

309 1726 573 1791 ἀναπτῆναι,
596 1728 677 1778 καὶ
711 1727 819 1777 οὐδὲ
845 1732 1029 1793 πτερῶν
1068 1728 1357 1788 δεηθήσεται.

308 1801 409 1852 ἀλλ’
432 1804 535 1854 οὐδὲ
568 1806 691 1870 αὐτῇ
713 1804 845 1855 οὐδὲν
867 1807 1099 1867 ἐμπόδιον.
1125 1806 1179 1855 οὗ
1197 1806 1254 1854 τὸ
1274 1808 1361 1856 τοῦ

307 1878 434 1938 ἡλίου
459 1884 566 1945 πῦρ,
599 1882 706 1943 οὐχ’
727 1884 755 1930 ὁ
783 1881 930 1944 αἰθὴρ,
948 1883 1053 1945 οὐχ’
1068 1882 1099 1941 ἦ
1116 1881 1232 1944 δίνη,
1250 1882 1360 1945 οὐχὶ

305 1957 364 2005 τὰ
396 1962 487 2009 τῶν
522 1959 685 2009 ἄλλων
719 1956 927 2023 ἀστέρων
958 1958 1173 2021 σώματα,
1204 1958 1362 2009 πάντα

306 2034 354 2086 δὲ
382 2040 678 2101 διατεμοῦσα,
724 2036 1046 2095 anamiim-aa
1093 2036 1233 2101 μέχρι
1275 2039 1363 2108 τοῦ

225 2119 248 2148 ³
307 2113 508 2177 ἐσχάτου
546 2115 780 2177 σώματος.
816 2115 856 2165 εἰ
890 2114 941 2164 δὲ
975 2116 1264 2174 βουληθείης,
1284 2116 1361 2165 καὶ

307 2191 414 2245 αὐτὸ
453 2192 566 2242 ὅλον
603 2190 940 2255 διαῤῥήξασθαι,
981 2192 1059 2241 καὶ
1107 2192 1171 2241 τὰ
1207 2192 1362 2257 ἐκτὸς,

304 2266 348 2315 ἄ
351 2265 419 2327 Ὑί
425 2286 472 2317 τι
488 2267 640 2329 ἐκτὸς,
654 2269 742 2316 τοῦ
754 2266 929 2329 κόσμου
947 2266 1220 2330 θεάσασθαι,
1234 2267 1362 2331 ἔξεσ-

304 2342 351 2391 τί
368 2360 455 2393 σοι.
465 2345 539 2394 ἴδε
551 2345 672 2403 ὅσην
691 2343 895 2408 δύναμαν,
918 2344 1028 2393 ὅσον
1048 2344 1201 2407 τάχος
1219 2344 1364 2409 ἔχεις,

305 2420 550 2473 ‘Jubeto’
574 2436 690 2472 eam
712 2422 965 2472 ‘transire
985 2422 1049 2472 ad
1076 2423 1365 2485 Oceanum,

305 2497 374 2547 ita
397 2501 535 2562 prius
556 2513 712 2565 quam
728 2499 950 2562 jusseris
972 2499 1043 2547 ibi
1068 2499 1168 2547 erit
1186 2515 1202 2559 ς
1223 2499 1365 2560 inde,

309 2576 392 2624 ubi
414 2591 552 2626 nunc
576 2582 678 2637 est,
705 2590 1030 2640 nequaqnam
1070 2575 1364 2624 discedens·

305 2651 496 2703 Jubeto
539 2660 597 2703 et
634 2654 798 2717 ipsam
844 2655 893 2701 in
939 2654 1123 2702 coelum
1159 2654 1365 2715 volare3

307 2730 451 2778 nullis
473 2730 660 2794 pennis
682 2731 881 2794 egebit,
906 2730 1031 2778 nihil
1057 2728 1169 2793 ejus
1191 2730 1364 2778 obsta·

305 2803 383 2854 bit
400 2808 596 2869 cursui,
620 2821 720 2856 non
753 2807 875 2855 solis
906 2806 1223 2867 incendium,
1263 2820 1364 2855 non

307 2881 528 2931 aetheris’
547 2881 857 2944 amplitudo,
878 2883 893 2909 ‘
908 2896 1008 2930 non
1029 2880 1248 2943 vertigo'
1266 2896 1364 2930 coe—

304 2958 483 3019 lorum,
504 2961 520 2987 ‘
536 2973 641 3008 non
657 2959 898 3023 syderum
920 2958 1231 3021 reliquorum
1253 2971 1368 3006 cor-

305 3049 449 3099 pora,
491 3035 614 3101 quin
649 3044 928 3099 penetrans
967 3033 1157 3096 omnia,
1189 3033 1252 3082 ad
1288 3048 1367 3083 su·

307 3126 519 3174 pernum
578 3126 739 3176 usque
783 3125 973 3174 corpus
1015 3110 1368 3161 transcendat.

308 3189 443 3240 Quin
464 3191 626 3239 etiam
659 3189 702 3237 si
725 3188 951 3237 volueris
973 3187 1139 3250 ipsum
1163 3186 1367 3234 univer-

308 3279 413 3314 sum
439 3266 683 3328 transire,
722 3272 776 3313 et
808 3279 872 3313 ea
910 3277 1023 3327 quae
1049 3270 1199 3312 extra
1223 3276 1367 3310 mun-

310 3340 429 3390 dum
451 3348 572 3391 suut
605 3340 814 3406 (siquid
839 3347 994 3388 extra
1013 3336 1120 3402 est)
1143 3345 1370 3388 contem-

307 3419 452 3481 plari,
474 3419 526 3468 id
551 3433 753 3483 quoque
777 3418 872 3467 tibi
895 3416 1111 3467 licebit!
1154 3417 1368 3466 Intuere

308 3494 323 3521 ‘
344 3496 496 3546 modo
518 3503 717 3561 quanta
751 3495 819 3544 sit
857 3494 1040 3543 animae
1068 3502 1170 3543 tua»
1194 3499 1368 3557 potes-

310 3577 405 3633 tas,
428 3579 622 3638 quanta
645 3572 885 3620 celeritas
904 3571 935 3619 !'
1001 3571 1082 3619 Ex
1106 3585 1210 3634 qua
1234 3572 1370 3620 cele·

308 3648 463 3698 ritate
484 3656 540 3698 et
559 3648 845 3712 agitatione
870 3647 1190 3710 colligebant
1212 3649 1371 3698 Vete-

309 3739 392 3773 res
416 3727 600 3774 anima:
624 3724 1098 3773 immortalitatem:
1131 3725 1369 3774 nimirum

310 3801 739 3865 quemadmodum
778 3801 966 3850 mentis
1005 3801 1212 3866 divinae,
1245 3802 1371 3852 licet

309 3876 553 3941 immotae,
573 3877 839 3941 proprium
855 3883 935 3925 est
950 3877 1121 3925 omnia
1138 3878 1367 3941 agitare:

310 3953 385 4003 ita
405 3963 608 4004 certum
632 3962 715 4003 est
743 3954 979 4013 animam,
1003 3953 1128 4003 licet
1162 3954 1371 4004 minime

310 4037 457 4093 septo
477 4045 571 4081 suo
590 4037 765 4092 exeat,
791 4027 1126 4094 ἐπτερωμένην,
1148 4036 1206 4079 ut
1228 4032 1302 4081 ait
1318 4031 1371 4080 in

310 4107 537 4157 Phaedro
580 4108 843 4168 Socrates,
879 4110 1246 4171 μετεωροπολεῖν
1293 4107 1374 4157 καὶ

309 4181 560 4244 σύμπαντα
592 4182 767 4244 κόσμον
797 4184 1075 4244 διακοσμεῖν,
1118 4186 1134 4212 ‘
1161 4186 1372 4245 alatam,

312 4276 406 4324 per
443 4262 682 4313 sublimia
720 4261 937 4321 versari,
980 4268 1037 4309 et
1078 4261 1371 4310 universum

311 4336 557 4388 mundum
581 4335 893 4401 disponere!
920 4335 1269 4387 Quintilianus
1284 4336 1372 4387 lib.

2368 413 2498 480 523

1438 584 1475 619 1.
1508 570 1524 598 ‘
1544 570 1647 619 Sed
1681 585 1783 620 non
1808 571 1938 619 satis
1962 570 2304 635 perspiciunt,
2340 585 2499 635 quan·
2564 612 2568 614 Δ

1437 651 1547 694 tum
1591 654 1775 695 natura
1818 645 2026 695 humani
2071 648 2262 709 ingenii
2310 650 2501 710 valeat,

1435 737 1551 786 quae
1571 722 1647 771 ita
1670 730 1751 771 est
1775 723 1919 785 agilis
1947 731 2003 773 et
2025 724 2193 784 velox,
2215 724 2290 772 sic
2314 724 2366 772 iu
2391 739 2498 773 om-

1435 813 1553 847 nem
1580 807 1800 863 partem,
1836 806 1895 849 ut
1916 801 1991 849 ita
2015 800 2253 862 dixerim,
2275 807 2497 865 spectat,

1436 883 1494 925 ut
1535 892 1600 926 ne
1642 879 1808 941 possit
1850 878 2056 941 quidem
2102 877 2297 940 aliquid
2340 891 2496 940 agere

1435 962 1637 1004 tantum
1662 971 1835 1018 unum,
1868 957 1919 1004 in
1956 957 2104 1019 plura
2138 970 2259 1004 vero
2286 969 2390 1004 non
2415 970 2499 1004 eo·

1437 1033 1554 1081 dem
1581 1033 1665 1082 die
1698 1035 1869 1095 modo,
1901 1033 1991 1083 sed
2028 1032 2209 1082 eodem
2246 1033 2498 1096 temporis

1436 1116 1717 1169 momento,
1757 1110 1858 1157 vim
1892 1124 2033 1159 suam
2058 1107 2360 1172 impendat.’
2427 1109 2503 1158 Et«

1436 1191 1576 1244 ante,
1595 1187 1610 1213 ‘
1629 1184 1708 1235 Ac
1727 1186 1863 1234 sicut
1877 1200 1999 1234 aves
2023 1186 2089 1234 ad
2115 1186 2360 1246 volatum,
2377 1184 2499 1248 equi

1439 1263 1502 1312 ad
1527 1277 1748 1320 cursum,
1771 1262 1835 1311 ad
1861 1263 2113 1311 saevitiam
2134 1260 2262 1310 ferae
2282 1260 2497 1325 gignun-

1438 1346 1556 1389 tur:
1609 1339 1682 1388 ita
1727 1340 1875 1388 nobis
1920 1340 2133 1402 propria
2183 1347 2266 1387 est
2311 1338 2519 1388 mentis*

1438 1416 1656 1480 agitatio
1696 1426 1850 1479 atque
1891 1415 2136 1464 solertia:
2173 1414 2310 1463 uude
2349 1414 2498 1477 origo

1436 1494 1590 1542 animi
1613 1493 1838 1542 coelestis
1861 1491 2125 1541 creditur.'
2162 1494 2314 1541 Idem.

1510 1569 1659 1620 Velox
1689 1570 1842 1633 mens]
1887 1567 2191 1631 Ἀπόφθεγμα
2211 1576 2295 1619 est
2315 1569 2498 1617 Thale·

1435 411 1880 474 rmnosorn.
1928 423 2071 474 mn.
2117 427 2223 476 ιν.

1436 1647 1503 1696 tis
1551 1646 1690 1711 apud
1734 1646 2030 1710 Diogenem
2072 1645 2247 1696 Laert.
2284 1645 2418 1694 libro
2458 1660 2498 1693 1.
2594 1654 2597 1657 ’

1431 1720 1669 1784 τάχιστον
1701 1724 1823 1773 νοῦς·
1864 1722 1940 1772 διὰ
1977 1722 2153 1773 παντὸς
2194 1722 2288 1786 ’γὰρ
2317 1719 2497 1787 τρέχει.

1437 1804 1690 1854 Prudent.
1735 1803 1824 1854 lib.
1869 1817 1933 1853 11.
1982 1812 2151 1854 contr.
2209 1804 2498 1868 symmach.

1434 1878 1451 1906 ‘
1473 1880 1645 1943 Spirat
1667 1880 1802 1929 enim
1841 1880 2040 1943 majora
2076 1880 2292 1943 animus,
2337 1891 2521 1944 seque·

1435 1955 1588 2006 altius
1607 1955 1756 2006 effert
1772 1957 2062 2019 Sideribus,
2078 1957 2370 2021 transitque
2388 1957 2500 2005 vias

1436 2038 1493 2081 et
1513 2031 1690 2081 nubila
1710 2031 1844 2083 fati!
1911 2035 1999 2082 De
2018 2034 2295 2083 celeritate
2309 2032 2499 2081 mentis

1437 2109 1588 2172 plura
1610 2108 1813 2159 notavit
1850 2110 1908 2161 C.
1946 2111 2315 2160 Rittershusius
2351 2110 2502 2159 Com·

1436 2194 1656 2235 mentar.
1694 2190 1741 2233 5.
1776 2186 2012 2236 Halieut.
2049 2186 2296 2250 Oppiani,
2336 2200 2499 2249 prope

1435 2259 1611 2323 finem,
1645 2260 1709 2310 ad
1744 2261 1904 2311 illud:
1944 2262 2066 2310 ὥστε
2095 2260 2280 2322 νόημαε
2314 2261 2500 2325 quibus

1436 2338 1559 2387 addi
1583 2338 1749 2387 voluit
1768 2339 1880 2387 haec
1895 2353 1923 2387 e
1938 2339 2307 2402 chrysostomo
2329 2339 2500 2389 homil.

1436 2418 1519 2466 22.
1543 2414 1595 2462 in
1620 2428 1731 2462 eam
1750 2414 1814 2463 ad
1838 2415 2122 2466 Hebraeos:
2143 2414 2320 2466 παντὸς
2331 2418 2503 2481 πτεροῦ

1437 2489 1716 2554 κουφότερος
1765 2490 1844 2539 καὶ
1889 2491 2172 2556 ὑψηλότερος
2215 2492 2242 2538 δ
2282 2489 2523 2555 ἡμέτερος·

1437 2569 1560 2617 νοῦς.
1584 2566 1698 2615 ὅταν
1713 2564 1861 2615 δὲκαὶ
1880 2567 1972 2625 τὴν
1989 2568 2114 2632 παρὰ
2132 2569 2220 2616 τοῦ
2240 2566 2504 2628 πνεύματος

1437 2642 1567 2708 λάβῃ
1588 2640 1744 2706 χάριν,
1758 2643 1927 2701 βαβαὶ,
1943 2641 2092 2692 πόσον
2111 2643 2213 2691 ἐστὶ
2225 2642 2395 2705 ταχὺς,
2407 2647 2506 2693 πῶς

1438 2717 1560 2781 ὀξὺς,
1579 2722 1676 2768 πῶς
1704 2717 1862 2768 πάντα
1899 2721 2178 2785 περινοστεῖ,
2201 2723 2297 2769 πῶς
2328 2720 2383 2768 οὔ
2419 2737 2503 2768 κα-

1438 2795 1686 2860 ταφέρεται
1706 2795 1769 2862 (f.
1795 2798 2001 2861 legend.
2023 2795 2150 2846 κάτω
2171 2795 2384 2860 φέρεται)
2399 2794 2506 2845 οὐδὲ

1439 2871 1720 2921 καταπίπτει
1739 2870 1853 2936 πρὸς
1868 2870 1927 2920 τὸ
1945 2871 2141 2934 ἔδαφοςς
2176 2873 2329 2922 ταῦτα
2360 2889 2504 2922 κατα·

1440 2947 1739 3010 σκευάσωμεν
1757 2948 1867 3008 ἡμῖν
1880 2947 1944 2996 τὰ
1954 2946 2116 3012 πτερά.
2145 2948 2219 2997 διὰ
2232 2948 2407 2998 τούτων
2425 2947 2505 2998 καὶ

1439 3025 1499 3076 τὸ
1536 3025 1747 3087 πέλαγος
1789 3027 2033 3084 διαπτῆναι
2088 3025 2374 3087 δυνησόμεθα
2418 3028 2506 3075 τοῦ

1442 3102 1672 3153 κλύδωνος
1692 3104 1778 3153 τοῦ
1791 3100 2021 3167 παρόντος
2042 3102 2164 3159 Bion,
2198 3104 2373 3153 Sitz'm.

1512 3182 1685 3230 Terras
1723 3195 1890 3243 perosa
1928 3179 2150 3243 despicit]
2205 3180 2403 3230 Statius
2440 3195 2507 3231 ιι.

1444 3257 1643 3322 Sylvar.
1676 3257 1692 3284 ‘
1711 3256 1900 3306 Terras
1927 3256 2173 3322 despiciS,
2196 3263 2252 3307 et
2269 3256 2510 3322 sepulcra

1445 3331 1620 3381 rides!
1656 3333 1810 3382 Idem.

1508 3408 1652 3457 Aeris
1670 3409 1888 3458 immensi
1904 3413 2092 3472 superat
2104 3408 2320 3472 globum]
2373 3409 2507 3459 Pru·-

1442 3485 1591 3536 dent.
1615 3487 1666 3535 in
1695 3486 1987 3550 Hamartig.
2022 3487 2038 3513 ‘
2067 3487 2202 3536 Nam
2221 3487 2341 3550 quia
2361 3495 2512 3536 natu·

1446 3579 1556 3612 ram
1591 3571 1799 3612 tenuem
1835 3563 2059 3615 declivia
2099 3563 2222 3612 vitae
2263 3564 2510 3613 Pondera

1444 3655 1549 3690 non
1594 3643 1903 3704 reprimunt,
1954 3655 2052 3690 nec
2110 3640 2284 3689 tardat
2338 3639 2512 3689 ferrea

1448 3731 1679 3781 compos,
1722 3719 2040 3766 Concretum
2076 3717 2237 3766 celeri
2277 3718 2513 3780 relegens

1446 3801 1595 3843 secat
1631 3791 1753 3843 aera
1788 3794 1956 3856 lapsu,
1992 3794 2390 3855 Exsuperatque
2422 3805 2511 3854 po-

1448 3870 1554 3918 lum
1576 3868 1785 3919 fervens
1820 3869 2048 3919 scintilla
2073 3883 2361 3918 remensum
2386 3868 2513 3918 Car-

1447 3960 1630 3995 cereos
1673 3959 1831 3994 exosa
1873 3945 2022 4008 situs,
2063 3944 2252 4010 quibus
2291 3945 2514 3995 haeserat

1446 4019 1634 4071 exsul!
1667 4020 1821 4070 Idem.

1518 4096 1825 4145 stomomate
1843 4094 1974 4158 ignis
1989 4094 2237 4158 verticem]
2271 4095 2514 4145 Caecilius

1450 4174 1588 4237 apud
1613 4174 1805 4222 Minut.
1820 4174 2076 4222 Felicem:
2100 4174 2116 4202 ‘
2131 4172 2235 4221 Sed
2260 4176 2514 4236 quatenus

1448 4244 1782 4314 indulgentes
1799 4252 1976 4300 insano
1992 4257 2150 4314 atque
2174 4251 2351 4314 inepto
2370 4249 2514 4298 labo·

1449 4329 1513 4392 ri,
1535 4329 1675 4378 ultra
1702 4328 2007 4378 humilitatis
2027 4335 2220 4377 uostrae
2257 4326 2514 4376 terminos
