3049 4928
548 391 679 455 456

551 549 781 612 onysium
805 547 1032 613 gentium
1071 547 1325 610 quondam
1357 555 1608 598 terrorem

553 625 788 674 Corinthi
845 625 1099 675 litterario
1162 625 1284 675 ludo
1346 623 1606 689 praet'ecit.

552 700 688 754 Haec
729 701 1144 752 Adramittenum
1186 702 1497 753 Andriscum
1555 703 1607 751 in

550 775 763 826 fullonia
780 788 956 828 natum
979 780 1044 829 ob
1068 779 1496 844 Pseudophilippi
1519 795 1608 830 uo-

552 868 669 901 men
692 854 901 903 evexit:
956 864 1011 904 et
1034 855 1216 904 Persei
1240 856 1527 918 legitimum
1549 854 1608 904 fi-

552 930 676 979 lium
709 939 872 979 artem
894 930 1159 981 ferrariam
1181 931 1247 981 ob
1271 932 1607 996 quaerendum

553 1006 732 1056 docuit
771 1007 981 1058 victum.
1071 1008 1263 1057 Eadem
1307 1008 1609 1057 Mancinum

552 1091 672 1146 post
706 1083 977 1148 imperium
1020 1084 1369 1144 Numantinis,
1412 1099 1609 1133 summa

555 1161 833 1210 atrocitate
887 1162 1160 1211 Veturium
1215 1168 1269 1210 et
1334 1161 1608 1210 Claudium

554 1237 730 1285 Corsis
762 1237 1062 1300 substravit,
1103 1235 1305 1287 feritati
1343 1237 1610 1300 Carthagi·

552 1312 633 1360 nis
656 1312 946 1377 Regulum:
998 1315 1143 1363 istius
1165 1314 1433 1379 iniquitate
1458 1314 1611 1362 Pom-

552 1388 719 1452 peius,
736 1396 854 1453 post
871 1392 1143 1455 quaesitum
1163 1392 1341 1456 Magni
1357 1407 1421 1441 ex
1437 1406 1608 1441 rerum

553 1475 810 1532 gestarum
831 1470 1173 1533 amplitudine
1198 1477 1610 1533 cognomentum,

538 1544 619 1598 rad
655 1544 938 1608 spadonum
982 1546 1245 1597 libidinem
1281 1549 1336 1598 in
1380 1548 1608 1611 AEgypto

552 1622 864 1672 trucidatur.
950 1625 1020 1673 Et
1053 1625 1229 1673 Eunus
1273 1622 1480 1689 quidam
1527 1638 1605 1671 er-

550 1699 855 1760 gastularius
875 1714 1054 1749 servus
1089 1701 1323 1750 ductavit
1355 1701 1407 1749 in
1430 1699 1606 1749 Sicilia

550 1773 816 1837 fugitivos.
867 1777 1034 1828 Quam
1057 1778 1324 1842 splendido
1342 1778 1457 1827 loco
1483 1778 1607 1826 mul-

555 1852 597 1899 ti
623 1853 753 1912 nati,
776 1853 956 1902 eadem
986 1868 1150 1902 rerum
1186 1856 1409 1904 Domina
1429 1854 1605 1904 conni-

553 1935 729 1990 vente,
748 1928 937 1977 Viriati
955 1943 1123 1992 genua
1144 1939 1264 1980 sunt
1278 1932 1503 1995 amplexi
1527 1932 1609 1981 vel

553 2004 828 2066 Spartaci?
877 2011 1000 2069 quot
1026 2006 1202 2069 capita
1224 2022 1339 2072 quae
1362 2008 1607 2057 horruere

553 2087 753 2142 gentes,
807 2079 1001 2131 funesti
1054 2082 1323 2133 carnifices
1378 2084 1610 2136 abscide·

553 2156 708 2204 runt?
742 2156 895 2205 Alter
918 2156 971 2205 in
992 2157 1196 2208 vincula
1228 2160 1452 2223 ducitur,
1474 2163 1609 2210 alter

550 2230 830 2294 insperatae
872 2232 1155 2295 praeficitur
1189 2237 1457 2298 potestati,
1480 2238 1610 2285 alius

552 2321 584 2355 a
618 2322 815 2358 summo
849 2310 1070 2360 culmine
1107 2311 1376 2375 dignitatis
1408 2314 1609 2363 excuti·

552 2393 653 2436 tur.
719 2386 849 2437 Quae
885 2388 1057 2437 omnia
1077 2390 1120 2438 si
1161 2390 1296 2440 scire
1338 2391 1607 2456 quisquam

554 2462 680 2512 velit
702 2478 854 2528 quam
878 2464 1018 2515 varia
1040 2473 1157 2516 sunt
1179 2476 1232 2516 et
1256 2468 1480 2530 assidua,
1496 2483 1609 2517 are·

553 2555 732 2591 narum
772 2557 1037 2593 numerum
1080 2543 1217 2594 idem
1254 2544 1514 2609 desipiens
1552 2553 1608 2596 et

551 2619 805 2667 montium
850 2619 1082 2683 pondera
1114 2622 1339 2671 scrutari
1385 2621 1610 2685 poterit!

553 2695 749 2746 Confer
784 2711 900 2746 cum
938 2697 1014 2745 his
1047 2698 1299 2760 insignem
1336 2698 1505 2747 locum
1543 2699 1608 2748 de

552 2786 726 2822 rerum
764 2774 1101 2823 humanarum
1135 2772 1495 2833 inconstantia,
1520 2775 1609 2839 qui

550 2857 633 2898 est
655 2848 791 2913 apud
811 2850 1083 2900 Philonem
1105 2849 1240 2899 libro
1262 2851 1330 2899 de
1361 2851 1610 2915 Josepho.

550 2925 718 2979 Porro
741 2939 807 2973 ex
831 2925 1063 2989 pluribus
1087 2926 1139 2974 in
1165 2927 1410 2995 Fortunae
1433 2934 1612 2990 poten-

553 3000 675 3050 tiam
697 3001 1167 3065 Epigrammatibus
1190 3001 1478 3052 adscribam
1511 3005 1611 3053 hoc

549 3077 665 3125 loco
688 3077 892 3127 unicum
912 3078 1148 3141 Luciani,
1172 3079 1306 3142 quod
1326 3088 1474 3129 extat
1491 3081 1543 3129 in
1566 3095 1607 3129 1.

552 3152 768 3204 Anthol.
793 3155 878 3207 tit.
900 3152 965 3206 εἰς
983 3153 1166 3217 τύχηυε
1200 3156 1371 3206 Πολλὰ
1384 3157 1441 3206 τὸ
1460 3158 1613 3218 δαιμό-

547 3247 642 3279 νιον
663 3228 871 3294 δύναται,
906 3229 996 3295 κᾷν
1027 3230 1061 3290 ἦ
1093 3230 1341 3297 παράδοξα·
1393 3233 1510 3284 Τοὺς
1539 3252 1611 3295 μι-

547 3304 687 3370 κροὺς
705 3304 884 3369 ἀνάγει,
897 3306 1008 3381 τοὺς
1021 3308 1255 3370 μεγάλους
1270 3309 1482 3372 κατάγει.
1519 3311 1610 3362 Kal

548 3386 638 3434 σοῦ
656 3385 746 3443 τὴν
766 3385 926 3451 ὀφρῦν,
949 3388 1028 3437 καὶ
1040 3388 1127 3439 τὸν
1143 3392 1291 3453 τῦφον
1306 3391 1611 3456 καταπαύσει,

555 3459 659 3526 Κᾲυ
677 3462 886 3524 ποταμὸς
905 3466 1083 3528 χρυσοῦ
1101 3464 1284 3527 υάματά
1313 3483 1390 3516 σοι
1408 3468 1611 3534 παρέχῃ.

552 3536 775 3601 Οὔθρύου,
794 3539 848 3588 οὔ
868 3538 1093 3604 μαλάχην
1111 3541 1279 3602 ἄνεμός
1296 3561 1431 3605 ποτε,
1447 3545 1537 3594 τὰς
1558 3544 1610 3595 δὲ

555 3610 781 3674 now-ras
793 3613 857 3662 ‘n
874 3613 1011 3678 ὀρύας
1021 3614 1055 3674 ἡ
1072 3615 1340 3668 πλατάνους
1353 3616 1448 3668 οἶδε
1458 3620 1611 3682 χαμαὶ

548 3688 790 3751 κατάγειν.
853 3693 1006 3745 Quod
1024 3692 1099 3742 sic
1120 3693 1173 3741 in
1198 3695 1408 3745 Latinos
1432 3711 1609 3747 versus

551 3767 816 3817 transtulit
839 3768 902 3817 C.
926 3768 1331 3822 Rittershusius:
1388 3774 1405 3800 6
1429 3771 1609 3825 Admi-

550 3843 714 3892 randa
735 3844 876 3896 valet
898 3844 1077 3893 ludens
1100 3846 1329 3897 Fortuna
1361 3858 1604 3913 patrare:

554 3921 824 3986 Deprimit
844 3922 1026 3985 elatos,
1052 3923 1190 3974 tollit
1228 3925 1293 3974 ad
1316 3928 1426 3977 alta
1446 3930 1608 3979 humi·

549 3999 648 4048 les.
712 3998 812 4047 Illa
855 3998 1184 4062 supercilium
1224 4016 1285 4051 ac
1323 4001 1515 4052 fastum
1552 4014 1609 4055 et

551 4073 649 4123 tibi
696 4074 1022 4137 comprimet,
1064 4077 1176 4126 auri
1215 4079 1462 4130 Quamvis
1493 4081 1605 4144 jam

551 4153 643 4202 det
664 4153 743 4202 uti
763 4150 975 4203 flumina
1014 4155 1170 4219 plena
1208 4154 1388 4207 fluant.
1454 4159 1607 4222 Aspi-

548 4231 626 4281 cis
669 4237 727 4280 ut
782 4229 950 4280 soleat
1005 4247 1228 4296 quercus
1269 4235 1608 4301 platanusque

548 4322 815 4372 proceras,
856 4310 972 4359 Non
998 4309 1216 4359 malvam
1253 4319 1344 4360 aut
1371 4312 1608 4377 juncum,

1235 405 1451 454 κοτε
1498 370 1899 453 vammum
1952 405 2030 453 ηε

1679 552 1913 597 sternere
1934 553 2118 596 ventus
2137 535 2310 597 humi.'
2343 547 2493 596 Idem.

1747 624 2078 689 Humilemque
2094 625 2232 688 victi]
2254 627 2440 675 Senec.
2466 626 2518 673 in
2533 625 2727 688 Thyest.

1684 717 1761 751 vs.
1784 707 1865 752 35.
1930 705 1945 731 6
1970 703 2135 752 Miser
2171 718 2239 752 ex
2282 709 2497 766 potente
2533 702 2641 763 fiat,
2668 717 2728 751 ex

1682 780 1872 829 misero
1896 787 2099 842 potens,
2118 780 2406 842 Fluctuque
2425 793 2639 843 regnum
2656 791 2732 826 ca-

1681 870 1766 904 sus
1789 856 2004 905 adsiduo
2023 854 2202 906 ferat.'
2237 856 2386 904 Idem.

1745 933 1832 983 Sic
1853 934 1937 981 illa
1960 932 2106 995 ludit]
2165 933 2229 981 In
2270 932 2437 980 Prosa
2460 946 2577 994 seq.
2619 931 2737 980 For-

1682 1019 1807 1060 tuna
1830 1010 1895 1058 de
1934 1024 1992 1059 se
2032 1009 2172 1072 ipsa:
2233 1010 2249 1037 ‘
2274 1008 2412 1058 Haec
2451 1015 2634 1057 nostra
2668 1008 2740 1055 vis

1681 1091 1781 1148 est,
1801 1086 1934 1134 hunc
1957 1086 2251 1135 continuum
2274 1085 2452 1134 ludum
2483 1082 2743 1135 ludimus-⁸

1684 1163 1700 1190 ‘
1722 1163 1898 1212 Ludus
1920 1160 2179 1211 fortunae?
2233 1162 2578 1213 Cassiodorus
2601 1162 2688 1212 lib.
2706 1175 2742 1210 1.

1683 1239 1813 1288 Var.
1838 1238 2076 1301 Epistmt.
2111 1241 2127 1266 6
2151 1238 2272 1289 Νοιι
2294 1237 2466 1301 fragili
2487 1237 2744 1288 felicitate

1682 1323 1979 1378 provectus,
2015 1312 2238 1365 fortunae
2277 1314 2400 1364 ludo
2438 1315 2503 1364 ad
2541 1315 2742 1377 apicem

1682 1390 1900 1440 fascium
1967 1391 2253 1454 repentinis
2331 1390 2744 1440 successionibus

1683 1465 1946 1516 evolavit.'
2007 1467 2193 1518 Horat.
2234 1482 2275 1518 1.
2315 1468 2489 1517 Carm.
2539 1467 2647 1518 Od.
2695 1469 2742 1515 2.

1681 1540 1697 1568 6
1722 1542 1845 1590 Heu
1861 1541 2010 1591 nimis
2027 1544 2180 1607 longo
2212 1543 2403 1594 satiate
2428 1545 2556 1593 ludo
2576 1542 2612 1593 τ’
2643 1558 2743 1608 quo

1683 1618 1737 1668 in
1760 1620 1877 1669 loco
1899 1622 2060 1671 ludum
2083 1636 2177 1685 pro
2198 1624 2317 1671 bello
2346 1624 2546 1686 posuit.
2597 1622 2745 1670 Idem.

1749 1697 1992 1747 Monstrat
2027 1700 2283 1764 ostentm]
2335 1699 2400 1747 B.
2441 1700 2669 1762 August.
2707 1698 2743 1747 Ι.

1685 1786 1810 1823 xxx.
1844 1775 1930 1824 De
1954 1775 2065 1825 Civ.
2088 1775 2315 1839 Deicap.
2339 1778 2418 1823 18.
2485 1776 2502 1803 6
2528 1774 2740 1824 Illorum

1685 1865 1890 1915 quoque
1923 1850 2281 1901 miraculorum
2323 1849 2610 1899 multitudo
2647 1850 2745 1913 syl·

1685 1927 1869 1990 vescit,
1907 1942 2022 1991 quae
2060 1934 2308 1990 monstra,
2350 1933 2583 1990 ostenta,
2629 1940 2742 1991 por·

1683 2002 1852 2066 tenta,
1884 2003 2121 2068 prodigia
2158 2012 2542 2069 nuncupantur.
2612 2006 2742 2056 Quae

1685 2080 1914 2128 recolere
1955 2089 2009 2128 et
2045 2094 2447 2130 commemorare
2484 2082 2532 2129 si
2572 2081 2742 2141 velim,

1683 2156 1832 2219 hujus
1854 2156 2028 2218 operis
2050 2157 2164 2220 quis
2184 2157 2288 2206 erit
2317 2155 2463 2205 finis?
2501 2156 2745 2205 Monstra

1684 2247 1807 2282 sane
1838 2234 1980 2282 dicta
2016 2233 2289 2295 perhibent
2324 2247 2356 2281 a
2389 2231 2745 2295 monstrando,

1684 2308 1820 2373 quod
1889 2308 2081 2372 aliquid
2136 2307 2470 2372 significando
2532 2308 2743 2357 demon-

1684 2391 1884 2435 strentz
1936 2393 1991 2433 et
2026 2390 2235 2435 ostenta
2277 2384 2341 2434 ab
2382 2383 2744 2447 ostende-adm

1684 2468 1739 2511 et
1781 2468 2028 2525 portenta
2062 2475 2094 2510 a
2131 2459 2511 2524 portendendo,
2550 2460 2606 2510 id
2648 2467 2744 2523 est,

1685 2540 2123 2607 praeosteudendo
2134 2560 2149 2602 3
2205 2546 2261 2590 et
2301 2539 2546 2604 prodigia
2604 2538 2740 2603 quod

1685 2634 1840 2684 porro
1874 2618 2070 2680 dicant,
2106 2617 2159 2667 id
2199 2623 2302 2680 est,
2340 2615 2523 2666 futura
2552 2616 2741 2679 praedi-

1684 2694 1844 2753 cant!
1907 2696 1993 2745 De
2038 2694 2235 2744 duobus
2276 2694 2625 2745 ostentorum
2659 2707 2741 2756 ge·

1684 2774 1893 2824 neribus
1916 2772 2033 2824 vide
2054 2773 2114 2822 1..
2134 2776 2216 2822 88.
2235 2769 2293 2822 ff.
2316 2771 2383 2820 de
2405 2771 2475 2820 V.
2496 2771 2555 2821 S.
2590 2771 2739 2820 Idem.

1757 2851 1865 2900 Una
1885 2855 2066 2900 stratas
2080 2848 2268 2909 oefelix
2289 2847 2429 2910 hora]
2475 2847 2667 2897 Senec.
2690 2848 2740 2895 in

1684 2927 1899 2991 Hippol.
1930 2941 2006 2976 vs.
2041 2929 2185 2975 11³6.
2250 2925 2266 2952 ‘
2287 2925 2449 2974 Volat
2486 2923 2740 2986 ambiguis

1687 3006 1898 3056 Mobilis
1918 3006 2010 3055 alis
2043 3006 2187 3054 hora.
2253 3004 2369 3054 Nec
2391 3002 2483 3052 ulli
2509 3003 2741 3055 Praestat

1688 3084 1837 3132 velox
1857 3080 2066 3132 fortuna
2087 3078 2280 3129 fidem!
2308 3079 2463 3129 Idm.

1752 3158 1937 3209 Paoss
1947 3161 1996 3206 2.
2019 3158 2143 3206 Cum
2161 3159 2209 3203 te
2225 3154 2396 3203 matris
2412 3168 2475 3201 ex
2490 3152 2740 3203 uteroNa-

1684 3239 1795 3282 tura
1833 3233 2082 3297 produxit,
2128 3233 2303 3280 nudum
2339 3231 2478 3285 rebus
2509 3228 2740 3292 omnibu]

1686 3307 1816 3360 Mss.
1828 3315 1884 3358 et
1896 3307 2030 3358 Edd.
2043 3308 2170 3357 Nor.
2179 3307 2321 3355 Flor.
2335 3319 2439 3355 non
2447 3304 2645 3355 habent
2657 3318 2737 3352 vo-

1688 3386 1855 3437 culam
1879 3400 1955 3433 ex.
2028 3383 2124 3431 His
2142 3389 2313 3431 autem
2335 3379 2609 3430 Boetianis
2632 3379 2738 3429 fere

1683 3460 1942 3523 geminum
1978 3458 2107 3508 illud
2145 3457 2212 3508 Q.
2247 3455 2430 3504 Sereni
2459 3456 2640 3519 capite
2660 3460 2738 3508 ⁵9.

1683 3539 1699 3564 ‘
1716 3537 1926 3586 Nudum
1944 3535 2196 3586 hominem
2215 3533 2437 3598 primum
2454 3541 2629 3583 mater
2640 3533 2739 3583 Na·

1683 3620 1800 3664 tura
1840 3611 2130 3678 profundit,
2171 3612 2393 3674 Insuper
2435 3606 2739 3660 excruciat?

1749 3769 1891 3817 Nunc
1933 3765 2053 3815 milei
2091 3763 2332 3814 retrahere
2366 3777 2561 3812 manum
2601 3762 2737 3824 libet]

1682 3844 1819 3895 Pub.
1841 3844 2029 3906 Syrusz
2056 3841 2072 3868 ‘
2088 3839 2241 3889 Levis
2263 3845 2345 3888 est
2367 3840 2615 3902 Fortuna,
2638 3839 2738 3889 cito

1681 3921 1926 3985 reposcit,
1945 3916 2082 3982 quod
2106 3915 2288 3966 dedit:
2316 3916 2387 3964 Et
2404 3915 2559 3965 alibi:
2584 3918 2599 3944 6
2618 3917 2735 3965 For-

1682 4007 1809 4047 tuna
1832 4010 1924 4045 usu
1946 3994 2057 4055 dat,
2077 3992 2351 4056 mancupio
2372 3991 2534 4041 nihil.'
2564 3992 2708 4043 Iden.

1731 4073 1883 4134 ,Usus
1901 4069 2091 4132 alienis]
2141 4068 2359 4117 Maximi
2385 4071 2635 4119 momenti
2659 4074 2739 4118 est

1682 4152 1766 4202 hic
1786 4166 1815 4201 e
1841 4146 2166 4214 philosophia
2181 4145 2356 4196 Stoica
2387 4146 2554 4208 locus,
2590 4144 2734 4211 quem

1682 4230 1942 4294 praecipue
1965 4225 2189 4274 inculcat
2227 4223 2525 4287 Epictetus,
2561 4225 2577 4252 ‘
2599 4223 2736 4273 Nihil

1683 4312 1916 4363 nostrum
1940 4315 2051 4353 esse
2075 4299 2209 4366 quod
2234 4306 2508 4349 externum
2531 4299 2637 4350 sit.'
2683 4298 2734 4356 Is
