3049 4928
1027 442 1551 493 PrllboSOPfflAE
1600 443 1753 492 mn.
1801 443 1848 491 1.
1890 453 1895 462 ‘

2449 425 2538 492 89

330 586 637 655 Socratis
669 597 1047 668 venenum,·
1100 608 1235 654 nec
1264 568 1564 654 Zenonis
1610 580 1985 664 tormenta,‘
2037 583 2352 669 quonlam
2381 590 2539 651 sunt

328 693 731 774 peregrina,5
773 692 1047 770 novisti,
1078 698 1152 756 at
1180 690 1492 769 Canios,⁸
1536 695 1604 755 at
1648 684 1999 766 Senecas,¹¹
2043 694 2116 754 at
2153 685 2535 766 Soranos:i

330 811 616 876 quorum
682 813 809 860 nec
853 798 1261 878 pervetusta,
1319 813 1445 858 nec
1498 792 1855 859 incelebris
1908 793 2270 857 memoria‘
2344 794 2533 869 est,¹³

390 964 417 998 ⁹
437 958 647 1010 Remota
663 960 762 1011 loco
784 964 831 1011 et
852 965 1072 1025 tempore.

1198 967 1224 995 ⁸
1256 960 1479 1011 Senecam
1495 964 1545 1011 et
1565 959 1802 1011 Soranum
1817 957 2134 1024 philosophos.

2261 965 2287 991 ⁰
2320 956 2530 1008 Indicia.

1332 1088 1546 1141 NOTAE

321 1181 617 1247 lampadem
656 1185 961 1237 ardentem=
1007 1200 1069 1237 ac
1109 1191 1392 1251 propterea

323 1259 377 1309 in
400 1260 616 1310 exilium
636 1263 833 1326 pulsus,
856 1268 947 1313 ant
968 1264 1141 1327 potius
1164 1264 1391 1314 libenter

326 1335 599 1401 profectus
639 1345 754 1389 est:
799 1338 974 1389 fertur
1009 1340 1202 1405 qnippe
1240 1355 1391 1404 agros

326 1420 381 1464 et
403 1414 721 1478 patrimonia
740 1430 835 1466 sua
868 1416 1158 1482 reliquisse,
1192 1424 1253 1467 ut
1285 1418 1387 1467 dis-

323 1491 478 1541 cendi
520 1493 893 1560 qnaerendique
932 1493 1123 1545 divinae
1164 1492 1389 1546 delecta·

325 1567 454 1631 tioni
477 1574 593 1619 toto
616 1584 672 1619 se
689 1570 860 1620 animo
879 1570 1116 1622 dederet.
1162 1572 1388 1623 Consule

323 1643 618 1708 Diogenem
640 1645 925 1699 Laenium.

385 1727 411 1753 e
430 1722 920 1787 Socratis-venenam]
944 1727 1029 1775 De
1054 1723 1268 1776 Socrate
1279 1727 1388 1791 jam
1411 1755 1436 1768 ω

322 1796 527 1848 dictum
568 1807 685 1850 esta
730 1808 971 1864 superest
1007 1816 1169 1866 genus
1208 1804 1389 1854 mortis

321 1872 494 1922 illius:
531 1873 762 1925 decessit
798 1883 973 1926 autem
1013 1878 1193 1927 hausto
1234 1893 1389 1929 succo

322 1949 517 2000 cicutae
540 1957 817 2014 venenato,
835 1967 935 2017 quo
960 1953 1302 2006 Athenienses
1324 1954 1389 2006 ad

320 2025 590 2088 publicum
624 2028 805 2076 mortis
837 2028 1147 2092 supplicium
1180 2031 1391 2082 uteban-

321 2109 441 2151 tur:
479 2102 600 2153 hinc
633 2108 647 2131 ⁸
668 2104 951 2167 Socrates,'
982 2106 1151 2171 inquit
1188 2106 1391 2168 Cicero,

319 2178 334 2204 ‘
361 2192 480 2227 cum
504 2192 661 2242 paene
681 2177 790 2242 jam
822 2180 874 2229 in
899 2195 1049 2229 manu
1073 2181 1389 2233 mortiferum

319 2253 449 2303 illud
475 2261 683 2304 teneret
707 2255 963 2320 poculum,
978 2257 1179 2306 locutus
1197 2258 1270 2309 ita
1291 2266 1390 2323 est,

1470 1187 1602 1250 sive,
1633 1191 1695 1236 nt
1733 1186 1844 1237 vult
1880 1185 2106 1251 Lipsius,
2143 1185 2332 1248 Canus,
2349 1180 2533 1234 eodem

1470 1277 1572 1328 quo
1597 1262 1797 1312 Seneca
1813 1263 2000 1312 saeculo
2020 1268 2193 1326 natus,
2212 1259 2533 1326 praestantis·

1470 1339 1630 1388 simus
1669 1338 2018 1403 philosophus,
2048 1352 2082 1388 a
2110 1337 2258 1400 Caio,
2280 1351 2397 1387 cum
2428 1350 2533 1401 qno

1470 1413 1559 1466 diu
1580 1416 1862 1465 altercatus
1893 1413 2086 1477 fuerat,
2118 1418 2285 1463 morte
2318 1412 2531 1463 damna·

1471 1497 1576 1555 tus,
1613 1493 1744 1542 hanc
1773 1507 1891 1542 cnm
1913 1489 2206 1542 incredibili
2229 1490 2383 1540 animi
2409 1503 2530 1539 con-

1469 1569 1660 1620 stantia
1680 1569 1857 1633 subiit,
1876 1576 1937 1620 ut
1958 1568 2122 1620 refert
2142 1568 2253 1634 ipse
2274 1568 2474 1619 Seneca
2492 1565 2528 1615 1.

1470 1647 1536 1697 de
1559 1647 1750 1713 Tranq.
1775 1661 1822 1698 c.
1846 1651 1928 1698 14.
2110 1693 2113 1698 ,

1533 1721 1644 1774 hAt
1683 1723 1905 1789 Senecas]
1943 1724 2141 1773 Seneca
2174 1718 2531 1786 philosophus,

1469 1801 1524 1851 S.
1562 1802 1731 1852 Paulo
1771 1816 2049 1868 aequaevns,
2083 1800 2249 1865 primo
2283 1814 2315 1849 a
2337 1795 2534 1849 Christi

1469 1879 1746 1929 nativitate
1783 1878 1977 1929 saeculo
2009 1876 2206 1939 floruit,
2240 1881 2535 1941 praeceptor

1469 1954 1714 2018 Neronis,
1744 1969 1776 2004 a
1802 1970 1904 2020 quo
1935 1969 2051 2005 cum
2083 1952 2380 2017 ingentibus
2403 1951 2531 2002 divi·

1470 2031 1560 2081 tiis
1583 2031 1874 2082 cumulatus
1903 2028 2107 2094 fuisset,
2135 2037 2302 2080 morte
2324 2029 2535 2079 damna«

1471 2114 1556 2157 tus
1579 2116 1690 2158 ests
1727 2110 1744 2137 ‘
1769 2106 2053 2171 Quamvis,’
2075 2113 2135 2156 nt
2158 2107 2232 2156 ait
2251 2105 2529 2156 Suetonius

1470 2183 1523 2233 in
1547 2183 1674 2232 Vita
1700 2183 1943 2247 Neronis,
1971 2183 1987 2212 ‘
2010 2197 2154 2247 saepe
2186 2187 2530 2232 commeatum

1471 2262 1693 2326 petenti,
1723 2260 1969 2325 bonisque
2003 2258 2237 2321 cedenti,
2256 2264 2532 2322 persancte

320 2337 384 2380 nt
420 2345 526 2380 non
569 2332 635 2381 ad
674 2339 894 2382 mortem
933 2330 1091 2395 trudi,
1122 2347 1298 2384 verum
1336 2333 1390 2384 in
1461 2337 1718 2401 jurasset,
1738 2343 2038 2402 suspectum
2072 2325 2128 2385 se
2159 2333 2373 2397 frustra,
2394 2333 2534 2399 peri-

320 2407 511 2456 coelum
544 2408 814 2469 videretur
843 2408 1126 2459 ascendere
1145 2409 1179 2460 ι’
1212 2417 1268 2461 et
1302 2413 1389 2462 Se·

321 2498 455 2534 neca
481 2484 654 2549 Epist.
684 2489 769 2535 67.
800 2485 817 2513 ‘
834 2484 1021 2549 Calix,'
1051 2485 1283 2552 inquit,⁷‘
1304 2504 1388 2538 ve-

320 2568 561 2624 nenatus,
603 2563 692 2627 qui
738 2563 1012 2613 Socratem
1051 2560 1322 2616 transtulit
1358 2580 1389 2616 e

320 2651 539 2688 carcere
561 2639 613 2688 in
638 2639 859 2690 coelnm.’

383 2714 409 2748 f
422 2717 634 2766 Ζεποηίε
649 2714 902 2780 tormenta]
919 2717 983 2768 In
1001 2716 1211 2769 Zenone
1227 2719 1386 2770 etiam

317 2799 445 2842 ante
468 2792 709 2842 Platonis
732 2799 944 2843 aetatem
968 2794 1228 2858 sapientia
1255 2797 1387 2847 male

319 2874 546 2933 excepta
576 2867 698 2920 fuit.
765 2870 911 2919 Zeno
942 2871 1077 2919 enirn
1114 2871 1227 2935 ipso
1264 2887 1388 2938 quo-

320 2961 422 3010 que
446 2947 668 2997 Socrate
690 2945 953 3012 antiquior
973 2948 1138 2997 multa
1169 2955 1389 3014 propter

319 3039 467 3075 suam
481 3026 792 3090 sapientiam
807 3033 1071 3076 tormenta
1085 3040 1265 3091 passus
1281 3034 1385 3079 est:

318 3103 413 3152 sed
438 3117 678 3168 quaenam
701 3104 790 3153 iila
811 3101 1025 3167 fuerint,
1063 3105 1241 3170 quisve
1274 3105 1388 3155 illo-

321 3193 435 3228 rum
466 3186 672 3243 auctor,
704 3194 807 3229 uon
847 3188 1073 3233 constat.
1139 3183 1390 3234 Probabi-

320 3256 420 3306 lins
443 3263 528 3306 est
551 3257 835 3320 Zenonem,
856 3258 976 3308 dum
993 3258 1077 3308 hic
1100 3260 1278 3309 Eleam
1301 3276 1389 3325 pa·

324 3334 476 3383 triam
516 3335 569 3383 in
606 3334 904 3385 libertatem
936 3335 1201 3387 vindicare
1236 3353 1388 3388 cona·

320 3416 485 3472 retur,
522 3411 748 3461 Nearchi
779 3412 988 3476 tyranni
1013 3412 1168 3476 jussu
1190 3415 1387 3464 crucia·

322 3486 605 3549 tunginter
620 3492 883 3536 tormenta
898 3487 1127 3550 linguam
1142 3488 1387 3540 dentibus

317 3560 626 3624 praecidisse
659 3566 716 3610 et
748 3560 799 3610 in
835 3562 1017 3626 Cyprii
1046 3563 1202 3628 Regis
1223 3565 1385 3615 inter-

319 3638 553 3702 rogantis
578 3636 1068 3704 faciem‘exspuis'se.
1117 3641 1133 3668 ‘
1153 3640 1385 3692 Anaxar-

318 3713 491 3778 chum,
523 3714 889 3763 Democritum
925 3730 957 3765 a
985 3715 1179 3780 Cyprio
1213 3724 1385 3782 tyran·

316 3804 383 3840 no
406 3787 840 3839 excarnificatum
864 3793 1195 3856 accepimus,'
1215 3794 1384 3860 inquit

314 3866 541 3928 Tullius,
573 3865 590 3894 ‘
611 3865 873 3915 Zenonem
910 3867 1145 3918 Eleatem
1187 3869 1239 3919 in
1278 3878 1384 3921 tor·

314 3942 510 3992 mentis
533 3943 816 4006 necatum‚’
855 3959 1041 4008 nempe
1074 3961 1104 3994 a
1140 3947 1385 3998 Nearcho

316 4024 560 4081 tyranno.
623 4018 815 4084 Sicque
836 4022 974 4084 apud
995 4028 1199 4072 veteres
1224 4025 1385 4088 philo·

317 4097 502 4159 sophos
523 4097 764 4146 lacessita
786 4103 866 4145 est
888 4097 1164 4161 sapientia.

381 4179 405 4214 ⁸
438 4173 508 4222 At
542 4172 740 4236 Canius]
786 4186 851 4222 ιι.
889 4174 1085 4224 Eadem
1124 4175 1386 4240 sapientia

322 4248 473 4297 etiam
512 4249 654 4313 apud
694 4251 1015 4301 recentiores
1052 4253 1382 4317 philosophos

320 4326 558 4377 lacessita
599 4324 740 4378 fuit:
797 4341 915 4381 nam
956 4329 1127 4381 Julius
1170 4331 1382 4398 Canius,

1473 2421 1746 2481 turnmque
1800 2414 1991 2479 potius,
2040 2426 2190 2480 qnam
2239 2412 2531 2462 nociturum

1471 2492 1557 2543 ei.'
1596 2492 1695 2557 Hic
1714 2491 2041 2557 philosophus
2062 2491 2078 2518 ‘
2101 2489 2198 2540 sibi
2220 2503 2374 2539 venas
2397 2502 2532 2554 prae·

1469 2567 1687 2630 secans,'
1721 2568 1891 2633 inquit
1915 2573 2063 2616 vetus
2084 2566 2342 2629 interpres
2371 2564 2534 2617 Juveq

1466 2643 1598 2693 nalis
1631 2643 1741 2693 Sat.
1775 2656 1830 2692 v.
1863 2641 1879 2670 ⁴
1910 2654 2223 2705 crurumque
2253 2653 2409 2688 venas
2439 2638 2531 2689 ab·

1466 2732 1730 2782 rumpens,
1766 2724 1822 2767 et
1853 2717 2074 2767 durante
2108 2721 2284 2767 tractu
2316 2716 2530 2765 lentim·

1467 2793 1692 2858 dineque
1736 2793 1936 2854 mortis,
1974 2794 2159 2842 hausto
2204 2806 2420 2855 veneno,
2473 2798 2532 2841 et

1468 2877 1734 2936 postremo
1769 2868 1952 2919 calidae
1987 2882 2135 2933 aqnae
2174 2873 2418 2930 stagnum
2451 2866 2530 2915 in·

1468 2946 1681 3008 troiens,
1715 2944 2034 2995 exanimatus
2069 2941 2188 2993 est.'
2257 2942 2536 3013 Nimirum,

1469 3027 1529 3072 nt
1545 3020 1656 3086 ipse
1678 3021 1879 3071 Seneca
1893 3019 2084 3070 amicos
2101 3017 2388 3068 admirabili
2407 3034 2530 3087 con-

1468 3100 1684 3164 stantia,
1701 3105 1981 3164 antequam
2011 3102 2318 3158 moreretur,
2337 3097 2530 3146 allocn-’

1471 3185 1554 3229 tus
1572 3179 1677 3229 ait:
1710 3182 1726 3208 ⁶
1753 3178 1952 3228 Neroni
1975 3175 2208 3226 saevienti
2240 3177 2366 3227 nihil
2385 3177 2528 3228 alind

1469 3262 1763 3319 supererat,
1807 3261 1922 3318 post
1958 3259 2176 3303 matrem
2212 3251 2530 3321 fratremque

1468 3330 1795 3395 interfectos,
1816 3346 1970 3397 quam
1993 3338 2049 3381 ut
2082 3331 2376 3382 educatoris
2392 3347 2526 3399 prae·

1468 3410 1801 3476 ceptorisque
1823 3423 2002 3458 necem
2026 3408 2314 3472 adjiceret!

1533 3484 1636 3536 ’Δί
1656 3483 1884 3548 Soranos]
1920 3485 2115 3533 Bareas
2132 3482 2375 3544 Soranus,
2392 3497 2529 3548 prae·

1466 3561 1812 3612 stantissimus
1860 3561 1988 3609 item
2037 3560 2393 3625 philosophus,
2435 3560 2544 3611 Se:

1465 3654 1611 3690 necae
1656 3637 1888 3704 aeqnalis,
1912 3636 2125 3700 justitia
2158 3642 2317 3702 atque
2353 3635 2530 3688 indus·

1464 3716 1567 3766 tria
1587 3713 1894 3764 offensiones
1928 3712 2163 3776 ejusdem
2195 3713 2420 3764 Neronis
2450 3714 2529 3766 ita
2566 3740 2571 3745 ·

1463 3792 1629 3854 auxit,
1654 3797 1711 3840 ut
1736 3790 1803 3840 ad
1836 3796 2058 3839 mortem
2095 3794 2243 3840 actus
2270 3789 2429 3842 fuerit
2460 3793 2528 3848 ab
2572 3812 2576 3819 ²

1464 3869 1650 3920 eodem
1692 3875 1935 3931 tyrann0,
1986 3866 2073 3932 qui
2118 3868 2526 3932 magnitudinem

1465 3944 1858 4009 imperatoriam
1896 3941 2044 3992 caede
2080 3942 2355 4007 insignium
2396 3946 2543 3998 viro-¹

1466 4034 1599 4083 rum,
1635 4019 1779 4085 quasi
1813 4019 1958 4083 regio
1979 4017 2229 4083 facinore,
2262 4029 2544 4076 ostentare*

1464 4095 1762 4158 videbatur,
1809 4100 1868 4143 nt
1915 4094 1991 4143 ait
2046 4094 2319 4146 Cornelius
2361 4100 2526 4162 Tacit.

1464 4172 1656 4222 Annal.
1678 4171 1714 4221 l.
1739 4183 1857 4221 xvr.
1887 4170 1973 4219 Ne
1996 4179 2151 4233 putes
2173 4172 2254 4220 hic
2271 4173 2286 4198 ‘
2302 4172 2528 4239 canios,'

1462 4251 1478 4279 ‘
1514 4247 1773 4312 Senecas,’
1812 4253 1869 4296 et
1899 4246 1914 4274 ‘
1947 4245 2198 4297 Soranos’
2229 4247 2523 4311 significare

1462 4326 1750 4379 imitatores
1772 4330 1828 4374 et
1859 4335 2107 4388 sequaces
2143 4324 2389 4388 ejusmodi
2411 4328 2523 4394 phi-
