3049 4928
1009 421 1528 471 PHILOSOPHIAE
1580 425 1725 479 Lm.
1773 426 1881 475 111.

609 564 817 644 Quod
844 562 904 630 si
936 565 1244 632 Platonis
1276 568 1485 633 Musa
1505 570 1524 607 ⁸
1567 579 1886 654 personat
1914 593 2164 655 verum,

2414 411 2545 478 297

2458 579 2548 644 15
2615 633 2623 640 .

604 668 814 746 Quod
844 670 1131 755 quisque
1159 671 1390 751 discit,
1421 674 1768 740 immemor
1794 678 2198 743 recordatur.

341 888 384 935 si
417 889 561 940 Musa
587 892 809 943 Platonis
827 893 944 942 dicit
967 908 1154 944 vnum.-
1186 896 1307 961 quod
1336 895 1647 960 unusquisque
1681 898 1909 962 addiscit,
1938 898 2077 961 hujus
2096 900 2418 950 reminiscitur
2436 906 2547 950 ante

342 955 531 1007 oblitus.

1332 1059 1554 1113 NOTAE

340 1190 499 1254 ribus,
519 1205 780 1256 nunqnam
803 1207 983 1243 verum
1005 1198 1307 1258 rectumque
1337 1192 1404 1244 de

339 1269 416 1318 his
437 1267 580 1319 feret
593 1269 871 1334 judicium.
910 1271 1205 1335 Propterea
1226 1272 1405 1335 Logici

341 1347 551 1412 docent,
570 1348 623 1397 in
641 1349 779 1398 omni
799 1348 1043 1402 methodo
1061 1364 1270 1415 semper
1293 1349 1405 1400 fieri

338 1438 672 1489 progressum
724 1441 754 1474 a
798 1426 1084 1477 notioribus
1126 1427 1190 1477 ad
1236 1428 1402 1478 minus

337 1508 483 1553 nota.

401 1582 422 1611 f
453 1581 676 1631 Platonis
729 1583 896 1648 Musa]
950 1585 1071 1635 Non
1146 1583 1407 1647 approbat

340 1656 549 1720 quidem
573 1659 907 1725 Philosophia
938 1661 1250 1710 sententiam
1284 1661 1405 1710 Pla-

338 1734 494 1796 tonis,
528 1734 582 1782 in
619 1735 891 1800 hoc·quod
928 1737 1181 1801 docuerit,
1202 1746 1404 1788 mentes

338 1809 590 1860 humanas
642 1813 879 1863 conditas
927 1813 1084 1866 fuisse
1124 1823 1406 1881 antequam

339 1887 416 1937 hae
454 1890 752 1957 conjunctas
791 1890 988 1944 fuerint
1023 1910 1139 1946 cum
1174 1896 1404 1961 corpori-

1484 1194 1615 1255 bus3
1663 1195 1916 1260 siquidem
1967 1196 2022 1247 id
2076 1197 2302 1247 naturali
2355 1198 2548 1250 lumine

1484 1273 1729 1335 cognosci
1764 1287 1866 1322 non
1900 1288 2053 1337 posse
2087 1274 2327 1339 videtur3
2363 1275 2453 1324 sed
2491 1277 2545 1325 in

1481 1348 1580 1398 hoc
1599 1349 1737 1415 quod
1757 1352 2041 1413 putaverit,
2060 1352 2408 1414 cognitionem
2426 1353 2548 1401 Phi-

1482 1427 1804 1489 losophicam
1851 1428 1927 1477 ita
1973 1427 2039 1477 ab
2081 1425 2264 1477 innata
2306 1427 2448 1490 oriri,
2487 1437 2549 1479 ut

1482 1503 1850 1567 Philosophica
1891 1504 2014 1553 nihil
2068 1503 2207 1554 aliud
2266 1505 2354 1568 sit,
2392 1519 2547 1570 qnam

1481 1580 1663 1630 modus
1693 1581 1911 1643 innatae,
1935 1582 2043 1631 sive
2077 1582 2255 1631 innata
2286 1580 2546 1631 modifica-

1484 1665 1574 1707 ta:
1613 1659 2046 1724 quemadmodum
2086 1659 2342 1724 appetitio
2384 1659 2549 1709 libera

1485 1735 1783 1787 divitiarum
1816 1737 1942 1786 nihil
1968 1736 2103 1786 aliud
2141 1744 2242 1799 est,
2267 1751 2418 1801 quam
2445 1751 2551 1786 mo·

1486 1814 1583 1864 dus
1604 1815 1909 1866 necessarias
1930 1814 2270 1879 appetitionis
2291 1815 2431 1864 circa
2458 1813 2549 1865 bo·

1483 1907 1605 1943 num
1631 1894 1943 1962 generatim.
1998 1894 2354 1957 Propterea—-

1164 2410 1488 2480 PROSA
1534 2413 1715 2482 XII.

428 2576 603 2642 Tum
638 2599 789 2663 ego,
810 2581 1125 2661 Platoni}
1151 2582 1455 2668 inquam,
1480 2584 1912 2652 vehementer
1940 2587 2301 2653 assentior:
2325 2594 2353 2623 ¹⁸
2397 2607 2546 2654 nam

420 2776 436 2809 ³
459 2780 621 2831 Citato
645 2795 781 2833 versu
803 2786 884 2834 15.
918 2784 1075 2834 Meu-i
1108 2785 1380 2848 superioris.

1339 2948 1559 3004 NOTAE

406 3084 430 3109 ¹¹
466 3077 682 3143 Platoni,
700 3079 912 3143 inquam,
932 3080 1225 3131 vehementer
1248 3096 1405 3134 assen-

343 3154 460 3220 tior]
542 3156 803 3207 Praedicta
850 3158 1084 3208 Platonis
1149 3160 1408 3210 sententia

344 3234 408 3283 de
442 3234 804 3285 recordatione
836 3238 892 3285 in
921 3236 1125 3285 duobus
1147 3244 1404 3288 versatur.

343 3311 583 3361 Alterum
618 3319 718 3377 est,
738 3320 937 3363 mentes
969 3312 1238 3378 humanas,
1260 3321 1405 3365 ante·

343 3402 495 3452 quam
547 3389 627 3438 hae
682 3388 987 3453 corporibus
1036 3390 1407 3456 jungerentur,

341 3462 502 3515 fuisse
518 3464 777 3527 conditas,
791 3471 848 3514 et
860 3479 1030 3515 rerum
1045 3466 1270 3515 omnium
1287 3466 1407 3517 doc-

342 3544 483 3591 trina
504 3541 786 3606 praeditasz
821 3542 958 3591 sicut
990 3542 1305 3593 Aristoteles
1330 3545 1405 3594 ait

338 3634 402 3670 u.
436 3621 504 3671 de
539 3622 676 3672 Gen.
743 3620 999 3682 Alterum,
1021 3622 1230 3672 easdem
1264 3637 1405 3674 men·

340 3705 424 3749 tes
445 3704 665 3763 propter
684 3713 831 3748 suum
866 3713 981 3749 cum
1015 3713 1235 3763 corpore
1270 3715 1404 3750 com-

331 3777 592 3826 mercium
610 3777 898 3840 praeteritae
916 3791 1022 3826 suae
1040 3776 1289 3827 doctrinm
1314 3778 1404 3828 ob-

342 3854 462 3903 litas
493 3853 672 3917 fuisse,
694 3853 860 3903 donec
894 3870 987 3904 suo
1020 3855 1406 3919 magistrorum-

341 3945 443 3995 que
487 3930 666 3984 labore
710 3931 977 3982 discentes
1017 3932 1244 3997 antiquae
1298 3947 1403 3983 suae

341 4008 649 4060 eruditionis
679 4010 841 4060 veluti
874 4022 1126 4060 memores
1165 4010 1406 4060 recorda-

341 4093 543 4136 rentur.
607 4086 844 4137 Primum
890 4086 1196 4151 quibusdam
1245 4087 1405 4137 etiam

341 4163 649 4214 Christianis
679 4164 901 4229 placuit,
923 4170 983 4213 ut
1017 4163 1236 4227 Origeni
1262 4180 1275 4213 ι
1310 4165 1404 4215 sed

333 4239 604 4291 refutatur
647 4255 765 4291 eum
808 4242 979 4305 Epist.
1019 4240 1206 4291 Leonis
1252 4254 1293 4292 1.
1335 4241 1404 4290 ad

343 4319 609 4371 Turibium
654 4319 1042 4370 Asturicensem
1077 4320 1409 4384 episcopum;

1489 3091 1600 3131 tum
1627 3081 1824 3132 Concil.
1859 3080 2233 3132 Braccharensi
2256 3094 2294 3129 ι.
2317 3094 2363 3130 c.
2376 3083 2425 3129 6.
2457 3077 2551 3129 Al-

1488 3167 1657 3209 terum
1680 3174 1807 3209 vero
1841 3173 1869 3208 a
1891 3159 2114 3209 Boethio
2148 3157 2322 3223 potuit
2360 3171 2550 3221 appro-

1486 3236 1622 3300 bari,
1650 3243 1903 3301 quatenus
1938 3250 2080 3285 meus
2114 3235 2335 3285 humana
2367 3232 2419 3282 in
2443 3247 2549 3282 om-

1487 3313 1541 3362 ni
1574 3312 1819 3363 methodo
1862 3327 2068 3377 semper
2091 3327 2122 3361 a
2152 3310 2440 3361 notioribus
2481 3308 2549 3357 ad

1486 3392 1654 3441 minus
1677 3399 1802 3442 nota
1840 3390 2194 3456 progreditur,
2214 3390 2288 3438 ita
2323 3394 2383 3437 nt
2410 3401 2552 3452 quae-

1487 3483 1709 3535 cumque
1748 3468 1891 3518 notio
1934 3481 2121 3517 recens
2155 3465 2427 3532 habeatur,
2460 3465 2554 3518 illa

1488 3547 1560 3597 sit
1635 3547 1855 3610 alicujus
1927 3545 2268 3610 praenotionis
2334 3543 2548 3594 modus:

1488 3623 1918 3690 quemadmodum
1954 3622 2205 3688 quaelibet
2237 3635 2372 3672 nova
2392 3634 2550 3684 appe-

1488 3702 1606 3751 titio
1633 3701 1821 3765 prioris
1855 3713 2062 3764 semper
2098 3704 2179 3748 est
2210 3697 2550 3762 appetitionis

1486 3778 1686 3829 modus.
1736 3778 1826 3830 *Et
1859 3783 2006 3827 certe
2044 3791 2161 3825 cum
2199 3773 2451 3837 cogitatio
2484 3774 2552 3823 sit

1484 3858 1602 3920 ipsa
1643 3856 1833 3906 mentis
1874 3856 2110 3905 humanae
2152 3853 2282 3914 vita,
2330 3866 2551 3916 cumque

1486 3947 1631 3982 mens
1653 3932 1836 3981 eadem
1859 3946 1961 3980 non
1996 3929 2228 3995 potuerit
2261 3929 2429 3979 creari
2451 3928 2551 3977 nisi

1486 4011 1611 4059 vitae
1655 4009 1938 4073 particeps,
1970 4020 2290 4073 consequens
2326 4004 2553 4068 videtur,

1487 4094 1714 4137 mentem
1753 4087 2027 4135 humanam
2051 4097 2081 4132 a
2114 4082 2279 4147 primo
2310 4095 2402 4131 suo
2431 4087 2551 4130 ortu

1484 4162 1754 4227 praedictis
1773 4159 2194 4225 cogitationibus„
2208 4156 2437 4221 generali
2451 4156 2552 4205 sci-

1486 4241 1612 4290 licet
1653 4240 1864 4289 notione
1902 4244 1959 4285 et
1995 4232 2322 4300 appetitione
2367 4234 2552 4283 summi

1488 4319 1632 4383 boni,
1657 4316 1899 4369 affectam
1921 4314 2098 4366 fuisse.
