3049 4928
948 404 1045 451 DE
1088 404 1463 453 snvnmNo
1514 406 1858 456 sommo,
2375 391 2503 463 565

334 550 554 613 lucidos
580 553 1044 624 commentarioS,
1083 572 1140 630 p.
1179 550 1309 614 156.
1357 553 1593 615 Nicolai
1636 556 1833 617 Cronii
1863 556 1998 617 Car.
2030 558 2104 617 de
2131 556 2310 619 Viscb
2348 562 2499 621 Bibl.

341 657 473 711 250.

388 748 479 822 ,In
506 746 815 827 Polycarpi
842 744 1075 826 Leyseri
1102 746 1338 807 historia
1366 749 1667 826 poetarum
1706 757 1763 807 et
1809 757 2141 827 poematum
2172 753 2345 813 medii
2372 755 2500 826 aevi,

334 841 489 906 edita
507 846 676 905 Halae
711 851 883 914 1721.
904 852 959 904 8.
981 841 1081 921 qui
1107 842 1384 903 editiones
1412 843 1639 905 Boethii
1670 865 1802 925 pag.
1831 853 1930 916 95.
1962 848 2153 925 plures
2181 862 2502 925 enumerat,

332 950 390 1002 et
412 962 546 1023 pag.
583 950 716 1004 105.
746 962 866 1019 seq.
906 951 1088 1001 metra
1124 941 1441 1001 Bo’ethiana
1472 942 1737 1003 universa
1779 964 1850 1004 ex
1878 944 2065 1004 tribus
2097 948 2240 1005 Mss.
2271 947 2504 1008 Codici-

331 1040 440 1099 bus
469 1038 806 1100 Academiae
834 1038 1315 1098 Helmstadiensis
1344 1048 1403 1099 et
1436 1049 1688 1118 quatuor
1712 1041 2068 1104 editionibus
2097 1044 2376 1124 castigata
2404 1067 2506 1106 ex-

330 1135 510 1209 hibet,
540 1134 813 1197 laudatur
836 1134 1017 1194 editio
1043 1133 1288 1213 antiqua
1316 1136 1373 1194 in
1405 1134 1547 1196 folio
1572 1137 1693 1197 sine
1720 1137 1855 1198 loco
1882 1148 1942 1201 et
1968 1160 2139 1215 anuo,
2169 1162 2301 1202 cum
2333 1143 2419 1202 his
2446 1144 2503 1201 in

331 1230 442 1292 fine
469 1233 769 1295 versibus?

566 1330 684 1390 Hic
714 1349 841 1390 mea
868 1331 944 1390 de
970 1348 1144 1406 prora
1169 1328 1229 1388 in
1257 1329 1417 1390 littus
1438 1331 1705 1409 jactetur
1731 1341 1997 1411 apertum

560 1430 837 1487 Ancora:
880 1445 1061 1505 parva
1087 1424 1298 1486 cadant
1325 1425 1600 1487 ducentia
1626 1429 1757 1487 vela
1782 1427 2049 1490 faselum.
2426 1497 2427 1500 Ἴ

404 1524 670 1584 Excusus
697 1523 870 1583 etiam
902 1523 1132 1583 Bo‘ethii
1159 1522 1308 1583 liber
1336 1523 1599 1584 Piuerolii
1638 1533 1809 1598 1479.
1838 1525 1939 1586 fol.
1972 1546 2076 1606 per
2101 1529 2394 1589 Jacobum
2425 1530 2501 1592 de

328 1619 569 1681 Rubeis.

406 1718 556 1777 Cum
588 1716 1005 1777 commentario
1034 1717 1245 1779 Colon.
1298 1725 1472 1780 1482.
1516 1726 1575 1777 4.
1603 1728 1662 1779 et
1705 1720 1930 1779 Lovan.
1974 1740 2082 1800 per
2118 1724 2400 1783 Joannem
2432 1725 2507 1783 de

324 1812 628 1874 Westfalia
661 1822 834 1875 1484.
857 1812 962 1874 fol.
2072 1810 2076 1815 ’

399 1910 552 1970 Cum
585 1911 1023 1982 commentarit),
1053 1921 1114 1970 et
1158 1911 1249 1970 Jo.
1288 1911 1552 1988 Gersone
1593 1912 1667 1971 de
1698 1912 2109 1973 Consolatione
2147 1914 2506 1991 Theologiae,

321 2003 531 2068 Colon.
561 2027 668 2086 per
692 2009 974 2068 Ioannem
1005 2007 1253 2068 Koelhof
1272 2008 1345 2068 de
1369 2008 1608 2070 Lubeck
1648 2018 1825 2071 1488.
1856 2008 1961 2069 fol.

359 2137 365 2143 ·
397 2104 549 2165 Cum
580 2103 1001 2165 commentario
1028 2104 1241 2165 Jodoci
1273 2105 1441 2165 Badii
1471 2106 1734 2164 Ascensii
1763 2106 1947 2166 Paris.
1985 2114 2157 2178 1495.
2186 2114 2245 2165 4.

399 2199 620 2278 Lipsiae
655 2209 826 2270 1498.
855 2210 914 2261 4.
956 2210 1020 2260 et
1053 2208 1223 2262 1505.
1260 2209 1433 2263 1513.
1463 2199 1570 2282 fol.
1599 2221 1700 2279 per
1742 2202 2139 2264 Baccalarium
2189 2203 2506 2263 Martinum

316 2294 712 2375 Lantzbergk,
741 2298 1245 2376 Herbipolensem.

397 2394 576 2453 Circa
623 2392 802 2452 finem
848 2393 1054 2453 saeculi
1079 2409 1191 2452 XV.
1232 2393 1341 2452 hoc
1388 2393 1559 2456 titulo
1585 2413 1601 2452 ε
1646 2393 1930 2454 ‘Boetius
1980 2392 2056 2453 de
2106 2394 2506 2454 consolatione

305 2490 759 2571 philosophica,
787 2500 847 2552 et
874 2490 949 2551 de
976 2490 1283 2568 disciplina
1311 2490 1666 2550 scholarium
1696 2510 1826 2551 cum
1855 2490 2286 2552 commentariis
2315 2491 2392 2550 ab
2419 2491 2508 2549 in-

314 2587 497 2649 finitis
542 2589 666 2649 fere
716 2587 1002 2647 erroribus
1048 2586 1411 2646 emaculatiS.
1498 2586 1780 2647 Additum
1831 2596 1922 2647 est
1969 2605 2205 2646 carmen
2246 2584 2510 2661 juvenile

313 2685 562 2763 Sulpitii
608 2684 683 2744 de
710 2685 966 2745 moribus
996 2685 1055 2743 in
1105 2703 1304 2744 mensa
1333 2682 1646 2755 servandis,
1673 2692 1734 2743 et
1761 2683 2106 2753 Quintiliani
2147 2691 2507 2762 praeceptum

312 2782 387 2842 de
417 2781 623 2844 officio
640 2780 1127 2842 scholasticorum
1148 2799 1283 2857 erga
1303 2779 1731 2858 praeceptores!
1781 2779 2010 2854 Insigne
2038 2782 2073 2841 J
2080 2780 2285 2840 oannis
2313 2779 2505 2849 Clein,

308 2878 371 2941 in
414 2888 480 2941 4.
562 2878 982 2939 Commentarii
1026 2886 1160 2938 sunt
1198 2879 1263 2941 S.
1307 2877 1560 2937 Thomae
1609 2876 1683 2936 de
1719 2877 1960 2954 Aquino
1995 2887 2055 2939 et
2094 2876 2309 2938 Jodoci
2339 2875 2510 2935 Badii

308 2975 618 3037 Ascensii.
702 2975 918 3054 Pagina
970 2975 1172 3035 ultima
1216 2973 1466 3053 legitur:
1506 2974 1832 3034 ‘Antonius
1877 2983 2080 3053 petrus
2126 2973 2508 3034 Duvelandus

308 3071 597 3132 studiosis
620 3071 886 3133 salutem.
929 3071 1210 3149 Accipite
1230 3072 1500 3132 Boetium
1528 3070 1600 3130 de
1624 3072 1927 3130 consolatu
1948 3070 2379 3150 philosophico,
2398 3069 2510 3127 du-

305 3167 458 3246 plici
514 3167 936 3229 commentario
990 3165 1407 3246 explanatum.
1468 3168 1757 3231 Erratulis
1813 3168 2025 3229 nostris
2082 3167 2251 3227 facile
2303 3176 2509 3244 parcet

303 3283 484 3343 spero
529 3264 867 3344 quicunque
895 3265 1050 3325 hunc
1079 3276 1338 3326 nostrum
1364 3265 1630 3327 Boetium
1661 3265 1929 3326 cumillis
1956 3266 2058 3344 qui
2087 3266 2372 3325 hactenus
2401 3263 2509 3322 im-

304 3361 501 3439 pressi
550 3371 687 3422 sunt
733 3359 1031 3422 conferet:
1095 3362 1146 3421 si
1197 3371 1390 3423 tamen
1439 3362 1636 3440 aliqua
1689 3380 1804 3420 non
1846 3360 2157 3439 expiabilia
2204 3360 2508 3428 invenerit,

306 3458 640 3536 exemplari
688 3478 808 3543 quo
852 3460 943 3519 usi
985 3479 1184 3520 sumus
1220 3479 1325 3518 oro
1353 3459 1628 3519 ascribat.
1715 3459 1802 3519 Ex
1831 3457 2247 3537 calcographia
2273 3457 2510 3518 Joannis

302 3553 481 3615 Clein
505 3554 823 3616 Alemanni
841 3556 986 3619 nulli
1013 3556 1422 3636 impressorum
1448 3554 1824 3635 LugdunenS.
1848 3556 2089 3618 secundi
2114 3575 2272 3615 nono
2293 3554 2509 3614 Kalen-

303 3649 419 3711 das
450 3649 787 3712 Octobris!

386 3749 779 3825 Argentorat.
816 3755 990 3811 1501.
1018 3747 1123 3808 fol.
1156 3767 1290 3809 cum
1318 3734 1526 3811 iisdem
1557 3748 2001 3812 commentariis.
2088 3802 2094 3809 .

386 3843 694 3903 Praeterea
717 3843 918 3903 excusi
946 3842 1006 3903 hi
1034 3844 1237 3916 libelli,
1266 3845 1387 3905 sine
1428 3846 1601 3918 notiS,
1633 3847 1940 3907 Florentiae
1977 3852 2151 3906 1518.
2181 3855 2242 3903 et
2268 3861 2374 3919 per
2402 3839 2511 3901 Ni-

303 3937 564 4000 colaum
588 3941 917 4012 Crescium,
940 3960 1123 4020 opera
1150 3941 1448 4002 haeredum
1479 3943 1738 4022 Philippi
1779 3945 1976 4003 Juntae
2014 3950 2187 4001 1521.
2219 3948 2275 4001 8.
2303 3938 2361 3997 in
2393 3956 2511 4015 qua

304 4035 695 4097 Sitzmannus
722 4037 1105 4114 deprehendit
1127 4038 1376 4117 optimas
1403 4037 1546 4110 fere,
1578 4060 1725 4118 quas
1746 4062 1777 4101 e
1799 4039 1941 4098 Mss.
1964 4047 2196 4105 eruerat
2222 4024 2508 4116 ingeniive

302 4131 650 4192 restituerat
676 4132 1055 4208 adminiculo,
1087 4135 1363 4197 lectiones
1393 4134 1615 4202 haberi,
1645 4141 1655 4195 “,
