3049 4928
586 421 889 469 Bom'ml
941 420 1040 468 DE
1087 416 1395 467 CONSOB-

313 564 407 625 rit,
456 577 572 626 que
614 568 857 626 pure-„et
917 561 1161 622 sanguine
1203 561 1373 625 plenoe

313 642 553 693 oriantur
589 640 644 689 in
679 655 916 705 corpore,
957 640 1104 689 unde.
1134 638 1374 688 strumosi

315 719 582 780 dicuntur,
654 716 792 782 quod
858 716 1074 766 Boetius
1134 715 1375 767 credidit.

318 795 474 845 Rern.
1194 833 1199 837 -

390 871 527 921 Unde
548 869 787 933 fatuum]
820 870 1060 920 Carmine
1081 883 1176 920 ιιι.
1202 871 1220 899 ‘
1237 869 1378 923 Quid

317 954 424 1010 est,
463 946 700 1010 Catulle,
746 947 868 1011 quid
921 948 1138 997 moraris
1182 948 1379 998 emori?

318 1024 457 1074 Sella
478 1024 531 1073 in
556 1024 723 1073 curuli
743 1025 955 1074 Struma
974 1024 1175 1074 Nonius
1198 1025 1376 1076 sedet:

318 1100 433 1151 Pet
472 1101 793 1150 consulatum
859 1100 1063 1164 pejerat
1125 1101 1378 1151 Vatinius.

319 1176 463 1227 Quid
489 1183 590 1239 est,
611 1177 835 1240 Catulle,
863 1176 986 1242 quid
1010 1179 1222 1229 moraris
1245 1193 1382 1229 emo-

318 1253 410 1303 ri?
443 1252 615 1304 Sitzm.

390 1330 606 1380 Nonium
622 1330 866 1380 &umam
884 1331 1111 1395 appellat]
1133 1329 1381 1380 Notanda

321 1406 423 1457 hoc
457 1406 570 1455 loco
600 1404 899 1470 ἀνιστορησία
920 1408 1081 1456 nostri
1104 1406 1300 1468 Boe‘tii,
1326 1406 1380 1455 in

323 1497 390 1533 eo
412 1483 548 1547 qued
570 1484 825 1532 Strumam
849 1497 950 1532 non
970 1496 1257 1546 cognomen
1275 1483 1381 1532 No·-

325 1558 400 1607 nii
444 1564 614 1622 putat,-
657 1559 750 1608 sed
794 1560 1096 1609 convicium.
1177 1560 1383 1609 Plinius

320 1634 416 1685 lib.
445 1647 668 1684 xxxvu.
725 1650 841 1698 cap.
872 1640 923 1685 6.
970 1637 987 1664 ‘
1021 1635 1107 1686 Ab
1152 1635 1383 1685 Antonio

323 1713 646 1776 proscriptus
669 1713 865 1763 Nonius
887 1721 989 1776 est,
1007 1713 1141 1763 filius
1158 1715 1383 1764 Strumae

325 1788 488 1839 Nonii
513 1787 647 1852 ejus,
679 1803 831 1853 quem
873 1790 1106 1840 Catullus
1131 1789 1300 1839 Poeta
1332 1789 1385 1838 in

325 1864 459 1913 sella
519 1864 688 1914 curuli
751 1865 918 1914 visum
971 1866 1184 1929 indigne
1229 1866 1385 1918 tulit!

327 1942 468 1993 Vide
491 1942 876 2007 Castigationes
915 1944 966 1992 in
986 1945 1102 1993 Val.
1128 1945 1388 1995 Catullum

326 2019 545 2069 illustris
582 2028 637 2068 et
676 2020 1098 2084 incomparabilis
1120 2021 1213 2070 viri
1239 2023 1389 2073 Jose-

328 2096 419 2160 phi
442 2094 721 2157 Scaligeri:
761 2096 886 2144 item
924 2096 1273 2148 Commentar.
1310 2099 1389 2150 M.

329 2170 531 2222 Anton.
575 2171 772 2220 Mureti
821 2172 884 2220 ad
931 2171 1161 2236 ejusdem
1207 2174 1389 2225 Po‘etae

334 2248 566 2300 Carmin.
589 2252 669 2298 53.
706 2249 858 2298 Idem.

397 2326 646 2377 Str-umam
675 2326 903 2389 appellat]
936 2327 1121 2390 Neque
1157 2326 1239 2377 hic
1277 2332 1392 2390 gut-⁵

334 2401 499 2452 talam
541 2416 572 2451 e
615 2400 825 2451 flumine
878 2403 1067 2452 Lethes
1109 2404 1277 2453 hausit
1314 2405 1393 2453 vir

331 2480 605 2540 maximus,
626 2495 790 2544 neque
812 2480 1113 2544 ἆνιστορησία
1135 2481 1184 2529 iu
1210 2497 1271 2531 eo
1303 2496 1393 2531 no-

333 2562 500 2617 tatur,
520 2554 657 2619 qnod
681 2561 924 2606 strumam
948 2557 1003 2605 in
1026 2557 1219 2606 Catulli
1243 2571 1394 2606 versu

336 2631 631 2681 convicium
650 2645 758 2680 esse
778 2633 1179 2692 existimaverit3
1201 2640 1259 2683 ut
1279 2639 1396 2695 post

330 2707 456 2759 Joh.
467 2708 797 2757 Murmelium
810 2709 1123 2772 scripserunt
1141 2709 1261 2759 Joh.
1272 2709 1398 2759 Ber-

338 2783 535 2841 nartius
566 2791 622 2833 et
654 2784 850 2834 Theod.
882 2785 1191 2835 Sitzmanus.
1270 2786 1399 2834 Fue-

337 2861 430 2911 rit·
457 2861 664 2925 quidem
705 2861 899 2924 Nonio,
929 2862 1153 2911 Strumae
1195 2876 1399 2926 praeno-

340 2951 483 3000 men,
513 2946 573 2987 ut
611 2952 676 2986 ex
715 2937 884 2987 Plinio
921 2938 1165 3002 colligere
1199 2939 1294 2987 sibi
1328 2937 1399 2986 vi-

344 3015 574 3074 dentur;
605 3014 718 3078 quis
743 3028 865 3063 vero
898 3022 1057 3077 neget
1090 3029 1189 3063 non
1213 3030 1275 3064 eo
1298 3015 1402 3066 for-

341 3098 485 3141 tasse
525 3097 728 3141 tumore
771 3089 1053 3141 deformem
1096 3090 1254 3142 fuisse
1295 3094 1403 3143 No-

344 3168 508 3229 nium,
544 3176 700 3232 atque
741 3169 863 3216 inde
898 3168 950 3216 id
988 3169 1207 3218 nominis
1246 3170 1403 3235 adep-

345 3254 481 3306 tum,
510 3254 570 3297 ut
614 3247 779 3306 Fabii,
829 3247 1054 3309 Lentuli,
1106 3248 1404 3312 Cicerones,

346 3324 606 3385 Caesares,
657 3326 967 3386 Frontones,
1021 3325 1215 3389 Flacci,
1263 3325 1405 3374 Stra·

344 3403 509 3452 bones
529 3401 658 3451 dicti
682 3408 804 3451 sunt
825 3409 981 3467 atque
1003 3403 1125 3452 alii?
1189 3403 1409 3452 Videtur

347 3493 496 3542 sane,
514 3486 622 3533 tum
644 3480 765 3544 quia
787 3493 935 3527 nemo
956 3486 1036 3529 est
1055 3480 1142 3544 qui
1163 3488 1411 3542 agnoscat

349 3557 507 3611 ullam
551 3556 695 3605 istius
733 3556 954 3605 nominis
1000 3555 1265 3617 familiam,
1299 3565 1409 3612 tum

348 3633 474 3698 quia
497 3632 755 3694 peculiare
793 3632 890 3682 hoc
918 3632 990 3680 illi
1016 3647 1266 3695 agnomen
1290 3631 1411 3692 fuit,

350 3723 457 3772 quo
478 3710 621 3758 illum
645 3724 675 3758 a
697 3708 805 3757 filio
828 3707 1072 3772 distingui
1092 3710 1288 3758 volunt.
1327 3706 1411 3757 Ad

349 3786 449 3834 hoc
473 3782 602 3834 facit
625 3786 760 3847 quod
790 3784 1002 3832 Romani
1040 3791 1242 3834 veteres
1276 3784 1413 3833 inter

349 3860 664 3912 laudandum
680 3860 885 3909 uomina
902 3861 1280 3924 agnominaque
1296 3874 1414 3909 con·

357 3939 634 4002 gerebant,
668 3943 726 3986 ut
768 3938 862 3986 Cai
901 3938 1101 4000 Caesar,
1142 3937 1413 3999 Ciceroni3

354 4018 539 4066 Marce
565 4016 720 4075 Tulli,
741 4015 975 4073 Catullo;
1009 4021 1064 4064 et
1084 4015 1198 4062 aliis
1232 4014 1415 4063 aliter:

357 4107 476 4143 cum
502 4106 625 4140 vero
644 4090 1016 4141 inveherentur
1045 4097 1135 4140 aut
1164 4092 1415 4140 convitia·

358 4175 560 4230 rentur,
594 4181 694 4216 non
739 4167 887 4229 item,
934 4173 995 4216 ut
1041 4167 1230 4230 passim
1277 4166 1418 4230 apud

357 4253 594 4299 oratores
618 4243 901 4308 poetasque
920 4243 1097 4294 videre
1114 4252 1214 4295 est.
1265 4244 1418 4294 Unde

360 4329 586 4389 apparet
616 4321 914 4386 ignominia
944 4321 1287 4388 conviciique,
1318 4334 1421 4371 non

2380 398 2510 465 4871

1448 568 1623 609 antem
1644 574 1824 610 versus
1862 567 1953 610 aut
1983 559 2192 610 honoris
2220 574 2378 609 causa
2404 561 2514 610 No-

1450 640 1588 689 nium
1629 641 1644 668 ‘
1669 639 1944 689 strumam'
1992 641 2307 704 appellatum
2344 654 2373 689 a
2414 639 2511 688 Ca·

1450 717 1581 766 tullo
1604 716 1875 781 poetarum
1915 716 2136 766 omnium
2174 716 2512 780 castigatissi-

1449 808 1566 843 me:
1604 794 1692 858 qui
1737 792 1970 842 Asinium
2009 807 2238 858 quoque,
2268 793 2511 843 convicio

1449 869 1503 919 in
1527 870 1762 934 stupidos
1793 871 2015 934 vulgari,
2051 868 2399 918 Marrucinum
2422 884 2517 918 vo-

1451 955 1569 998 cat:
1594 962 1761 1013 neque
1784 948 1922 997 enim
1948 961 2013 997 ex
2033 945 2343 997 Marrucinis
2359 945 2517 996 cam-r

1452 1026 1623 1089 panioe
1663 1026 1867 1089 populis
1906 1031 2076 1074 ortum
2099 1022 2515 1074 fuisseindicatz

1453 1101 1590 1166 quod
1635 1108 1808 1151 tamen
1855 1101 1898 1150 si
1941 1101 2236 1164 scripsisset
2292 1099 2517 1161 Plinius,

1452 1192 1605 1227 nemo
1634 1192 1735 1226 non
1761 1177 1833 1226 illi
1859 1176 2016 1225 tidem
2041 1176 2311 1225 habiturus
2331 1173 2519 1224 fuerat.

1453 1255 1727 1304 Postremo
1751 1253 1874 1318 qnid
1914 1255 1978 1314 si,
2009 1253 2250 1317 quoniam
2275 1252 2521 1301 Vatinius·

1452 1340 1651 1382 struma
1674 1339 1883 1382 notatus
1914 1337 2046 1389 erat,
2079 1331 2241 1379 voluit
2282 1330 2517 1379 Catullus

1454 1409 1657 1473 gemino
1681 1422 1852 1471 versu,
1887 1407 2116 1472 geminas
2149 1412 2391 1467 strumas,
2424 1420 2517 1454 seu

1441 416 1884 466 rnlnosom.
1930 405 2075 465 ΜΒ.
2105 416 2235 472 ,ιιι.

1455 1493 1823 1536 strumosorum
1865 1498 1961 1548 par
2001 1496 2334 1546 componere,
2386 1482 2521 1530 mula

1454 1570 1668 1628 tumque
1692 1563 1812 1612 salis
1848 1563 1901 1611 in
1937 1575 2000 1610 eo
2035 1561 2247 1625 posuit?
2280 1560 2333 1610 id
2369 1566 2518 1609 certe

1455 1641 1554 1690 nisi
1597 1640 1878 1703 intelligas,
1926 1639 2192 1704 praecipua
2236 1636 2519 1688 Catulliani

1457 1718 1857 1782 Epigrammatis
1883 1718 1958 1767 vis
1987 1729 2308 1781 aciimenqne
2353 1714 2522 1778 petie-⁴

1459 1795 1546 1845 rit.
1608 1795 1874 1845 Vatinium
1900 1801 2071 1845 autem
2095 1801 2291 1843 struma
2316 1790 2523 1854 insigni·
2612 1797 2613 1804 ’

1460 1878 1570 1921 tum
1593 1870 1750 1920 fuisse
1788 1871 1863 1920 ait
1901 1870 2017 1935 ipse
2040 1871 2278 1919 inimicus
2300 1869 2416 1934 ejus
2441 1867 2525 1917 Ci-

1461 1963 1604 2010 cero,
1627 1948 1860 1998 oratione
1899 1953 1995 2010 pro
2039 1947 2232 2008 Sestio,
2265 1946 2432 2007 Epist.
2457 1943 2527 1992 ad

1461 2023 1697 2075 Atticum
1722 2037 1805 2074 rx.
1839 2024 1927 2076 lib.
1966 2038 2028 2073 n.
2097 2022 2248 2072 Unde
2289 2020 2523 2085 ejusdem

1462 2099 1515 2151 in
1557 2100 1772 2150 eundem
1813 2114 2018 2149 causam
2066 2098 2320 2162 quandam
2368 2111 2526 2160 agen·

1464 2184 1571 2226 tem
1587 2177 1759 2241 jocus,
1790 2178 1807 2207 ‘
1835 2175 2110 2226 Tumidum
2143 2174 2389 2224 habemus
2412 2187 2527 2224 orae

1466 2251 1670 2303 torem!
1712 2253 1887 2302 Vallia.

1536 2329 1654 2377 Cum
1677 2328 1935 2391 Decorato]
1966 2328 2021 2378 Is
2046 2327 2163 2392 ipse
2184 2333 2266 2377 est
2283 2326 2348 2376 ad
2373 2342 2525 2392 quem

1465 2405 1603 2471 apud
1644 2405 2006 2455 Cassiodorum
2033 2405 2215 2454 scribit
2247 2405 2531 2454 Theodori-v

1466 2498 1575 2533 cus.
1642 2484 1772 2532 Eum
1815 2498 1940 2531 vero
1986 2484 2002 2511 ‘
2031 2482 2192 2530 virum
2232 2481 2531 2530 Devotum'

1467 2566 1641 2621 vocat,
1660 2559 1863 2608 nomine
1885 2558 1966 2608 Ad
1966 2558 2227 2620 jutoribus
2261 2556 2531 2620 peculiari.

1469 2636 1697 2699 Adjutor
1733 2637 1869 2683 enim
1917 2636 2178 2699 Magistro
2224 2633 2529 2684 officiorum

1459 2712 1719 2777 judicanti
1742 2710 1956 2761 aderat:
1991 2711 2139 2775 cujus
2162 2712 2250 2760 ille
2284 2725 2443 2774 opera
2467 2709 2532 2760 ad

1472 2787 1740 2837 condenda
1770 2786 1928 2847 Acta,
1953 2800 2219 2849 responsa,
2262 2786 2536 2850 rescripta-

1472 2878 1574 2928 que
1596 2862 1859 2912 ntebatur.
1913 2860 2203 2924 Adjntores
2227 2862 2361 2912 viros
2379 2861 2535 2911 devo-

1478 2949 1558 2989 tos
1581 2940 1773 3001 vocari,
1795 2937 2063 2987 confirmat
2083 2953 2143 2986 ea
2168 2938 2483 3002 subscriptio
2506 2953 2537 2986 a

1476 3016 1695 3067 doctiss.
1738 3016 1949 3080 Cujacio
2009 3015 2232 3078 prolata,
2282 3013 2538 3063 Theodori

1477 3093 1797 3145 Memorialis
1822 3093 2167 3156 Epistolarum
2203 3090 2336 3139 sacri
2367 3089 2546 3139 scrinii

1480 3177 1638 3234 atque
1661 3169 1809 3219 ninius
1833 3184 1898 3218 ex
1919 3169 1979 3218 iis
2015 3169 2102 3234 qui
2126 3168 2387 3220 Quaestori
2409 3167 2544 3217 sacri

1480 3247 1662 3311 palatii
1684 3246 1998 3312 Adjutorum
2034 3247 2257 3309 nomine,
2291 3245 2387 3294 sub
2421 3244 2545 3296 diti-

1481 3338 1582 3372 one
1611 3330 1781 3372 tamen
1811 3319 2048 3387 Magistri
2086 3321 2387 3372 Officiornm
2426 3336 2547 3372 con-

1483 3399 1676 3462 stituti,
1695 3399 2060 3448 inserviebant.
2102 3400 2180 3448 Ea
2199 3399 2271 3448 sic
2294 3413 2350 3448 se
2366 3399 2543 3463 habet,

1483 3489 1715 3526 FLAvms
1736 3489 2066 3526 Tnssonenus
2089 3490 2143 3526 v.
2166 3488 2222 3526 n.
2254 3488 2548 3526 memonu‘·

1485 3566 1572 3602 ms
1611 3566 1767 3603 sAcm
1806 3566 2013 3602 sommi
2055 3566 2440 3604 nmsrounum
2479 3566 2547 3602 m·

1485 3643 1741 3680 Amuoeou
1772 3645 1827 3681 v,
1844 3643 1912 3679 Μ.
1937 3640 2247 3682 comonis
2270 3644 2428 3681 sacru
2453 3640 2550 3680 υπέ-

1486 3719 1662 3768 mm,
1706 3720 1915 3756 scau-st
1958 3718 2119 3755 maun
2160 3720 2282 3756 ΜΕΑ
2320 3719 2381 3756 n«
2402 3719 2549 3756 mum

1489 3797 1652 3833 noma
1725 3796 2398 3834 consnnwmopom‘rana
2462 3780 2551 3832 ιη’.

1489 3871 1618 3908 ΚΑΙ..
1636 3873 1815 3909 suun.
1839 3863 2214 3909 MAvon‘ndv.
2238 3873 2287 3910 ο.
2304 3871 2552 3909 maurus·

1489 3948 1628 3984 'nno
1652 3948 1720 3983 m·
1739 3948 2067 3985 sus-nmmo
2089 3949 2252 3985 tan-P.
2308 3936 2428 3986 Hoc
2455 3943 2555 3996 est,

1492 4027 1625 4062 anno
1643 4012 1833 4063 Christi
1856 4028 2084 4065 nxxvn.
2148 4013 2301 4063 Unde
2316 4013 2428 4079 jam
2453 4015 2556 4064 cla-

1494 4104 1606 4138 rum
1622 4098 1721 4152 est,
1742 4105 1836 4139 cur
1850 4093 2102 4155 pessimus
2120 4091 2206 4140 ille
2220 4102 2400 4140 scurra
2416 4089 2559 4138 dela·-

1494 4175 1680 4234 torque
1703 4170 1879 4220 Boetii
1894 4170 1966 4218 V.
1981 4172 2053 4220 D.
2075 4169 2170 4220 hoc
2192 4177 2292 4229 est,
2311 4169 2326 4195 ‘
2346 4168 2427 4217 vir
2448 4168 2557 4218 D‘e'ss

1495 4245 1694 4296 votusz’
1740 4252 1796 4296 et
1816 4247 1832 4274 ‘
1860 4246 2090 4295 Devotio
2113 4243 2240 4308 tua,'
2263 4243 2471 4293 dicatur
2503 4244 2556 4292 in

1496 4322 1591 4371 illa
1612 4321 1847 4387 Epistola
1868 4336 1983 4387 qnae
2024 4320 2161 4384 apud
2195 4319 2556 4369 Cassiodoruni
