3049 4928
1250 440 1662 491 PRAEFA‘rro.
2519 426 2564 491 9

445 588 668 668 Felix,
702 588 836 654 beu
861 587 1139 654 nimium
1168 587 1370 655 felix!
1418 590 1576 656 dum
1611 591 1754 655 vita
1781 594 2097 668 maneret,

528 693 751 776 Digno
771 692 1014 777 juncta
1042 693 1210 774 viro,
1241 693 1440 777 digna
1470 695 1672 759 simul
1704 694 1982 759 tumulo.

436 866 653 953 Atqui
708 868 820 935 hic
860 870 1152 955 ,quidem
1205 868 1492 937 Anicius
1541 876 1778 937 atavus
1828 872 1954 938 fuit
2006 871 2215 937 nostri
2260 869 2553 936 Boethii.

361 971 522 1043 Filii
553 973 748 1038 istius
776 971 1035 1054 Anicii,
1067 978 1144 1038 ut
1171 980 1331 1039 ante
1364 975 1683 1054 diximuS,
1734 975 1922 1040 fuere
1976 974 2244 1043 Probus
2277 982 2346 1039 et
2393 975 2561 1039 Pro-

355 1073 580 1155 binuS,
610 1094 893 1160 quorum
922 1077 1063 1155 ille,
1119 1075 1392 1141 Boethii
1442 1078 1651 1142 nostri
1700 1078 1985 1156 abavus,
2034 1082 2225 1143 tanta
2268 1077 2400 1142 fuit
2439 1096 2564 1161 per

352 1177 579 1243 orbem
611 1180 993 1246 universum
1022 1181 1291 1251 virtutis
1320 1180 1527 1258 fama,
1572 1186 1647 1244 ut
1685 1178 1918 1245 Persae
1950 1180 2085 1245 duo
2115 1180 2561 1263 potentissimi

355 1287 425 1345 et
451 1282 957 1365 sapientissimi,
986 1287 1158 1349 teste
1187 1282 1508 1349 Paullino
1530 1283 1597 1348 in
1626 1280 1795 1346 Vita
1823 1283 2007 1347 beati
2024 1281 2389 1362 Ambrosii,
2414 1280 2562 1346 Ro—

347 1401 526 1448 mam
554 1385 855 1450 venerint
877 1387 1098 1469 ipsius
1125 1386 1401 1452 videndi
1432 1405 1515 1452 ac
1548 1384 1894 1450 salutandi
1927 1385 2163 1468 gratia.

435 1484 672 1568 Hujus
718 1485 930 1551 Probi
960 1487 1099 1552 filia
1141 1494 1353 1573 nupta
1403 1488 1534 1553 fuit
1592 1486 1857 1552 Manlio
1916 1487 2304 1566 Theodoro,
2360 1508 2560 1572 quem

352 1587 620 1652 codices
679 1589 950 1673 quidam
1011 1590 1329 1656 Mallium
1380 1596 1666 1657 vocant:
1742 1598 1813 1655 et
1863 1592 2027 1675 quia
2080 1609 2243 1673 gens
2295 1589 2562 1654 Manlia

352 1690 696 1775 Torquata
732 1680 907 1773 finit,
963 1713 1045 1759 eo
1095 1695 1347 1760 factum
1401 1701 1511 1759 est
1563 1700 1640 1758 ut
1693 1693 2024 1758 Boethius
2074 1698 2303 1757 noster
2339 1692 2561 1756 dictus

351 1792 555 1857 suerit
582 1790 871 1859 Anicius
924 1794 1227 1862 Manlius
1279 1796 1691 1880 Torquatus
1780 1796 1939 1862 Fuit
1989 1802 2213 1862 autem
2264 1793 2562 1860 Manlius

352 1894 483 1957 iste
517 1892 789 1959 Boethii
819 1898 1036 1961 nostri
1060 1916 1399 1982 proavus:
1466 1917 1760 1982 eumque
1810 1898 2004 1963 Fasti
2035 1896 2396 1963 Consulem
2426 1897 2563 1977 sig-

348 2002 512 2060 nant
536 2017 695 2062 cum
725 1998 1071 2084 Eutropio.
1158 1997 1481 2083 Ejusdem
1512 2000 1755 2067 Manlii
1785 2002 2108 2067 memoria
2157 2006 2347 2066 extat
2375 1998 2563 2083 apud
2668 2061 2674 2066 .

349 2096 833 2181 Augustinum,
860 2102 976 2187 qui
1005 2109 1283 2168 matrem
1315 2123 1505 2168 suam
1538 2103 1888 2170 Monicam
1918 2104 2291 2189 alloquenS,
2338 2105 2358 2135 ‘
2377 2101 2560 2180 His,'

352 2200 591 2284 inquit,
640 2206 660 2236 ‘
679 2203 1090 2288 temporibus
1139 2203 1249 2289 (ut
1275 2206 1579 2270 omittam
1610 2204 1913 2291 ceteros)
1940 2208 2043 2272 vir
2075 2214 2146 2272 et
2172 2205 2459 2288 ingenio,
2492 2208 2564 2269 et

350 2302 761 2386 eloquentia,
809 2312 880 2369 et
929 2306 1102 2389 ipsis
1147 2306 1428 2389 insignis
1471 2309 1854 2373 muneribus
1901 2308 2203 2386 fortunae,
2258 2310 2347 2385 et,
2375 2304 2562 2391 quod

348 2410 500 2487 ante
528 2407 755 2474 omnia
783 2416 913 2489 est,
963 2417 1184 2475 mente
1218 2411 1849 2494 *praestantissimum
1898 2408 2313 2488 Theodorus,
2357 2427 2563 2494 quem

345 2508 521 2574 bene
550 2512 755 2590 nosti,
786 2511 859 2576 id
888 2513 1028 2596 agit
1055 2521 1134 2578 ut
1174 2523 1243 2579 et
1271 2534 1476 2597 nunc,
1504 2522 1573 2581 et
1604 2514 1790 2599 apud
1821 2520 2151 2599 posteros,
2179 2513 2407 2577 nullus
2437 2513 2559 2578 ho-

352 2611 609 2676 minum
638 2611 723 2678 de
753 2614 966 2680 literis
1012 2622 1393 2683 nostrorum
1445 2624 1817 2703 temporum
1862 2618 2016 2703 jure
2066 2614 2560 2700 conqueratur?

346 2714 671 2799 Ejusdem
702 2717 948 2784 Manlii
977 2720 1411 2785 consulatum
1440 2722 1792 2785 luculento
1824 2723 2112 2785 carmine
2141 2718 2558 2801 Panegyrico

354 2818 723 2885 celebravit
765 2819 1210 2900 ClaudianuS,
1273 2823 1463 2906 cujus
1494 2824 1563 2886 in
1613 2828 1908 2887 extrema
1963 2825 2178 2904 parte,
2227 2821 2347 2884 ubi
2402 2825 2562 2884 vota

341 2939 471 2984 sua
500 2924 786 3006 exponit
838 2942 962 3008 pro
1012 2932 1212 3007 gente
1267 2925 1553 3005 Manlia,
1608 2925 1810 3010 quasi
1856 2924 1942 2989 de
1993 2921 2288 2987 Boethio
2327 2929 2555 2988 nostro

341 3023 773 3090 vaticinatur.
861 3025 980 3091 Sic
1012 3027 1184 3093 enim
1215 3028 1429 3094 canit:

514 3189 767 3258 Consul
803 3213 929 3278 per
956 3194 1276 3278 populos,
1306 3196 1624 3279 idemque
1655 3193 2088 3279 gravissimus
2121 3197 2352 3286 auctor

514 3289 815 3379 Eloquii,
847 3295 1109 3381 duplici
1135 3298 1276 3362 vita
1301 3298 1652 3379 subnixuS‚
1681 3297 1753 3359 in
1785 3316 2007 3361 aevum

511 3394 874 3476 Procedat,
904 3397 1162 3481 pariter
1190 3399 1382 3463 libris
1426 3399 1749 3483 fastisque
1777 3399 2119 3483 legendus.

512 3495 838 3583 Accipiat
863 3502 1080 3585 patris
1111 3502 1522 3586 exemplum,
1554 3502 1941 3587 tribuatque
1971 3502 2206 3586 nepoti

515 3599 755 3680 Filius,
787 3607 853 3667 et
879 3602 1125 3688 coeptis
1153 3625 1238 3669 ne
1269 3603 1441 3669 desit
1467 3606 1765 3671 fascibus
1791 3606 2032 3670 haeres.
2293 3603 2306 3607 ’

510 3702 847 3770 Decurrat
875 3705 1180 3770 trabeata
1210 3704 1472 3785 domuS,
1515 3707 1867 3791 tradatque
1898 3725 2167 3771 secures

513 3802 759 3870 Mutua
787 3808 1177 3890 posteritas,
1206 3816 1607 3894 servatoque
1637 3809 1875 3874 ordine
1907 3807 2031 3874 fati

510 3907 776 3974 Manlia
806 3912 1125 3977 continuo
1156 3905 1535 3978 numeretur
1564 3913 1858 3978 Consule
1885 3913 2128 3998 proles.

346 4072 656 4141 Adhaesit
684 4083 911 4143 autem
944 4080 1151 4146 Genti
1183 4082 1461 4150 Manliae
1498 4084 2004 4168 Torquatorum
2032 4100 2302 4160 nomen,
2346 4100 2437 4145 ex
2467 4098 2549 4146 eo

348 4177 520 4259 quod
554 4179 751 4245 Titus
781 4181 1081 4249 Manlius
1112 4185 1189 4249 L.
1216 4185 1294 4250 F.
1321 4183 1412 4266 A.
1439 4188 1535 4253 N.
1581 4186 2022 4270 ImperiosuS,
2043 4185 2350 4268 Sulpicio
2382 4183 2549 4248 Dic-

350 4285 561 4346 tatore
584 4281 920 4349 tribunum
953 4305 1155 4369 agens
1205 4288 1516 4367 militum,
1565 4287 1845 4354 Gallum
1893 4292 2366 4371 provocantem
2387 4343 2394 4349 .
2415 4286 2548 4352 sin-
