3049 4928
522 411 651 480 196

1226 430 1535 482 ΒΟΕΤΗῙΙ
1586 432 1684 481 DE
1733 432 1967 482 coNSo
1980 434 2042 482 h.

1042 576 1195 643 Nec
1224 578 1418 644 inerti
1445 578 1712 662 perdita
1740 579 1910 643 luxu
1929 598 1948 659 3
1968 588 1993 613 ⁸

1043 680 1260 744 Facili
1291 700 1447 764 quae
1478 700 1630 744 sera
1657 681 1922 746 solebat

1040 781 1085 847 J
1089 781 1315 864 ejunia
1343 781 1608 847 solvere
1638 783 1915 864 glande:
1939 783 1964 820 ¹²
2003 768 2007 772 ⁴
2692 787 2739 848 5

998 884 1001 887 ’
1046 883 1198 950 Nec
1229 885 1573 951 Bacchica
1600 896 1919 952 munera⁰
1960 897 2159 954 norat
2178 896 2234 936 ¹4

523 1062 670 1112 neque
689 1049 918 1100 dissoluta
933 1051 1211 1115 intemperie
1227 1053 1422 1115 ἰςπαυα,
1442 1069 1548 1117 quoe
1570 1058 1885 1117 consueverat,
1900 1059 2006 1116 post
2032 1055 2173 1114 longa
2182 1053 2384 1114 jejunia,
2405 1053 2541 1115 pasci
2556 1056 2739 1115 glande

522 1114 758 1175 expedita.
826 1115 901 1164 Hi
922 1118 1184 1167 nesciebant
1201 1119 1329 1182 vina,
1349 1119 1514 1168 Liberi
1535 1119 1635 1168 sive
1657 1119 1842 1169 Bacchi
1870 1121 2009 1182 dona,
2030 1118 2313 1182 permiscere
2333 1134 2437 1167 cum
2464 1121 2598 1168 melle
2607 1120 2740 1185 flai-

1441 1230 1799 1251 QO‘OOOOOOOO

592 1296 652 1341 14
689 1295 799 1367 Non
821 1328 832 1343 .
853 1328 867 1344 .
887 1329 900 1345 .
923 1301 1096 1347 norant
1117 1296 1272 1362 Vulg.
1296 1304 1474 1348 nostra
1491 1305 1575 1348 est
1597 1300 1721 1349 lect.
1745 1298 1861 1349 cod.
1878 1299 2147 1363 Thuanaei,
2169 1305 2226 1350 et
2244 1300 2740 1368 Flora—16⁵Thuan.

1515 1413 1731 1464 NOTAE

520 1523 710 1587 aetatis,
747 1525 933 1590 incipit
968 1527 1034 1578 ab
1067 1527 1181 1592 ipsa
1201 1528 1454 1593 ejusmodi
1475 1528 1581 1578 vic·

518 1609 604 1650 tus
628 1616 801 1664 causa,
815 1617 1003 1668 nempe
1026 1604 1095 1654 ab
1112 1605 1128 1634 ‘
1142 1606 1279 1655 arvis
1299 1604 1580 1667 fidelibus‚'

517 1675 704 1740 quibus
747 1686 953 1728 veteres
1006 1680 1083 1729 illi
1132 1682 1369 1731 contenti
1410 1689 1579 1734 erant.

514 1751 789 1803 ‘'Arvnm’
823 1763 1018 1819 autem,
1050 1756 1221 1821 inquit
1253 1758 1459 1820 Festus,
1489 1758 1506 1788 ‘
1524 1773 1578 1807 a-

520 1842 614 1892 ger
634 1838 716 1880 est
738 1831 958 1881 necdum
982 1832 1169 1882 satusz'
1201 1831 1358 1883 fidele
1380 1847 1505 1883 vero
1527 1833 1583 1882 id

517 1904 733 1968 dicitur,
769 1908 909 1971 quod
943 1909 1082 1958 votis
1114 1911 1454 1974 respondens,
1491 1924 1581 1964 ex·

519 1985 869 2045 pectationem
904 1989 1213 2049 possessoris
1235 2002 1340 2037 non
1363 1987 1581 2038 frustra-

520 2067 638 2108 tur:
676 2061 822 2124 atqui
858 2074 1016 2112 aurea
1053 2063 1144 2113 illa
1171 2070 1330 2114 aetate
1352 2066 1459 2129 agri
1484 2080 1580 2117 nec

522 2136 654 2184 arati
697 2151 797 2186 nec
836 2138 936 2187 sati
976 2138 1201 2203 idipsum
1243 2143 1579 2205 praestabant.

520 2210 735 2261 Lucret.
760 2214 795 2262 l.
821 2228 875 2263 v.
899 2216 915 2243 ‘
939 2215 1054 2265 Nec
1073 2216 1315 2267 robustus
1333 2225 1448 2268 erat
1465 2233 1581 2268 cur-

518 2287 570 2335 vi
600 2288 896 2338 moderator
927 2291 1088 2342 aratri
1125 2293 1442 2359 Quisquam:
1480 2310 1578 2346 nec

516 2363 684 2414 scibat
709 2364 851 2416 ferro
873 2369 1102 2419 molirier
1118 2385 1260 2433 arva,
1295 2372 1410 2422 Nec
1443 2387 1579 2423 nova

519 2439 769 2493 defodere
808 2443 862 2494 in
901 2452 1092 2497 terram
1131 2449 1373 2514 virgulta,
1405 2466 1576 2516 neque

517 2518 637 2567 altis
660 2518 946 2572 Arboribus
971 2531 1177 2574 veteres
1212 2526 1457 2577 decidere
1480 2527 1578 2578 fal-

516 2594 654 2644 cibu'
677 2611 846 2647 ramos
867 2615 880 2650 z
904 2599 1057 2651 Quod
1080 2601 1187 2665 Sol,
1208 2610 1360 2668 atque
1383 2604 1578 2655 imbres

516 2670 791 2736 dederant,
817 2676 957 2740 qnod
983 2684 1120 2728 terra
1138 2688 1345 2731 crearat
1377 2684 1579 2747 Sponte

517 2762 628 2811 sua,
678 2752 806 2801 satis
841 2753 894 2803 id
940 2756 1185 2818 placabat
1227 2766 1444 2821 pectora
1488 2758 1580 2810 do-

514 2826 676 2876 nnm.'
713 2828 869 2880 Ovid.
889 2836 933 2880 1.'
948 2833 1166 2885 Metam.
1184 2850 1257 2884 vs.
1279 2840 1389 2884 109.
1415 2836 1430 2864 ‘
1450 2836 1581 2885 Mox

516 2902 672 2952 etiam
704 2903 878 2969 fruges
914 2909 1067 2957 tellus
1107 2910 1308 2959 inarata
1331 2909 1575 2962 ferebat!

587 2985 611 3011 ὃ
650 2980 755 3030 Nec
794 2983 945 3033 inerti
976 2988 1168 3049 perdita
1209 2990 1349 3052 luxu]
1396 2989 1575 3037 Luxus

510 3056 594 3106 bic
627 3058 807 3109 vitium
844 3070 925 3111 est
959 3063 1193 3113 dissoluti
1229 3065 1403 3125 animi,
1438 3065 1575 3130 quod

415 3170 421 3175 .
510 3132 598 3182 hic
619 3135 774 3184 variis
796 3137 902 3187 suis
925 3140 1345 3203 cogitationibus,
1380 3141 1432 3189 in
1455 3156 1575 3191 con·

512 3210 702 3260 trarias
717 3212 876 3262 veluti
892 3221 1071 3278 partes
1087 3216 1394 3280 distractus,
1408 3217 1578 3268 instar

507 3284 726 3350 liquoris
739 3294 881 3340 motu
896 3295 1252 3344 evanescentis
1264 3295 1390 3345 dilui
1401 3295 1576 3346 videa·

512 3369 632 3413 tur:
669 3370 729 3415 ut
750 3368 884 3417 enim
907 3385 938 3419 a
964 3368 1068 3420 fluo
1091 3378 1175 3422 est
1211 3372 1402 3439 fluxus,
1436 3373 1513 3424 sic
1547 3389 1579 3424 a

510 3437 601 3486 luo
624 3445 705 3490 est
724 3442 901 3507 luxus3
937 3446 1075 3496 unde
1099 3449 1361 3500 luxuries:
1385 3451 1460 3500 sic
1478 3452 1578 3500 Te-

499 3517 687 3566 ·rentio
705 3518 722 3546 ‘
735 3519 1038 3572 adolescens
1051 3523 1066 3544 ’
1080 3524 1272 3574 dicitur
1287 3528 1302 3554 ‘
1315 3527 1440 3576 luxu
1459 3542 1577 3591 per·

513 3591 689 3644 ditus!
753 3596 853 3645 Ille
889 3604 1060 3648 autem
1094 3600 1246 3649 luxus
1279 3615 1381 3650 non
1403 3602 1494 3652 abs
1515 3617 1576 3652 re

510 3678 728 3720 vocatur
759 3671 927 3722 iners:
964 3686 1083 3723 nam
1115 3674 1253 3725 iners
1287 3677 1433 3741 quasi
1465 3677 1584 3735 sine,

513 3755 628 3796 arte
652 3748 936 3810 generatim
957 3748 1213 3813 significat
1240 3766 1348 3802 rem
1371 3767 1574 3805 omnem

512 3837 628 3885 quae
651 3832 730 3872 est
750 3830 919 3874 motus
937 3840 1128 3892 expers
1149 3844 1163 3878 ε
1195 3829 1329 3880 sicut
1362 3831 1576 3895 Ovidio,

514 3900 530 3929 ‘
555 3915 654 3950 nec
697 3902 971 3968 quicquam
1013 3906 1116 3957 nisi
1156 3909 1361 3972 pondus
1402 3910 1575 3962 iners!

509 3975 674 4041 Atqui
711 3979 797 4028 ille
834 3982 991 4033 animi
1028 3984 1179 4034 luxus
1215 3987 1438 4049 primum
1462 3988 1576 4052 qui-

512 4051 630 4103 dem
674 4056 1041 4123 cogitationes,
1096 4062 1286 4114 deinde
1339 4065 1574 4127 corporis

510 4129 674 4194 ipsius
697 4132 900 4183 hnmani
924 4144 1103 4187 motus
1129 4146 1304 4189 rectos
1337 4141 1574 4205 impedit.

575 4205 600 4240 ¹²
620 4208 816 4271 Jegq‘unia
835 4213 1011 4263 solvere
1029 4215 1229 4278 glande]
1277 4229 1362 4266 ω.
1395 4218 1572 4268 Philo-

508 4285 691 4350 sophia
712 4287 1078 4340 commendans
1103 4290 1271 4343 cibum
1295 4292 1479 4359 prioris
1512 4294 1573 4345 il-

1665 1528 1763 1578 lius
1803 1529 1992 1587 aetatis,
2041 1528 2273 1578 breviter
2308 1533 2458 1578 notat
2494 1542 2577 1591 ea,
2613 1543 2735 1593 quae

1664 1612 1897 1655 nostram
1931 1605 2069 1654 inter
2105 1612 2160 1653 et
2201 1604 2423 1667 priscam
2457 1603 2630 1654 victus
2655 1617 2736 1652 ra-

1664 1681 1858 1731 tionem
1902 1680 2244 1731 animadverti
2290 1685 2509 1744 possunt
2548 1680 2737 1729 discri-

1663 1757 1838 1819 mina3
1872 1771 2087 1822 quorum
2126 1758 2228 1807 alia
2266 1758 2331 1806 ad
2369 1756 2485 1821 ipsa
2519 1757 2738 1820 cibaria,

1662 1833 1762 1882 alia
1781 1833 1847 1883 ad
1867 1833 2049 1883 horum
2066 1833 2273 1883 modum
2292 1834 2580 1897 pertinent.
2617 1834 2737 1883 Pri·

1660 1924 1797 1960 mum
1840 1910 1977 1959 enim
2017 1918 2194 1960 nostra
2232 1908 2427 1959 cibaria
2465 1910 2735 1974 exquisita

1658 2002 1776 2038 esse
1822 1989 1993 2038 solent
2038 1995 2096 2037 et
2140 1993 2252 2037 arte
2295 1995 2506 2051 parata:
2558 1987 2736 2050 prisca

1658 2073 1809 2116 erant
1833 2064 2009 2116 facilia
2030 2073 2088 2116 et
2124 2065 2189 2116 ab
2225 2066 2341 2129 ipsa
2375 2071 2567 2115 natura
2606 2080 2732 2128 snp-

1658 2143 1913 2206 peditata.
1965 2142 2177 2192 Deinde
2202 2149 2377 2192 nostra
2400 2141 2600 2191 cibaria
2624 2140 2730 2191 fre-

1659 2227 1882 2285 quenter
1920 2226 2213 2283 sumuntur,
2257 2225 2314 2270 et
2354 2219 2544 2283 saepius
2580 2220 2729 2270 nulla

1659 2295 1943 2361 instigante
1965 2294 2134 2346 fame:
2163 2297 2336 2360 prisca
2358 2310 2461 2346 non
2484 2296 2585 2345 nisi
2611 2302 2732 2359 post

1658 2375 1930 2441 ‘jejunia‚'
1962 2390 2127 2441 eaque
2163 2375 2352 2438 ‘sera‚’
2383 2376 2493 2426 sive
2516 2375 2582 2424 ad
2609 2376 2732 2425 ulti·

1655 2468 1795 2503 mum
1818 2468 1980 2518 usque
1998 2452 2135 2503 diem
2157 2459 2381 2504 servata.
2447 2453 2727 2503 Postremo

1658 2537 1836 2579 nostra
1858 2529 2057 2580 cibaria
2073 2545 2189 2581 esse
2210 2532 2381 2581 solent
2398 2545 2601 2593 carnes,
2625 2531 2727 2595 pis-

1660 2621 1767 2670 ces,
1804 2614 1860 2658 et
1889 2609 2140 2672 optimum
2175 2608 2417 2673 quodque
2457 2606 2724 2657 fructuum

1660 2684 1989 2734 terrestrium
2015 2698 2206 2747 genus:
2229 2684 2398 2747 prisca
2415 2689 2564 2733 erant
2586 2684 2726 2746 glan-

1661 2759 1774 2822 des,
1809 2760 2034 2824 ignobile
2075 2759 2283 2824 frugum
2320 2760 2538 2823 vulgus3
2584 2757 2726 2823 quod

1662 2836 1894 2900 pluribus
1937 2835 2050 2885 aliis
2094 2851 2211 2886 cum
2257 2834 2560 2896 oratorum,
2614 2844 2722 2883 tum

1658 2910 1940 2961 Poetarum
1965 2911 2276 2961 testimoniis
2299 2908 2593 2960 confirmari
2636 2925 2727 2974 po·

1660 2992 1786 3036 test.
1852 2986 2035 3050 virgil.
2061 3002 2101 3038 1.
2127 2988 2320 3050 Georg.
2343 3002 2419 3037 vs.
2440 2992 2489 3036 8.
2525 2989 2540 3015 ‘
2558 2987 2726 3036 Chao-

1657 3062 1793 3113 niam
1819 3063 1998 3127 pingui
2018 3063 2261 3128 glandem
2287 3064 2508 3113 mutavit
2530 3063 2728 3113 arista!

1657 3139 1729 3190 Et
1752 3155 1827 3190 vs.
1859 3144 1968 3192 169.
1999 3142 2396 3207 ‘Concussaque
2437 3138 2630 3191 famem
2671 3141 2724 3189 in

1656 3217 1812 3279 sylvis
1836 3217 2074 3268 solabere
2096 3219 2326 3284 quercu.'
2393 3218 2669 3268 Lucretius
2692 3219 2726 3268 L
2762 3236 2770 3240 ·

1658 3308 1718 3344 v-
1750 3294 2120 3345 ‘Glandiferas
2152 3296 2291 3347 inter
2323 3294 2722 3349 curabantcor-

1659 3385 1790 3435 pora
1832 3364 2055 3436 quercus
2081 3406 2095 3421 .
2116 3407 2131 3422 .
2157 3406 2172 3423 .
2196 3371 2299 3421 Ast
2342 3371 2515 3422 odium
2562 3373 2727 3435 coepit

1659 3448 1897 3512 glandis!
1971 3448 2194 3500 Ovidius
2216 3463 2254 3498 ι.
2275 3449 2495 3499 Metam.
2518 3449 2651 3499 Fab.
2673 3452 2726 3498 8.

1656 3541 1735 3576 vs.
1761 3531 1874 3576 103.
1904 3526 1921 3554 ‘
1943 3526 2298 3592 Contentique
2322 3525 2451 3576 cibis
2473 3525 2618 3575 nullo
2640 3540 2727 3575 co-

1650 3607 1814 3665 gente
1850 3603 2057 3665 creatis,
2092 3602 2357 3654 Arbuteos
2397 3600 2554 3651 foetus
2581 3614 2725 3652 mon-

1656 3684 1883 3742 tanaque
1905 3676 2053 3741 fraga
2071 3677 2333 3741 legebant,
2353 3677 2652 3741 Cornaque,
2669 3685 2725 3727 et

1656 3752 1712 3803 in
1743 3751 1886 3802 duris
1920 3752 2179 3803 haerentia
2212 3766 2357 3802 mora
2393 3750 2614 3814 rubetis,
2652 3754 2724 3802 Et

1658 3846 1773 3897 qnae
1810 3831 2116 3883 deciderant
2150 3830 2331 3895 patula
2351 3829 2499 3880 Jovis
2534 3829 2723 3880 arbore

1655 3909 1906 3972 glandes!
1969 3909 2111 3959 Hinc
2134 3907 2292 3972 primi
2312 3907 2546 3957 homines
2570 3921 2723 3957 voca-

1655 3985 1844 4034 bantur
1859 3982 2193 4048 βαλανοφάγοι
2204 3982 2284 4034 καὶ
2298 3983 2563 4049 ὑδροπόται,
2580 3984 2723 4048 glan·

1654 4062 1736 4111 dis
1780 4063 1969 4113 edaces
2010 4070 2067 4113 et
2103 4078 2255 4128 aquae
2296 4068 2506 4127 potores
2532 4079 2548 4111 ε
2599 4062 2722 4112 hinc

1652 4141 1809 4190 etiam
1832 4140 2092 4190 communi
2120 4139 2307 4206 adagio
2332 4139 2620 4205 antiquitus
2643 4138 2720 4188 di-

1654 4218 1869 4270 cebatur
1889 4216 1993 4269 ἅλις
2013 4217 2165 4283 δρυὸς,
2183 4218 2309 4268 satis
2328 4231 2572 4283 quercus.
2737 4226 2740 4227 ’

1717 4303 1740 4358 ⁴?
1774 4296 1878 4347 Nec
1903 4297 2137 4349 Bacchica
2166 4296 2384 4362 manera]
2432 4310 2510 4348 ιν.
2547 4296 2721 4347 Philo·
