3049 4928
961 365 1279 417 ruinoso
1292 366 1481 415 {³111AE
1537 365 1679 413 mn.
1727 365 1830 414 iv.
2354 442 2357 443 7
2385 349 2518 416 355

334 530 632 579 sermone.
719 512 879 578 Hoc
910 518 1166 578 tantum
1200 513 1633 598 prospexisse
1653 520 1678 549 ²
1739 509 2053 591 sufficiat,
2109 510 2292 596 quod
2316 519 2512 577 natu-

332 637 530 681 rarum
547 617 837 682 omnium
856 617 1160 702 proditor
1176 625 1194 655 ‘
1222 619 1413 684 Deus
1433 616 1608 681 idem
1631 617 1717 681 ad
1736 616 1982 681 bonum
2003 615 2292 699 dirigens
2314 637 2514 681 cunc-

331 725 395 784 ta
420 720 753 805 disponat:
801 721 1097 805 dumque
1131 742 1215 787 ea
1256 743 1410 806 quae
1443 721 1745 806 protulit,
1774 720 1845 784 in
1874 720 1980 785 sui
2010 719 2516 785 similitudinem

327 824 589 888 retinere
615 825 913 902 festinat,
943 826 1195 890 malum
1248 845 1444 891 omne
1474 826 1557 890 de
1587 825 1984 909 reipublicae
2032 843 2177 889 suae
2220 823 2515 889 terminis

327 945 434 1009 per
458 927 675 993 fatalis
722 927 963 993 seriem
1005 928 1436 993 necessitatis
1465 929 1819 994 eliminat.¹‘
1843 935 1863 974 ³
1957 926 2116 1006 Quo
2146 926 2224 992 fit
2257 932 2335 991 ut
2363 947 2517 1011 quae

324 1028 388 1091 in
412 1030 600 1095 terris
631 1031 969 1097 abundare
1002 1031 1382 1110 creduntur,
1412 1032 1472 1095 si
1498 1030 1965 1114 disponentem
2000 1029 2515 1094 Providentiam

326 1142 602 1216 specteS,
648 1135 813 1201 nihil
857 1156 1149 1222 usquam
1200 1135 1365 1201 mali
1418 1153 1569 1198 esse
1621 1132 2057 1218 perpendas.⁴
2142 1132 2281 1197 Sed
2315 1132 2514 1198 video

314 1237 700 1321 jamdudum
730 1248 819 1320 te,
852 1248 925 1306 et
953 1240 1247 1326 pondere
1275 1238 1677 1324 quaestionis
1717 1243 2084 1314 oneratum,
2114 1243 2185 1301 et
2228 1236 2510 1301 rationis

320 1343 690 1422 prolixitate
717 1343 1097 1428 fatigatum,
1133 1344 1318 1427 aliqu
1327 1362 1436 1408 am
1466 1340 1784 1406 carminis
1830 1344 2188 1423 expectare
2220 1338 2516 1404 dulcedi-

319 1462 477 1511 nem.
563 1445 823 1530 Accipe
879 1447 1079 1530 igitur
1133 1447 1503 1525 haustum,⁰
1571 1465 1704 1530 quo
1753 1443 2072 1524 refectuS,
2130 1442 2383 1508 firmior
2410 1443 2512 1506 -in

321 1547 624 1617 ulteriora
654 1550 1046 1616 contendas·

318 1733 337 1767 '
366 1734 574 1787 Creator.
706 1746 734 1770 ¹⁸
771 1737 1003 1802 Expellit.
1041 1788 1048 1795 ,
1136 1747 1160 1772 ¹·
1194 1737 1439 1787 Poculum.

1225 1865 1597 1886 ‘mm

309 1955 492 2007 stantum
506 1953 803 2018 perspexisse
823 1953 1013 2016 Delph.
1034 1953 1306 2007 Hack.—3
1342 1954 1448 2004 Ms.
1472 1950 1730 2004 Rittersb.
1753 1957 1810 2001 et
1831 1948 1916 2000 ed.
1953 1947 2191 1999 Norimb.
2225 1946 2517 1998 eliminet.-

319 2020 348 2065 4
385 2018 583 2083 Usquam
603 2033 702 2069 esse
718 2021 982 2084 perpendas
1005 2020 1197 2086 Delph.
1219 2019 1396 2072 Hack.

1304 2157 1527 2209 NOTAE

316 2287 473 2340 neque
514 2274 691 2325 verbis
745 2273 1012 2339 explicare
1071 2289 1373 2340 possumusz
1456 2276 1633 2322 autem
1652 2272 1764 2324 haec
1784 2233 1956 2322 ominis
1976 2285 2059 2322 me
2082 2276 2327 2336 tanquam
2349 2270 2517 2320 Deum

316 2351 501 2412 optime
565 2350 705 2401 enim
761 2349 1024 2401 Homerus
1086 2350 1241 2401 Iliad.
1297 2350 1376 2400 M.
1456 2347 1645 2414 eloqui.

315 2424 572 2494 Ἀργαλέον
591 2427 636 2478 δ’
659 2424 760 2494 ἐμὲ,
779 2428 877 2478 &1:-
900 2426 998 2478 hoc
1025 2434 1137 2479 est:
1163 2425 1377 2479 difficile

1105 2860 1539 2929 METRUM
1584 2860 1714 2930 VI.

743 3015 822 3079 Si
854 3016 963 3082 vis
994 3016 1164 3081 celsi
1185 3016 1343 3101 jura
1369 3014 1668 3081 tonantis
1686 3022 1714 3065 P

747 3117 934 3192 Pura
965 3120 1182 3185 solers
1212 3138 1482 3185 cernere
1512 3122 1782 3195 mente,‘³

372 3297 430 3349 Sa·
454 3301 699 3376 desideras
716 3306 963 3356 advertere
991 3305 1350 3370 providentiam.
1369 3302 1466 3353 Dei
1495 3301 1687 3367 summi,
1716 3304 1870 3350 mente
1901 3297 2128 3362 diligenti
2149 3302 2198 3349 et
2215 3310 2354 3362 pura,
2373 3295 2523 3347 consi-

1315 3448 1532 3502 NOTAE

372 3570 400 3605 P
418 3566 551 3615 ἄιεν-α
568 3566 806 3631 tonantis]
830 3567 1220 3618 Providentiam
1238 3567 1376 3617 Dei:

310 3654 426 3691 nam
450 3658 574 3693 cum
609 3645 722 3695 haee
744 3646 760 3673 ‘
780 3645 1150 3697 Providentia'
1174 3661 1250 3695 ex·
1274 3645 1381 3695 dic·

312 3718 496 3769 tis‘sit
520 3721 705 3771 divina
736 3723 869 3772 ratio
903 3723 955 3772 in
992 3737 1188 3773 summo
1218 3722 1379 3773 omni-

309 3809 391 3844 um
431 3798 671 3863 principe
709 3800 992 3851 constituta
1032 3816 1149 3865 quae
1188 3808 1381 3851 cuncta

312 3870 578 3937 disponit,'
599 3874 715 3924 haec
748 3888 849 3923 non
880 3875 1141 3926 immerito
1162 3884 1380 3927 vocatur

302 3946 390 4010 jus
411 3948 669 4012 divinum,
692 3949 803 4001 sive
836 3951 926 4002 lex
959 3952 1154 4002 divina.
1220 3953 1380 4003 Dein·

311 4025 376 4073 de
421 4040 550 4076 vero
594 4027 611 4055 ‘
638 4027 853 4077 tonans'
898 4036 979 4079 est
1021 4030 1204 4079 Deusz
1261 4045 1380 4079 cum

309 4102 447 4151 enim
491 4118 665 4153 causae
702 4105 995 4168 peculiares
1031 4105 1269 4171 fulguris,
1304 4113 1381 4157 to·

310 4177 494 4241 nitrui,
518 4188 577 4228 et
599 4178 825 4230 fulminis
850 4183 1002 4246 vulgo
1025 4197 1127 4231 non
1152 4184 1381 4234 innotes-

313 4253 454 4318 cent,
473 4257 593 4308 haec
624 4254 817 4309 effecta
836 4257 913 4309 ita
946 4258 1041 4311 soli
1073 4260 1188 4311 Deo
1223 4259 1382 4311 tribui

1463 3569 1864 3628 consueverunt,
1905 3567 1966 3613 ut
2008 3559 2192 3611 Poe‘tae
2238 3559 2527 3625 praesertim

1461 3641 1775 3693 nominando
1821 3642 1837 3669 ‘
1861 3636 2250 3704 fulgurantem,’
2291 3637 2307 3665 ‘
2346 3644 2534 3687 tonan-

1461 3720 1606 3785 tem‚'
1635 3729 1690 3771 et
1709 3720 1724 3747 ‘
1743 3715 2144 3780 fulminantem,'
2165 3716 2341 3765 Deum
2376 3714 2529 3764 intel-

1460 3799 1554 3864 ligi
1575 3799 1753 3848 velint.
2023 3808 2030 3814 ·
2272 3837 2277 3846 .

1524 3882 1550 3917 ‘1
1584 3876 1722 3924 Pura
1750 3876 1894 3923 solers
1920 3888 2108 3923 cernere
2131 3873 2308 3937 mente]
2342 3874 2528 3923 Mente

1460 3953 1698 4002 omnibus
1741 3952 2060 4019 praejudiciis
2100 3960 2258 4001 exuta
2295 3953 2434 4002 clare
2473 3957 2531 4001 et

1463 4031 1716 4082 distincte
1752 4046 2084 4095 cognoscere,
2114 4032 2338 4081 divinam
2377 4029 2529 4079 nimi-

1462 4123 1576 4157 rum
1593 4108 1987 4159 Providentiam
2006 4127 2019 4159 z
2044 4110 2194 4174 liujus
2210 4116 2383 4159 etitem
2399 4108 2530 4156 Pro-

1463 4185 1728 4250 videntiae,
1762 4187 1941 4249 judice
1991 4184 2340 4249 Philosophia,
2382 4196 2531 4245 argu-

1463 4271 1643 4314 menta
1673 4270 1794 4313 sunt
1828 4263 1956 4327 ipsae
1990 4269 2190 4312 naturae·
2218 4263 2381 4325 leges,
2401 4274 2528 4325 quas
