3049 4928
586 413 888 465 nolimu
941 415 1038 465 DE
1086 414 1394 466 coNsoL.

286 562 385 612 ⁴suo
428 560 638 625 sapiens
692 560 808 612 est.’
888 560 1024 611 Item
1067 573 1182 611 mx.
1237 561 1358 610 ‘Sa‘

289 639 442 702 piens
497 638 587 687 ille
625 644 725 699 est,
775 637 863 703 qui
915 638 1097 701 plenus
1151 637 1360 701 gaudio,

288 716 470 765 hilaris
504 723 559 765 et
591 716 843 779 placidus,
867 715 1219 778 inconcussus,
1243 730 1359 765 cum

291 792 414 842 Diis
437 806 505 842 ex
530 791 643 855 pari
669 791 834 841 vivit!
902 790 996 840 Καὶ
1026 790 1118 850 τὴν
1149 791 1359 852 εὐδαιμο-

292 867 395 920 νίαν
414 866 483 930 μὴ
504 866 732 933 διαφέρειν
764 870 852 927 τῆς
901 868 1025 918 θείας
1059 867 1360 930 εὐδαιμονίας,

287 944 406 1005 μηδὲ
437 944 529 1004 τὴν
563 944 846 1011 ἀμεριμνίαν,
864 947 890 993 ὁ
914 942 1192 1010 Χρύσιππός
1222 954 1359 1009 φησι.

248 1035 261 1040 ·
293 1026 310 1051 ⁴
333 1024 512 1087 Atque
538 1022 711 1086 hanef
731 1024 951 1072 hominis
975 1037 1184 1085 nempe,
1218 1022 1234 1050 ‘
1249 1021 1363 1071 feli·

293 1102 515 1150 citatem
546 1107 602 1150 et
624 1100 962 1150 securitatem
987 1098 1112 1147 nihil
1134 1112 1165 1147 a
1186 1098 1363 1147 divina

297 1175 530 1236 differre,
560 1176 883 1241 Chrysippus
912 1174 1032 1237 ait;’
1055 1175 1194 1238 apud
1215 1174 1366 1224 Stob.

295 1255 482 1318 Eclog.
501 1254 676 1304 Ethic.
696 1252 788 1302 lib.
808 1265 880 1303 11.
915 1252 1097 1301 Pudet
1113 1265 1363 1314 errorum,

298 1330 568 1393 tradetque
588 1327 865 1377 verborum
892 1326 1044 1391 adeo,
1065 1333 1124 1376 ut
1147 1341 1290 1376 mens
1312 1333 1368 1377 et

297 1406 530 1470 impetus
571 1405 640 1454 sit
684 1404 959 1468 probatam
1003 1404 1239 1468 superius
1286 1410 1367 1455 tot

299 1482 504 1547 maguis
527 1481 654 1531 viris
676 1480 1087 1544 similitudinem,
1109 1481 1221 1544 jam
1260 1495 1366 1531 om-

299 1575 424 1609 nem
447 1573 563 1609 cum
583 1558 910 1609 'theodoreto
940 1558 1142 1607 tollere.
1211 1558 1366 1607 Plato

299 1637 495 1703 inquit,
531 1639 647 1687 loco
669 1637 851 1700 citato,
894 1636 953 1686 τὸ
994 1638 1261 1696 ὁμοιωθῆναι
1301 1638 1370 1701 τῷ

222 1765 227 1768 ,
305 1715 398 1777 0εῷ
411 1714 537 1763 κατὰ
561 1713 620 1763 τὸ
648 1712 862 1777 δυνατὸν,
882 1711 1026 1764 τέλος
1054 1712 1256 1777 ὡρίσατο
1274 1715 1370 1762 τῶν

302 1792 508 1854 ἀγαθῶν·
536 1789 791 1853 deteramus
829 1789 916 1852 μὲν
952 1788 1035 1841 οὖν
1081 1789 1162 1839 καὶ
1197 1789 1229 1850 ἡ
1266 1789 1372 1853 περὶ

302 1870 396 1929 τὴν
421 1868 615 1932 μίμησιν
647 1871 755 1919 τῶν·
776 1869 908 1918 θείων
939 1868 1225 1933 παραίνεσις.
1257 1868 1289 1929 ἦ
1320 1865 1372 1917 δὲ

301 1945 431 1997 κατὰ
451 1945 510 1995 τὸ
531 1944 725 1995 δυνατὸν
751 1943 1013 2009 προσθήκη,
1038 1942 1371 2008 &twynus-dre·

304 2041 387 2090 ρον
405 2023 495 2074 τὸν
506 2021 613 2087 ὅρον
627 2022 875 2087 ἀπέφηνεν.
899 2022 953 2070 οὐ
974 2021 1068 2086 ’γὰρ
1080 2021 1202 2071 κατὰ
1217 2021 1374 2072 πάντα

305 2099 509 2151 δυνατὸν
527 2101 798 2161 ὁμοιωθῆναι
816 2100 921 2163 θεῷ.
948 2101 1045 2149 πῶς
1069 2098 1165 2163 γὰρ
1201 2097 1258 2149 ἄν
1287 2116 1376 2163 τις,

307 2178 476 2242 ὁρατὸς
517 2177 597 2242 ὢν,
634 2176 878 2239 ’δμοιωθείη
921 2179 992 2241 τῷ·
1030 2175 1242 2242 &opis-4³3
1296 2176 1377 2227 real

307 2254 495 2321 βραχὺς
520 2255 585 2305 ὢν
616 2253 696 2304 καὶ
727 2254 856 2317 τόπῳ
876 2256 1054 2319 σμικρῷῗ
1072 2271 1378 2320 περιγεγραμ·

308 2332 472 2396 μένος,
513 2334 583 2394 τῷ
626 2330 925 2397 ἆτεριγράφφ
968 2330 1047 2382 καὶ
1088 2331 1180 2391 τὴν
1226 2331 1383 2382 κτίσιν

309 2410 594 2474 σννέχονης
625 2408 796 2475 τοιγάρ
835 2427 912 2459 τοι
949 2409 1056 2459 αὖτέ
1102 2410 1193 2470 τὴν
1239 2406 1382 2473 φύσιν

310 2488 510 2553 ἐκείνην,
547 2488 658 2538 οὔτε
687 2487 777 2547 τὴν
811 2485 1018 2551 δύναμιν,
1045 2486 1153 2536 οὔτε
1183 2485 1276 2548 μὴν
1293 2486 1384 2546 τὴν

314 2564 492 2631 σοφίαν
530 2563 813 2628 μιμήσασθαι
848 2563 1058 2615 δυνατόν.
1100 2565 1136 2615 i.
1177 2564 1194 2597 ⁴
1211 2566 1383 2613 Bono·

317 2656 434 2692 rum
457 2642 640 2690 Finem
672 2640 876 2699 statuit,
907 2646 984 2701 ut,
1000 2643 1247 2703 qnantum
1270 2637 1384 2686 fieri

318 2723 517 2783 potest,
547 2720 668 2768 Deo
698 2731 948 2783 perquam
986 2716 1176 2764 similes
1197 2714 1384 2765 evada-

319 2810 453 2846 mus.
546 2792 849 2845 Laudabilis
893 2807 1016 2842 sane
1068 2792 1388 2855 adhortatio,

319 2888 439 2939 qnae
477 2886 570 2923 uos
616 2873 681 2922 ad
722 2872 1014 2921 divinorum
1047 2871 1388 2922 imitationem

322 2951 531 3001 invitat.
598 2950 701 2999 Illa
723 2956 898 2999 tamen
925 2947 1203 2998 verborum
1240 2948 1388 2998 addi-

323 3026 422 3088 tio,
464 3032 529 3075 nt
566 3025 623 3076 id
672 3024 927 3075 faciamus
976 3030 1226 3090 qnantum
1275 3024 1390 3075 fieri

326 3109 526 3168 potest,
563 3101 864 3152 admirabile
897 3101 948 3150 id
997 3102 1160 3165 magis
1196 3101 1390 3152 homini

327 3193 486 3242 quam
507 3177 806 3242 praestabile
841 3191 956 3226 esse
996 3178 1258 3228 ostendit:
1300 3193 1391 3228 ne·

328 3271 431 3321 que
451 3255 588 3305 enlm
611 3253 724 3303 fleri
750 3259 945 3316 potest,
971 3260 1032 3303 ut
1064 3253 1115 3303 in
1155 3254 1393 3304 omnibns

328 3332 446 3382 Deo
486 3330 682 3381 similes
723 3330 1015 3380 evadamus.
1105 3330 1221 3381 Qno
1256 3331 1394 3381 enim

329 3414 490 3472 pacto
515 3406 727 3457 visibilis
757 3407 928 3469 homo,
948 3405 1258 3456 invisibilem
1283 3406 1395 3456 imi·

329 3486 516 3535 tetur?
548 3500 652 3550 qno
683 3482 838 3533 modo
873 3484 961 3549 qui
996 3483 1169 3534 brevis
1199 3490 1302 3549 est,
1333 3498 1396 3534 ac

331 3560 525 3626 exiguo
567 3561 682 3611 loco
723 3559 1072 3624 concluditur,
1116 3560 1193 3610 illi
1236 3566 1398 3625 queat

333 3651 451 3687 esse
472 3636 768 3702 persimilis,
786 3636 874 3700 qui
897 3642 1050 3686 extra
1073 3651 1276 3686 omnem
1297 3643 1401 3686 ter-

333 3714 529 3767 minum
552 3711 883 3773 constitutus‚
904 3711 1017 3775 ipse
1041 3712 1277 3763 continet
1289 3712 1400 3761 uni*-

335 3790 524 3840 versa?
571 3789 716 3841 Nulli
755 3794 836 3838 est
889 3803 1015 3853 ergo
1061 3796 1249 3838 natura
1296 3789 1402 3854 illa,

338 3867 468 3918 nulli
500 3865 757 3932 potentia,
790 3865 919 3915 nulli
948 3863 1205 3928 sapientia
1234 3865 1404 3915 imita·

337 3941 496 3993 bilis.’
563 3941 955 4004 Censneratque
991 3940 1126 3990 idem
1143 3941 1258 4003 jam
1281 3940 1403 3991 olim

339 4020 478 4084 apud
516 4020 788 4070 Philonem
821 4020 1088 4070 Philolaus
1115 4020 1403 4085 Pythagor.

343 4093 583 4156 κοσμοιΐας
599 4096 754 4159 libro,
774 4094 920 4144 Ἔστι
949 4094 1066 4160 γάρ,
1102 4105 1266 4160 φησιν,
1293 4095 1405 4158 ἦγε-

344 4172 443 4232 μὼν
464 4169 544 4220 καὶ
562 4170 722 4235 ἄρχων
740 4170 963 4223 ὁπ’-άντων
980 4173 1099 4238 θεὸς,
1136 4171 1203 4225 εἷς
1229 4171 1301 4224 ἀεὶ
1326 4173 1407 4236 ὢν,

345 4246 554 4311 μόνιμος,
591 4246 824 4309 ἀκίνητος,
861 4248 1001 4299 αὐτὸς
1055 4249 1181 4312 αὐτῷ
1236 4248 1409 4314 ὅμοιος,

345 4322 506 4392 ἔτερος
546 4327 642 4376 τῶν
687 4323 862 4379 ἄλλων.
929 4327 964 4376 i.
1016 4328 1032 4357 ⁴
1051 4328 1168 4391 Est,
1220 4326 1406 4395 inquit,

1445 412 1896 468 Pninosorfl.
1944 418 2089 468 1213.
2136 419 2185 467 1.
2357 405 2490 470 447

1432 568 1614 612 auctor
1662 570 1718 613 et
1762 564 2001 628 princeps
2044 578 2214 615 rernm
2261 566 2487 617 omnium

1432 638 1594 702 Deus,
1631 654 1834 704 semper
1867 656 2015 703 unus,
2061 642 2278 705 stabilis,
2315 643 2493 694 immo·

1433 715 1573 779 bilis,
1606 717 1718 782 ipse
1754 719 1831 767 sui
1873 717 2069 777 similis,
2105 718 2319 768 aliorum
2347 719 2495 769 dissi·

1434 792 1601 843 milis.'
1673 794 1777 843 Ant
1819 794 1859 842 si
1904 809 2021 859 quae
2069 795 2350 845 statuenda
2394 803 2499 861 est,

1435 883 1549 918 eam
1596 870 1842 933 amplecti
1887 870 2063 934 decet,
2104 886 2219 936 qnae
2265 878 2348 921 est
2379 872 2499 923 Cle-

1435 947 1623 997 mentis
1637 947 1789 997 Alex.
1803 949 1910 998 Str.
1924 962 1987 999 11.
2004 948 2145 998 clrca
2155 948 2331 1000 finem.
2349 950 2498 1000 Lact'.

1437 1022 1685 1072 Firmiani
1708 1024 1837 1073 locis
1859 1025 1953 1076 cit.
1977 1030 2035 1075 et
2055 1027 2345 1090 praesertim
2361 1026 2497 1076 Sixti

1437 1100 1726 1166 philosophi
1748 1116 1813 1151 ex
1837 1110 2010 1153 mente
2034 1104 2215 1153 summi
2238 1104 2395 1167 illius,
2411 1104 2501 1169 qui

1436 1176 1602 1226 instar
1622 1178 1843 1227 omnium
1879 1185 1978 1243 est,
2003 1178 2279 1244 Augustini
2315 1180 2407 1230 lib.
2432 1180 2499 1229 de

1440 1256 1645 1306 Natura
1668 1265 1722 1306 et
1744 1258 1963 1319 Gratia;
1998 1258 2016 1286 ‘
2035 1258 2165 1309 Quis
2185 1258 2311 1309 item
2326 1259 2500 1309 Chris-

1438 1331 1609 1381 tianus
1632 1332 1853 1397 ignorat,
1871 1334 2006 1399 quod
2023 1334 2370 1385 beatissimum
2386 1334 2502 1384 Six-

1442 1412 1550 1457 tnm
1571 1410 1813 1460 Romanae
1838 1410 2091 1460 Ecclesiae
2116 1412 2421 1475 episcopum
2445 1418 2502 1460 et

1441 1483 1630 1535 domini
1668 1493 1946 1553 martyrem
1969 1487 2161 1537 dixisse
2198 1502 2504 1538 commemo-

1442 1569 1547 1624 rat,
1569 1564 1585 1591 ‘
1600 1564 1737 1614 Quia
1754 1564 2049 1613 libertatem
2067 1564 2265 1614 arbitrii
2284 1563 2361 1613 sui
2384 1578 2504 1627 per-

1443 1638 1587 1688 misit
1626 1639 1914 1689 hominibus
1953 1642 2121 1705 Deus,
2163 1647 2222 1691 ut
2269 1655 2399 1705 pure
2448 1648 2504 1691 et

1447 1716 1559 1766 sine
1596 1723 1819 1781 peccato
1855 1717 2109 1782 viventes,
2142 1718 2336 1768 similes
2374 1716 2505 1769 fiant

1443 1793 1626 1842 Deoi'
1655 1794 1762 1844 Sed
1799 1794 1865 1843 ad
1901 1794 2072 1860 ipsum
2096 1794 2363 1845 arbitrium
2387 1810 2506 1859 per·

1445 1871 1598 1935 tinet,
1630 1878 1904 1921 vocantem
1937 1871 2120 1922 audire
2153 1879 2209 1922 et
2248 1872 2505 1932 credere;

1446 1952 1503 1995 et
1539 1947 1604 1996 ab
1644 1961 1729 2010 eo,
1766 1948 1818 1997 in
1858 1963 2010 2014 quem
2044 1948 2237 2011 credit,
2261 1963 2360 1998 non
2384 1962 2509 2012 pec-

1447 2024 1600 2075 candi
1644 2025 1958 2088 adjutorium
2013 2025 2291 2090 postulare.
2369 2026 2507 2076 Nam

1448 2103 1630 2168 utique
1648 2117 1762 2153 cum
1788 2104 1934 2168 dicit,
1958 2105 1974 2133 ‘
1994 2103 2192 2154 similes
2209 2103 2341 2153 fiant
2359 2103 2510 2166 Deo,’

1449 2191 1548 2242 per
1590 2180 1908 2230 charitatem
1951 2182 2057 2230 Dei
2091 2180 2256 2230 futuri
2294 2186 2416 2230 sunt
2449 2182 2515 2230 si·

1449 2255 1598 2306 miles
1621 2256 1753 2318 Deo,
1786 2259 1802 2285 ⁴
1817 2273 1933 2323 quae
1956 2256 2145 2307 diffusa
2166 2258 2319 2307 estin
2343 2256 2515 2307 cordi-

1453 2330 1550 2381 bus
1588 2334 1813 2394 nostris‚'
1869 2349 1972 2384 non
2014 2342 2213 2385 naturae
2252 2333 2513 2401 ‘possibili-

1453 2415 1585 2473 tate,
1612 2425 1708 2460 nec
1749 2411 1910 2460 libero
1935 2412 2171 2472 arbitrio,
2192 2409 2329 2476 quod
2353 2417 2433 2460 est
2458 2411 2512 2460 in

1453 2487 1619 2549 nobis,
1655 2486 1749 2536 sed
1783 2501 1878 2551 per
1899 2488 2145 2551 Spiritum
2169 2493 2402 2536 sanctum
2429 2486 2516 2551 qui

1457 2561 1609 2611 datus
1632 2569 1715 2612 est
1735 2563 1914 2614 nobis.’
1978 2564 2179 2614 Sixtum
2214 2561 2515 2627 pontificem

1457 2654 1555 2704 pro
1576 2640 1726 2690 Sixto
1740 2641 2041 2706 philosopho
2058 2641 2411 2704 Pythagorseo
2429 2639 2516 2688 hic

1456 2730 1513 2766 se
1546 2728 1817 2779 perperam
1853 2729 2125 2779 usurpasse
2147 2713 2385 2779 agnoscit
2405 2714 2519 2779 ipse

1459 2793 1690 2857 August.
1712 2792 2073 2842 retractation.
2098 2791 2246 2841 libro.
2282 2792 2439 2840 Idem.

1528 2870 1759 2920 Penetral
1777 2869 2002 2918 innocens
2022 2867 2207 2930 domus]
2238 2867 2254 2895 ‘
2269 2864 2521 2916 Penetral

1462 2946 1655 3009 animi,'
1685 2945 1822 3010 apud
1847 2946 2140 3010 Symmach.
2154 2944 2243 2994 lib.
2261 2958 2326 2994 ιι.
2347 2944 2519 3006 Epist.

1464 3027 1548 3074 84.
1573 3023 1639 3074 ad
1662 3012 1958 3088 quam‘vide
1976 3021 2271 3072 Miscellan.
2305 3020 2392 3069 Fr.
2426 3018 2523 3070 Ju-

1466 3101 1587 3151 reti.
1623 3099 1795 3149 Sitzm.
2065 3092 2066 3095 ¹

1500 3176 1503 3179 “
1533 3177 1679 3227 Socer
1720 3175 2029 3240 Symmachus
2067 3171 2279 3235 sanctus]
2316 3171 2525 3222 Laudat

1466 3266 1708 3302 socerum
1740 3250 1982 3314 Boe‘tius,
2042 3257 2098 3301 et
2127 3251 2279 3314 jure:
2317 3248 2529 3300 amabat

1468 3330 1710 3393 eundem,
1733 3329 1825 3380 sed
1839 3329 2044 3395 judicio
2068 3343 2169 3378 non
2190 3327 2354 3378 officit
2371 3339 2531 3392 amor,

1469 3408 1647 3473 quiex
1682 3407 1882 3472 judicio
1915 3413 2096 3458 natus:
2131 3406 2387 3470 ambigis?
2423 3411 2529 3455 tes-

1464 3494 1551 3537 tes
1569 3486 1800 3536 oculatos
1818 3485 1953 3535 dabo
1970 3501 1986 3534 ι
2021 3497 2237 3549 quorum
2260 3497 2390 3532 unus
2415 3482 2529 3545 plu·

1472 3563 1545 3613 ris
1587 3577 1742 3628 quam
1772 3561 1927 3611 auriti
1962 3559 2165 3610 decem.
2228 3557 2531 3607 Priscianus

1474 3638 1834 3701 Caesariensis,
1855 3637 1944 3702 qni
1965 3637 2042 3686 his
2064 3635 2187 3700 ipsis
2212 3634 2532 3700 temporibus

1471 3715 1624 3780 vixit,
1667 3715 1858 3765 docens
1896 3712 2367 3777 Constantinopoli,
2396 3708 2531 3760 libro

1474 3789 1542 3840 de
1577 3789 1891 3855 ponderibus
1932 3796 1988 3838 et
2021 3788 2306 3838 mensuris:
2340 3785 2534 3835 ‘Omni

1475 3864 1924 3930 te-Symmache,'
1963 3865 2151 3930 inquit,
2210 3860 2534 3913 ‘nobilitatis

1475 3941 1754 4006 splendore
1773 3941 2115 4004 celebratum,
2144 3956 2205 3991 ac
2223 3940 2362 3990 omni
2383 3946 2535 3989 natu·

1477 4034 1550 4070 rae
1570 4032 1785 4069 munere
1804 4024 2161 4083 prestantem,
2176 4018 2314 4066 omni
2328 4016 2537 4066 virtutis

1477 4097 1596 4146 luce
1636 4095 1943 4159 fulgentem,
1981 4093 2165 4144 studiis
2209 4095 2368 4144 etiam
2400 4094 2539 4156 opti·

1478 4186 1677 4221 marum
1710 4172 1898 4221 artium
1927 4170 2422 4235 disciplinarumque
2444 4167 2539 4216 flo-

1481 4255 1704 4309 rentem,
1723 4246 2112 4312 Justissimeqne
2135 4258 2403 4309 prosperae
2428 4241 2533 4291 for-

1480 4331 1623 4376 tunae
1646 4323 1848 4375 meritis
1885 4323 2008 4373 vitae
2048 4321 2377 4386 probantem,
2399 4317 2540 4369 fama
