3049 4928
598 407 906 458 sosrnu
956 408 1054 457 ns
1098 389 1404 458 consen.
1448 407 1886 457 ruinosum.
1934 409 2080 457 ms.
2125 409 2237 458 ιιι.

336 552 582 618 προσεχοῦς
603 549 658 600 δέ
675 550 792 601 εἰσιν
810 550 923 616 ὑπὲρ
940 551 1005 601 τὰ
1023 550 1208 616 οὐράνια
1236 550 1285 601 αἱ
1314 570 1390 602 νο-

336 628 445 694 md
465 628 636 678 οὐσίαι.
670 632 745 679 δεῖ
777 628 828 679 δὲ
863 629 921 679 τὸ
954 628 1163 679 αἰτιατὸν
1196 629 1269 679 ὅτι
1301 629 1391 686 μά-

336 716 483 760 λιστα
504 708 765 768 ὁμοιοῦσθαι
785 708 854 768 τῷ
895 709 1125 770 προσεχεῖ
1154 706 1286 769 αἰτίῳ
1303 697 1394 757 ’καὶ

335 783 509 833 τούτου
527 782 682 832 εἰκόνα
701 782 778 832 καὶ
789 785 969 845 μίμημα
981 781 1153 847 φέρειν·
1175 784 1396 834 διὰτοῦτο

333 858 416 909 οὖν
451 869 569 923 φησι
587 858 760 922 ,κύκλῳ
787 863 983 910 κινεῖται
1019 862 1046 909 ὁ
1075 859 1279 925 οὐρανὸς,
1322 859 1395 909 ὅτι

338 937 448 998 νοῦν
489 939 710 998 μιμεῖται.
750 937 869 986 ἴδιον
910 937 1003 1002 ’γὰρ
1040 938 1126 986 τοῦ
1163 938 1243 986 νοῦ
1280 937 1396 1002 πρὸς

338 1013 505 1063 ἑαυτὸν
525 1013 775 1063 συννεύειν.
807 1013 948 1065 αὐτὸς
981 1015 1075 1077 γὰρ
1096 1016 1122 1062 ὁ
1143 1016 1273 1079 ὁρῶν,
1313 1015 1395 1064 αὒ-

335 1092 422 1144 τὸε
442 1095 469 1141 ὁ
487 1092 725 1157 ὁρώμενος.
758 1094 876 1156 ὁρῶν
893 1093 987 1155 γὰρ
1005 1091 1068 1141 τὰ
1089 1093 1209 1155 εἴδη,
1230 1092 1397 1143 ἑαυτὸν

340 1172 444 1236 ὁρᾷ.
480 1170 560 1220 καὶ
582 1170 751 1219 ἑαυτὸν
771 1172 901 1234 ὁρῶν,
940 1170 1002 1219 τὰ
1025 1171 1124 1229 εἴδη
1164 1168 1396 1220 τεθέαται.

334 1246 566 1313 πλήρωμα
571 1247 665 1313 ’γὰρ
674 1246 777 1297 ἐστὶ
782 1251 877 1297 τῶν
885 1246 1025 1309 εἰδῶν,
1043 1247 1121 1297 καὶ
1131 1246 1247 1298 εἶδος
1253 1247 1396 1299 εἰδῶν·

337 1322 444 1385 ἔχει
464 1322 545 1373 οὖν
561 1326 588 1373 ὁ
609 1323 796 1389 οὐρανὸς
811 1325 871 1372 τὸ
890 1324 1130 1389 σφαιρικὸν
1143 1327 1310 1387 σχῆμα
1322 1325 1398 1375 διὰ

336 1400 429 1460 τὴν
449 1400 607 1463 κύκλῳ
620 1401 813 1460 κίνησιν.
825 1400 1001 1461 ταύτην
1019 1400 1069 1451 δὲ
1085 1401 1160 1452 διὰ
1176 1402 1264 1462 τὴν
1283 1403 1397 1468 πρὸς

336 1477 425 1528 τὸν
445 1480 553 1528 νοῦν
574 1478 852 1542 ἐξομοίωσιν·
890 1478 967 1528 καὶ
1002 1478 1160 1536 ἄλλως
1193 1483 1397 1543 μιμεῖται

336 1554 427 1608 τὸν
447 1557 555 1605 νοῦν
573 1556 750 1619 ἀμερῶς
777 1558 1024 1620 πανταχοῦ
1058 1556 1187 1607 ὄντα.
1219 1559 1280 1609 ὥς
1314 1557 1397 1609 οὖν

338 1635 518 1686 ἐκεῖνος
538 1632 634 1696 ἅμα
654 1637 905 1698 πανταχοῦ
924 1637 1074 1698 ἐστιν,
1110 1636 1253 1688 οὕτως
1272 1639 1299 1685 ὁ
1319 1638 1396 1686 οὗ·

337 1711 480 1776 μανὸς
507 1713 764 1774 πανταχοῦ
776 1712 974 1774 γίνεται·
1008 1714 1078 1774 τῷ
1110 1710 1191 1762 οὖν
1219 1732 1397 1764 παντα-

339 1789 439 1850 χοῦ
458 1788 684 1850 «γίνεσθαι
713 1787 770 1836 τὸ
806 1789 1055 1850 πανταχοῦ
1092 1787 1146 1837 ὸν
1175 1791 1396 1851 μιμεῖται.

337 1863 580 1913 τελείωσις
613 1864 707 1926 ’γὰρ
735 1866 831 1912 τῶν
865 1863 1089 1928 χειρόνων
1121 1865 1153 1926 ἧ
1187 1866 1304 1931 πρὸς
1335 1867 1398 1917 τὰ

342 1938 574 2005 ὑπέρτερα
627 1939 886 2004 ἐπιστροφή
921 1959 977 1989 τε
1012 1942 1092 1991 καὶ
1125 1940 1400 2006 ἐξομοίωσις,

347 2019 365 2047 ‘
387 2032 454 2066 ex
485 2017 804 2079 habitudine,
837 2032 991 2082 qnam
1021 2019 1178 2069 babet
1213 2020 1277 2069 ad
1316 2035 1397 2083 ea,

346 2108 462 2158 qnae
486 2100 609 2143 ante
644 2108 701 2143 se
740 2102 877 2144 sunt.
944 2095 1279 2146 Cobaerenter
1312 2111 1401 2146 an-

343 2179 454 2221 tem
474 2171 602 2220 etin
625 2171 918 2220 continenti
954 2178 1076 2220 sunt
1109 2187 1270 2236 supra
1304 2189 1401 2223 coe·

343 2247 495 2297 lestia
509 2247 869 2309 intelligibiles
889 2249 1209 2299 substantiae.
1228 2250 1401 2315 Opor-

344 2332 428 2374 tet
443 2330 615 2374 autem
634 2322 878 2374 effectum
893 2326 1169 2375 cohaerenti
1184 2328 1402 2378 maxime

345 2416 519 2451 causae
566 2402 837 2450 assimilari
883 2408 937 2451 et
981 2402 1091 2466 ejus
1127 2403 1403 2467 imaginem

346 2495 499 2545 qnam
554 2481 789 2545 proxime
836 2481 1041 2529 imitari.
1108 2483 1405 2545 Propterea

343 2572 486 2621 ergo,
509 2557 696 2622 iuquit,
719 2557 772 2605 in
794 2557 974 2606 orbem
1009 2558 1193 2606 coelum
1230 2572 1404 2607 move-

348 2642 456 2697 tur,
491 2635 611 2700 quia
645 2635 1181 2684 mentem-imitatur:
1218 2635 1404 2685 mentis

347 2712 487 2761 enim
511 2711 777 2775 proprium
801 2718 883 2761 est
920 2712 985 2761 sd
1025 2712 1245 2775 seipsam
1285 2727 1405 2762 con-

347 2788 503 2839 verti.
533 2788 657 2851 Ipsa
678 2787 814 2836 enim
837 2786 1036 2850 videns,
1053 2788 1165 2851 ipsa
1184 2795 1264 2837 est
1289 2804 1403 2853 qum

289 2888 294 2895 ι
349 2863 591 2913 videtur:
624 2861 820 2913 formas
860 2864 996 2912 enim
1041 2863 1241 2926 videns,
1273 2865 1401 2929 seip-

351 2954 459 2990 sam
481 2939 659 2990 videt:
682 2945 737 2988 et
762 2940 981 3003 seipsam
995 2941 1197 3004 videns,
1211 2940 1403 2992 formas

349 3016 763 3080 contemplatur:
816 3014 1100 3067 formarum
1138 3018 1274 3068 enim
1320 3027 1404 3071 est

348 3093 625 3159 plenitudo
659 3099 715 3144 et
744 3090 911 3142 forma
934 3092 1230 3146 formarum.
1298 3097 1405 3147 Ha-

347 3172 444 3222 bet
494 3171 670 3236 itaque
713 3172 896 3220 coelum
936 3172 1240 3236 spbaericam
1280 3174 1403 3238 figu-

351 3261 483 3309 ram,
506 3254 563 3296 nt
585 3247 640 3295 in
672 3238 927 3297 circulum'
950 3259 1249 3299 moveatur:
1284 3250 1404 3301 ideo

350 3330 526 3373 autem
548 3323 624 3372 ita
649 3331 905 3384 movetur,
924 3334 984 3373 ut
1021 3327 1181 3376 menti
1225 3328 1403 3379 similis

350 3398 621 3450 reddatur.
690 3400 759 3448 Et
783 3400 970 3462 alioqui
1002 3401 1234 3452 imitatur
1267 3419 1405 3455 men-

351 3485 479 3537 tem,
502 3490 618 3540 quae
649 3474 1039 3526 indivisibiliter
1080 3479 1269 3544 ubique
1304 3490 1403 3545 est,

350 3554 426 3602 its
449 3560 503 3601 et
529 3551 714 3601 coelum
753 3549 945 3616 ubique
979 3551 1066 3602 fit:
1106 3569 1170 3604 eo
1208 3557 1404 3621 itaque,

352 3627 491 3693 quod
523 3627 715 3692 ubique
744 3625 857 3688 fiat,
881 3627 932 3677 id
950 3629 1087 3694 quod
1113 3631 1302 3697 ubique
1324 3642 1407 3685 est

348 3704 604 3754 imitatur.
639 3703 973 3753 Deteriorum
996 3707 1130 3756 enim
1154 3708 1407 3771 perfectio

350 3788 432 3831 est
456 3778 521 3829 ad
545 3778 815 3841 superiora
843 3783 1113 3833 conversio
1136 3792 1192 3835 et
1214 3787 1407 3837 assimi-

350 3855 482 3907 latio
500 3855 534 3904 :’
576 3855 651 3904 ait
686 3855 805 3906 Joa.
823 3855 1141 3921 Philoponus
1166 3860 1219 3909 in
1252 3862 1343 3912 lib.
1367 3878 1408 3914 1.

349 3931 516 3982 Arist.
541 3929 609 3979 de
629 3930 829 3981 Anima.
855 3932 958 3983 Ubi
977 3933 1079 3984 duo
1096 3935 1282 3986 babes:
1303 3940 1410 4002 pri·

350 4024 511 4071 mum,
544 4006 782 4058 Animam
836 4011 1029 4075 mundi,
1069 4028 1130 4063 eo
1164 4017 1302 4079 quod
1342 4018 1411 4067 sit

352 4087 541 4138 mentis
557 4085 840 4148 particeps,
860 4088 1044 4137 coelum
1068 4091 1318 4141 movendo
1356 4093 1410 4142 in

352 4164 575 4227 seipsam
597 4163 850 4224 converti,
873 4163 1010 4227 quod
1032 4172 1201 4216 motus
1223 4169 1309 4217 τοῦ
1326 4177 1412 4219 λο-

353 4240 490 4300 γικοῦ
511 4253 602 4287 seu
623 4239 790 4296 νοητοῦ
809 4239 1053 4289 indicium
1068 4249 1168 4304 est,
1188 4243 1285 4294 boc
1306 4253 1409 4310 est,

357 4327 413 4368 nt
436 4317 511 4368 ait
531 4314 766 4380 Boetius,
800 4317 815 4345 ‘
840 4316 895 4375 in
927 4323 1090 4368 semet
1123 4319 1409 4374 redituram

2387 395 2527 460 50⁵

1464 552 1675 603 meare.'
1706 554 1948 617 alterum,
1989 555 2226 606 Animam
2248 556 2385 607 illam
2409 563 2518 608 tam

1466 637 1612 679 certo
1654 630 2001 682 moderamine
2051 648 2262 683 movere
2315 634 2521 697 coelum,

1466 707 1592 771 qnia
1623 707 1885 757 ‘Mentem
1905 708 1918 726 '
1955 711 2273 771 superiorem
2314 716 2369 760 et
2391 711 2520 760 divi-

1467 800 1584 834 nam
1628 800 1718 835 seu
1750 787 1765 814 ‘
1789 786 2099 850 profundam
2141 789 2362 851 circuit,’
2409 790 2521 838 sive

1470 869 1528 912 ut
1565 863 1734 927 inquit
1770 864 2036 927 synesius,
2078 862 2242 926 Μέγαν
2263 865 2381 927 ἀμφὶ
2416 866 2525 915 νοῦν

1468 937 1672 1003 χορεύει,
1693 941 1709 967 ‘
1732 940 1981 1004 Magnam
2004 942 2143 992 circa
2164 947 2387 992 mentem
2413 955 2520 991 mo-

1470 1018 1659 1071 vetur!
1725 1019 1887 1083 Cujus
1906 1020 2140 1069 nimirum
2177 1021 2415 1070 movendi
2439 1031 2527 1069 ra-'

1470 1093 1681 1157 tionem,
1703 1103 1948 1160 quantum
1984 1103 2179 1161 potest,
2218 1098 2268 1147 in
2305 1112 2521 1147 conver-

1470 1172 1629 1221 tendo
1645 1174 1775 1221 coelo
1799 1173 2060 1223 imitatur:
2082 1190 2234 1239 supra
2256 1175 2391 1224 enim
2414 1175 2521 1224 ani-

1470 1263 1602 1297 mam
1628 1249 1821 1311 mundi,
1845 1265 1960 1314 quae
1999 1266 2186 1316 corpus
2230 1252 2405 1301 mundi
2436 1267 2524 1300 su·

1468 1327 1793 1390 pereminens
1879 1329 2338 1393 circumplectitur,
2412 1330 2525 1379 sola

1469 1419 1616 1454 mens
1660 1413 1857 1456 aeterna
1905 1406 2310 1471 substantiaeque
2365 1405 2525 1465 νοηταὶ

1470 1488 1609 1532 sunt.
1677 1481 1930 1532 Nimirum
1955 1483 2108 1531 Mens
2139 1483 2228 1531 illa
2263 1496 2524 1546 superem·

1470 1558 1619 1608 lestis
1632 1559 1751 1606 Deo
1770 1558 1939 1620 plena,
1959 1557 2346 1622 divinitatisque
2373 1572 2525 1621 prox·

1470 1632 1573 1683 ima
1594 1640 1649 1683 et
1667 1632 1771 1682 fida
1794 1634 2136 1697 observatrix,
2176 1642 2422 1684 constans
2445 1634 2522 1683 di-

1471 1711 1604 1759 vinae
1626 1712 1904 1759 voluntatis
1937 1719 2128 1773 custos,
2165 1710 2410 1773 σωμάτων,
2444 1729 2508 1760 κα

1468 1791 1649 1851 ψυχῶν,
1669 1786 1748 1836 καὶ
1768 1786 1891 1849 ζωῆς
1911 1786 2068 1851 πατὴρ
2085 1787 2164 1838 καὶ
2185 1789 2352 1851 αἴτιος,
2372 1790 2388 1817 ‘
2411 1803 2525 1837 cor·

1470 1880 1653 1929 porum
1688 1873 1742 1914 et
1783 1865 2062 1915 animar'nm
2108 1868 2377 1930 omnisque
2402 1866 2525 1916 vitae

1472 1956 1659 2006 parens
1703 1950 1761 1993 et
1798 1942 1989 2005 cansa,'
2023 1943 2182 1991 vitam
2225 1933 2527 2005 motumque

1472 2018 1626 2068 rebus
1662 2018 1913 2081 omnibus,
1958 2032 2054 2083 pro
2098 2020 2326 2069 materiae
2361 2019 2529 2083 qnali-

1473 2102 1605 2158 tate,
1626 2096 1857 2158 largitur.
1926 2095 1973 2145 A
1995 2110 2096 2159 qna
2116 2102 2360 2161 quantum
2394 2095 2530 2145 orbia

1473 2185 1561 2219 nm
1617 2172 1907 2221 coelestium
1963 2172 2308 2237 unusquisqne
2362 2172 2531 2234 abest,

1475 2255 1679 2296 tantum
1701 2248 2091 2297 inconstantior-1
2129 2248 2528 2312 volubiliorique

1474 2329 1616 2373 motu
1639 2329 1945 2389 torquetur:
1981 2325 2070 2389 qui
2111 2339 2233 2374 vero
2274 2340 2387 2373 eam
2414 2338 2531 2388 pro·

1475 2401 1593 2464 pius
1613 2400 1836 2464 accedit,
1869 2408 2012 2449 motu
2050 2399 2288 2450 uniformi
2327 2402 2531 2464 sapien·

1476 2477 1777 2542 tissimoque
1816 2478 2165 2527 convertitur:
2203 2478 2280 2526 ita
2315 2484 2373 2526 ut
2409 2492 2532 2527 con·

1475 2556 1670 2607 stantia
1690 2556 1797 2617 illa,
1838 2570 1940 2620 qua
1974 2556 2270 2606 universum
2292 2556 2389 2605 boc
2413 2555 2534 2605 sub-

1477 2631 1616 2681 sistit
1651 2646 1713 2680 ac
1737 2632 1899 2694 viget,
1920 2631 1987 2679 sit
2018 2632 2034 2658 ‘
2054 2631 2252 2693 imago’
2287 2637 2538 2682 constan--

1478 2707 1566 2757 tiae
1606 2706 1791 2756 mentis
1815 2706 1951 2756 illius
1973 2705 2163 2755 divina:
2185 2721 2198 2754 :
2237 2721 2351 2771 quae
2375 2720 2535 2769 supra

1474 2785 1720 2835 mundum
1741 2782 2270 2847 existensflrpbrmos,
2287 2786 2302 2810 ‘
2315 2782 2480 2846 prima
2496 2781 2533 2843 ;’

1478 2863 1530 2912 in
1563 2861 1754 2915 mundo
1787 2875 1930 2924 vero,
1971 2860 2189 2922 μεθεκτὸς
2217 2863 2232 2889 ‘
2251 2860 2532 2924 participa-

1480 2937 1566 2988 ta’
1601 2936 1816 2999 dicitur,
1838 2950 1927 2986 seu
1959 2936 2074 3000 ipsa
2104 2935 2294 2986 Anima
2314 2935 2533 2985 Mundi:

1476 3029 1632 3080 quam
1667 3013 1741 3064 sic
1776 3029 1979 3079 qnoque
2017 3013 2270 3064 describit
2308 3013 2534 3063 Hermes

1478 3091 1825 3155 Poemandro,
1846 3106 1958 3152 seu,
1998 3097 2058 3140 ut
2094 3091 2164 3140 D.
2196 3090 2421 3155 cyrillus
2443 3090 2540 3153 ait,

1478 3168 1726 3218 librorum
1786 3167 2176 3217 Hermaicorum
2214 3172 2411 3225 auctor,
2444 3166 2535 3228 qni

1477 3259 1567 3294 eos
1586 3242 1809 3294 Athenis
1830 3244 2137 3306 composuit,
2150 3242 2241 3292 Kal
2254 3244 2280 3291 ὂ
2299 3241 2387 3304 μὲν
2404 3241 2543 3306 Θεὸς,

1479 3323 1533 3371 ἐν
1551 3323 1620 3384 τῷ
1652 3323 1730 3384 νῷ·
1765 3324 1793 3371 δ
1829 3319 1881 3370 δὲ
1902 3322 2025 3384 νοῦς,
2060 3321 2111 3369 ἐν
2143 3322 2206 3386 τῇ
2241 3321 2390 3385 ψυχῇ·
2412 3318 2444 3380 ἧ
2484 3318 2538 3368 δὲ

1478 3399 1631 3464 ψυχὴ,
1651 3400 1700 3449 ἐν
1717 3400 1780 3464 τῇ
1801 3398 1908 3464 ὕλῃ·
1941 3395 2096 3447 πάντα
2117 3395 2168 3446 δὲ
2187 3398 2341 3445 ταῦτα
2359 3395 2434 3446 διὰ
2449 3397 2540 3446 τοῦ

1479 3477 1657 3529 αἲῶνος·
1694 3477 1753 3526 τὸ
1788 3475 1839 3526 δὲ
1860 3479 1957 3526 πᾶν
1975 3477 2115 3525 τοῦτο
2149 3478 2299 3535 σῶμα,
2317 3475 2367 3524 ἐν
2403 3473 2439 3538 ᾧ
2473 3474 2540 3535 τὰ

1477 3554 1638 3606 πάντα
1677 3554 1783 3604 ἐστὶ
1816 3553 2029 3615 σώματα,
2069 3551 2203 3617 ψυχὴ
2239 3551 2421 3617 πλήρης
2448 3553 2540 3602 τοῦ

1479 3635 1563 3683 νοῦ
1582 3632 1660 3682 καὶ
1680 3634 1767 3682 τοῦ
1787 3632 1923 3694 Θεοῦ,
1949 3631 2082 3682 ἐντὸς
2099 3629 2188 3693 μὲν
2206 3631 2322 3681 αὐτὸ
2341 3632 2535 3694 πληροῖ·

1480 3710 1616 3761 ἐκτὸς
1638 3709 1691 3760 δὲ
1709 3707 2044 3775 περιλαμβάνει
2064 3708 2349 3772 ζωοποιοῦσα
2369 3708 2428 3757 τὸ
2447 3704 2539 3757 πά-

1481 3803 1549 3839 νυ·
1562 3788 1706 3839 :dxv-bs
1725 3787 1832 3850 μὲν,
1847 3789 1986 3837 τοῦτο
2006 3786 2064 3836 τὸ
2092 3784 2219 3849 μέγα
2251 3785 2330 3836 καὶ
2356 3783 2541 3834 τέλειον

1484 3866 1606 3930 ζῶον
1638 3865 1726 3915 τὸν
1767 3864 1958 3927 κόσμον·
2013 3864 2141 3914 ἐντὸς
2177 3863 2249 3926 δὲ,
2277 3861 2435 3912 πάντα
2473 3862 2539 3913 τὰ

1483 3943 1600 4006 ζῶα.
1612 3942 1691 3992 καὶ
1710 3942 1802 3992 ἅνω
1821 3941 1909 4003 μὲν
1925 3942 1975 3991 ἐν
1987 3943 2058 4003 τᾷ
2076 3941 2250 4005 οὐρανῷ·
2269 3938 2541 4001 διαμένουσα

1481 4022 1547 4085 τῇ*
1581 4017 1852 4077 ταυτότητι·
1886 4017 2013 4067 κάτω
2032 4016 2083 4067 δὲ
2114 4016 2192 4066 ἐπὶ
2221 4019 2309 4076 τῆς
2340 4019 2433 4078 ’γῆς
2451 4016 2541 4075 τὴν

1480 4094 1671 4158 ’γένεσιν
1698 4094 2093 4158 μεταβάλλουσα,
2128 4101 2143 4123 ‘
2169 4095 2240 4144 Et
2259 4095 2406 4143 Deus
2427 4094 2538 4157 qui-

1482 4174 1601 4223 dem
1626 4173 1679 4221 in
1697 4181 1892 4235 mente,
1914 4186 2059 4220 mens
2083 4172 2134 4220 in
2156 4171 2346 4231 anima,
2366 4172 2537 4219 anima

1482 4257 1657 4301 autem
1672 4250 1723 4298 in
1738 4249 1981 4309 materia;
2002 4247 2172 4296 omnia
2187 4262 2306 4298 vero
2330 4251 2429 4296 ista
2446 4260 2542 4309 per

1482 4339 1677 4377 aevum:
1701 4324 1991 4377 universum
2014 4329 2184 4375 autem
2208 4323 2304 4373 boc
2327 4336 2536 4387 corpus,
