3049 4928
500 361 588 428 82

589 521 709 588 Sol
745 521 929 600 latet,
962 539 1045 587 ao
1070 520 1364 589 nondum
1394 519 1575 589 coelo
1602 521 2028 589 venientibus
2059 523 2323 603 astriS,¹²

1192 377 1498 427 Bournn
1553 377 1658 446 nn,
1696 374 2024 427 consor„

684 624 988 709 Desuper
1012 626 1352 693 interram
1383 645 1521 693 nox
1553 624 1847 691 funditur
1872 646 1890 705 ;

591 727 794 792 Hane
827 728 887 791 si
917 724 1233 791 Threicio
1269 728 1520 792 Boreas
1540 735 1566 762 ⁰
1610 727 1897 792 emissus
1929 729 2017 793 ab
2050 737 2244 797 antro

674 828 1017 908 Verberet,
1049 833 1117 893 et
1148 830 1483 894 clausumt
1513 833 1764 894 reseret
1794 830 1995 909 diem,

500 963 595 997 nox
614 949 761 998 irruit
795 964 858 998 ex
894 947 1084 997 sublimi
1106 947 1168 997 Tin
1196 949 1401 996 humum.
1465 945 1528 997 Sa·
1566 947 1749 999 Boreas
1786 953 1951 998 ventus
1982 964 2045 998 ex
2080 951 2302 1013 spelunca
2342 950 2546 999 Thracia
2579 955 2710 998 ortus

488 1013 720 1077 flagellet,
744 1014 865 1063 lianc
903 1019 1080 1064 terram
1115 1017 1164 1063 et
1199 1012 1380 1079 aperiat
1407 1013 1555 1062 lucem
1588 1013 1929 1076 absconditam,
1963 1013 2049 1063 Sol
2068 1021 2286 1079 apparet,
2322 1021 2369 1065 et
2393 1016 2588 1064 emissus
2609 1015 2707 1063 luce

1426 1123 1603 1142 ““““

1607 1123 1784 1142 ““““

1021 1202 1044 1249 t
1076 1195 1253 1244 clarum
1285 1188 1593 1243 Wakefield.
1627 1191 1692 1241 ad
1729 1192 1938 1243 Lucret.
1977 1207 2051 1243 vr.
2084 1197 2196 1245 114.

1506 1307 1719 1359 NOTAE

502 1386 592 1439 aer
623 1388 688 1440 ab
723 1390 859 1441 Ortn
901 1391 952 1440 in
984 1392 1243 1443 Occasum
1278 1392 1469 1454 cietur,
1503 1397 1561 1440 ut

503 1466 666 1516 nubes
706 1468 977 1518 contrariis
1011 1469 1129 1519 hinc
1163 1474 1219 1519 et
1255 1469 1375 1519 inde
1409 1468 1561 1519 moti-

500 1542 595 1592 bus
633 1558 940 1609 compressa».
987 1551 1260 1608 cogantur,
1297 1545 1560 1608 copiosum

492 1619 736 1685 imbrem,
797 1621 898 1670 nisi
970 1623 1121 1671 aliter
1188 1622 1561 1685 dissolvantur,

500 1697 780 1747 emissurae.
868 1698 1015 1762 Virg.
1061 1713 1117 1749 v.
1165 1699 1277 1748 AEn.
1325 1712 1399 1748 vs.
1444 1702 1559 1747 125.

493 1774 510 1803 ‘
537 1773 689 1826 Quod
723 1768 930 1824 tu'midis
960 1775 1283 1825 submersum
1324 1774 1563 1824 tunditur

499 1851 618 1900 olim
652 1852 934 1916 Fluctibus,
951 1851 1174 1916 hyberni
1208 1850 1442 1901 condunt
1475 1852 1561 1902 ubi

499 1927 672 1991 sidera
695 1929 854 1980 Cori.'

561 2011 598 2038 ω
633 2004 966 2068 Nimbosisque
1019 2002 1271 2066 imbribus]
1360 2003 1559 2055 Imbres

498 2082 715 2132 nimbosi
744 2083 1003 2143 dicuntur,
1027 2081 1165 2145 quod
1202 2081 1253 2131 bi
1283 2081 1420 2130 nube
1448 2086 1559 2131 tan-

499 2174 652 2223 quam
686 2173 778 2208 sua
799 2158 1019 2208 materia
1044 2158 1229 2207 inclusi
1257 2159 1558 2209 continean-

499 2241 618 2284 tur:
653 2234 858 2284 nimbus
883 2235 1020 2284 enim
1054 2249 1156 2284 non
1193 2249 1344 2285 secus
1378 2251 1440 2286 ac
1463 2251 1555 2286 nu-

498 2311 592 2360 bes
617 2312 903 2375 generatim
937 2312 1065 2362 illud
1089 2312 1281 2363 dicitur
1301 2313 1434 2381 quod
1462 2329 1566 2367 nu—

494 2388 576 2438 bit
616 2389 727 2438 sive
766 2391 966 2453 operit:
1004 2391 1142 2441 unde
1173 2391 1448 2456 ‘nimbns,'
1481 2394 1556 2444 in-

495 2468 612 2531 quit
643 2468 877 2517 Isidorus
900 2470 936 2518 1.
959 2482 1082 2519 xlx.
1114 2484 1161 2519 c.
1187 2475 1268 2521 31.
1307 2473 1322 2499 ‘
1341 2478 1422 2521 est
1457 2471 1556 2523 fas-

495 2544 630 2594 ciola
652 2550 942 2595 transversa
963 2562 1025 2594 ex
1049 2560 1173 2595 auro
1198 2554 1371 2597 assuta
1391 2548 1442 2597 in
1460 2549 1561 2598 lin-

495 2627 602 2683 teo,
623 2621 760 2687 quod
795 2628 876 2671 est
913 2622 964 2671 in
1001 2620 1174 2673 fronte
1200 2622 1559 2676 foeininarum.’

495 2698 577 2747 Ex
616 2713 717 2763 quo
760 2699 978 2748 Plautus
1009 2700 1358 2751 ‘nimbatsm'
1391 2718 1558 2753 mere·

495 2774 675 2825 tricem
700 2776 851 2826 dixit.
905 2776 1120 2827 Scilicet
1144 2779 1323 2843 nubes,
1345 2796 1462 2845 quae
1487 2781 1559 2830 ni·

491 2851 565 2901 hil
588 2859 670 2902 est
693 2853 832 2903 aliud
857 2869 1009 2919 qnam
1033 2870 1197 2919 vapor
1231 2857 1559 2920 caliginosus,

491 2928 544 2977 in
564 2928 771 2979 sublimi
794 2929 926 2978 aeris
946 2930 1410 2983 circumfundentis
1433 2949 1557 2997 pon·

491 3004 620 3054 dere
656 3006 896 3071 libratus,
931 3006 1172 3058 deorsum
1211 3006 1338 3057 ferri
1378 3016 1557 3073 potest

490 3081 693 3132 dnobus
711 3082 897 3145 modis),
916 3090 971 3132 et
995 3098 1088 3147 pro
1111 3083 1315 3137 diverso
1339 3083 1556 3134 descen·

490 3171 576 3206 sus
614 3158 693 3207 sui
717 3157 888 3220 modo,
909 3159 1137 3209 diversos
1170 3158 1363 3212 habere
1397 3157 1555 3210 effec-

489 3241 602 3286 tus:
641 3235 719 3283 vel
751 3235 887 3286 enim
922 3236 1085 3288 nubes
1119 3236 1322 3299 integra
1343 3234 1562 3288 descem

489 3310 586 3375 dit,
606 3312 688 3361 vel
713 3310 1007 3375 frustatim3
1030 3314 1073 3363 si
1093 3314 1302 3378 integra
1338 3314 1558 3368 descen..

489 3387 602 3450 dat,
626 3388 864 3453 fulguris,
893 3389 1142 3451 fulminis,
1162 3390 1397 3454 tonitrui,
1423 3408 1556 3455 prae-

485 3467 665 3515 sertim
699 3481 823 3517 vero
853 3466 1183 3530 tempestatis
1214 3482 1401 3531 parens
1435 3484 1556 3522 esse

488 3548 683 3606 potest.
749 3543 805 3593 Si
829 3550 1002 3594 autem
1043 3540 1306 3594 frustatim
1337 3543 1552 3595 descen-

486 3618 594 3679 dat,
614 3619 769 3683 hujus
792 3625 900 3669 tres
919 3632 1034 3668 esse
1050 3620 1220 3669 solent
1237 3617 1414 3670 formae
1433 3637 1451 3681 ;
1473 3622 1555 3674 ni-

485 3696 673 3746 mirum
706 3695 819 3757 nix,
850 3694 1049 3759 pluvia,
1070 3701 1126 3743 et
1161 3695 1394 3758 grando:
1432 3711 1553 3748 nam

486 3771 655 3821 villosi
678 3772 830 3822 nubis
853 3770 1050 3834 globuli
1075 3770 1309 3822 cadendo
1334 3773 1417 3823 vel
1441 3788 1548 3824 ser-

484 3854 631 3908 vant,
668 3846 754 3896 vel
792 3852 997 3895 mutant
1040 3861 1184 3896 suam
1219 3846 1470 3900 formam:
1504 3849 1551 3899 si

485 3929 715 3980 servant,
743 3923 939 3987 ningit:
999 3921 1041 3971 si
1073 3937 1198 3972 vero
1238 3930 1461 3986 mutant,
1494 3926 1550 3975 hi

481 4006 573 4050 aut
592 4000 890 4064 liquescunt
905 4006 1131 4064 tantum,
1148 4007 1361 4066 tumque
1382 4002 1549 4067 pluit;

483 4083 575 4126 aut
605 4076 890 4127 durescunt
925 4076 1128 4143 liquati,
1167 4084 1382 4145 tumque
1404 4078 1551 4137 cadit

484 4153 698 4217 grande.

552 4232 698 4282 Polus
747 4229 905 4298 stetit]
992 4235 1189 4286 Coelum
1259 4234 1547 4286 obductum

484 4307 602 4360 fuit.
667 4311 754 4363 Sic
780 4314 916 4365 enim
943 4315 1190 4378 Virgilius
1213 4315 1326 4365 Ecl.
1344 4328 1445 4364 vn.
1466 4328 1544 4364 vs-

1640 1394 1724 1440 53.
1792 1392 1807 1418 ‘
1834 1390 1987 1440 Stant
2010 1397 2066 1441 et
2077 1390 2334 1457 juniperi,
2359 1396 2416 1439 et
2448 1394 2704 1440 castaneae

1641 1466 1890 1517 hirsutaess
1928 1467 2124 1517 AEneid.
2147 1482 2222 1517 vr.
2250 1482 2323 1516 vs,
2346 1470 2461 1517 300.
2487 1465 2554 1514 de
2575 1467 2707 1516 Cha·
2784 1501 2794 1504 -

1641 1549 1810 1601 ronte,
1841 1544 1984 1608 cnjus
2019 1545 2156 1595 oculi
2189 1542 2392 1594 flamma
2433 1542 2540 1608 tegi
2563 1542 2706 1593 vide·

1641 1619 1861 1672 bantur:
1881 1623 1896 1650 ⁶
1913 1612 2142 1673 Canities
2158 1623 2539 1686 incultaJacet3
2562 1628 2707 1671 stant

1643 1697 1835 1749 lumina
1856 1697 2100 1749 flamma!
2149 1699 2350 1748 AEneid.
2370 1712 2472 1749 xu.
2495 1713 2573 1748 vs.
2589 1702 2687 1748 407
2693 1735 2706 1749 .

1642 1774 1708 1824 de
1724 1777 1853 1826 coelo
1868 1777 2007 1842 quod
2027 1777 2240 1841 pulvere
2256 1775 2539 1826 obductum
2556 1784 2699 1826 erat:

1643 1851 1659 1880 ⁴
1682 1851 1804 1903 Jam
1828 1854 2042 1917 pulvere
2078 1853 2262 1903 coelum
2300 1853 2453 1902 Stare
2489 1851 2707 1902 vident!

1643 1928 1783 1978 Hine
1812 1929 2024 1979 additur
2048 1944 2120 1980 vs·
2145 1934 2193 1978 5.
2250 1929 2266 1958 ⁴
2291 1930 2380 1979 Sol
2404 1926 2577 1979 latet.'

1706 2011 1734 2037 ¹³
1768 2005 1990 2056 Nondum
2040 2008 2151 2056 coelo
2199 2005 2489 2056 venientibus
2539 2006 2710 2070 astris]

1643 2081 1762 2131 Nox
1787 2083 1943 2143 enim,
1957 2082 2139 2132 Poetis
2156 2083 2465 2147 praesertim,
2486 2082 2707 2146 duplicis

1644 2163 1725 2206 est
1766 2159 1988 2221 generis.
2056 2157 2241 2208 Altera
2283 2159 2511 2209 nascitur
2563 2159 2707 2208 occi·

1643 2232 1799 2283 dente
1840 2234 1979 2298 Sole,
2024 2234 2470 2299 emicantibusque
2511 2235 2704 2284 ceteris

1642 2311 1813 2375 astris,
1831 2326 1946 2376 quae
1971 2319 2258 2376 propterea
2280 2312 2404 2361 oriri
2427 2310 2704 2362 dicuntur:

1641 2386 1707 2435 de
1739 2386 1836 2437 hac
1871 2394 2025 2437 nocte
2060 2388 2289 2453 loquitur
2316 2389 2464 2452 Virg.
2502 2401 2564 2438 ιι.
2587 2388 2701 2438 AEn.

1640 2480 1715 2516 vs.
1753 2470 1869 2516 250.
1937 2469 1952 2494 ‘
1975 2466 2213 2517 Vertitur
2253 2466 2455 2515 interea
2495 2466 2706 2522 coelum,

1640 2549 1696 2592 et
1713 2542 1819 2592 ruit
1843 2541 2055 2592 Oceano
2076 2557 2197 2606 nox,
2221 2543 2498 2592 Involvens
2522 2541 2706 2592 umbra

1639 2635 1829 2683 magna
1850 2627 2150 2687 terramque
2172 2619 2483 2685 polumque?
2513 2618 2703 2669 Altera

1640 2698 1825 2761 oritur,
1846 2698 2002 2748 etiam
2026 2704 2147 2748 ante
2169 2697 2305 2747 Solis
2340 2710 2602 2760 occasum,
2626 2696 2699 2760 ip-

1640 2790 1698 2824 so
1743 2775 2039 2841 ceterisque
2087 2775 2237 2824 astris
2287 2772 2595 2836 latentibus,
2632 2773 2702 2824 de

1639 2868 1741 2917 qua
1761 2854 1992 2918 loquitur
2011 2851 2148 2901 idem
2168 2851 2311 2914 Virg.
2331 2864 2369 2899 1.
2383 2849 2499 2899 AEn.
2523 2864 2598 2898 vs.
2615 2854 2701 2900 92.

1639 2929 1655 2958 ⁴
1681 2926 1925 2993 Eripiunt
1968 2928 2142 2978 subito
2191 2926 2355 2976 nubes
2411 2926 2701 2989 coelumque

1637 3006 1875 3071 diemque
1894 3006 2209 3055 Teucrorum
2230 3017 2297 3053 ex
2316 3001 2508 3052 oculis:
2537 3008 2704 3066 ponto

1636 3096 1741 3134 nox
1769 3081 1987 3134 incubat
2021 3080 2168 3132 atra?
2233 3081 2304 3130 Et
2339 3078 2404 3128 de
2423 3079 2522 3129 hac
2544 3087 2703 3130 nocte

1638 3175 1774 3212 nune
1807 3160 2009 3225 agitur:
2045 3159 2182 3210 unde
2221 3159 2417 3208 dicitur
2438 3156 2616 3208 ‘fundi
2646 3158 2703 3208 in

1641 3243 1825 3288 terram
1843 3236 2088 3301 desuper,
2100 3235 2327 3287 nondum
2346 3235 2480 3284 coelo
2493 3234 2702 3285 venien-

1638 3313 1776 3366 tibus
1814 3311 2003 3376 astris,'
2039 3327 2153 3377 quae
2188 3312 2391 3361 scilicet
2421 3309 2703 3362 occidente

1634 3390 1755 3444 Sole
1780 3390 2004 3440 emicare
2028 3391 2216 3439 solent.
2705 3445 2710 3452 ‚

1698 3474 1723 3499 ⁰
1754 3466 1960 3530 Boreas]
1990 3468 2186 3517 Boreas
2223 3471 2306 3515 est
2346 3470 2534 3514 ventus
2569 3462 2704 3513 flans

1634 3542 1702 3591 ab
1742 3542 1881 3593 Ortu
1921 3542 2134 3592 aestivo:
2172 3541 2507 3605 quamobrem
2546 3540 2702 3589 simili

1633 3630 1800 3683 motu,
1823 3636 1926 3688 quo
1964 3620 2053 3671 aer
2077 3620 2142 3672 ab
2167 3620 2308 3671 Ortu
2344 3620 2409 3668 ad
2428 3619 2698 3669 occasum

1633 3699 1997 3762 circumactus,
2050 3698 2235 3749 cietur.
2324 3696 2468 3746 Hinc
2522 3703 2699 3747 autem

1630 3774 1818 3838 omnia,
1842 3790 1955 3840 quae
1982 3774 2048 3824 de
2070 3774 2171 3824 isto
2197 3780 2353 3823 vento
2382 3771 2486 3822 dici
2508 3771 2702 3833 solent,

1631 3864 1846 3921 possunt
1868 3855 2073 3907 inferri.
2138 3854 2316 3905 Primo
2347 3853 2486 3903 enim
2510 3858 2702 3902 ventus
2724 3872 2729 3879 ·

1629 3932 1717 3983 hic
1738 3947 1768 3981 e
1792 3933 2004 3996 regione
2043 3927 2163 3981 Cori
2198 3931 2397 3995 spiratz
2432 3927 2558 3993 qnia
2595 3928 2698 3977 Co-

1631 4022 1721 4058 rus
1740 4005 1835 4057 flat
1852 4008 1919 4058 ab
1936 4008 2144 4061 Occasu
2160 4007 2343 4071 aestivo
2362 4022 2375 4055 ε
2411 4004 2549 4054 unde
2568 4003 2697 4058 utri-

1633 4099 1793 4149 usque
1849 4084 2001 4149 hujus
2056 4082 2199 4132 venti
2262 4088 2441 4132 noster
2507 4087 2694 4130 auctor

1627 4174 1764 4210 nunc
1789 4160 2037 4219 meminit.
2089 4157 2329 4208 Secundo
2345 4156 2483 4206 idem
2504 4164 2693 4206 ventus

1626 4237 1899 4285 vehemens
1918 4244 2028 4285 est:
2059 4235 2298 4299 quoniam
2316 4248 2551 4286 unacum
2571 4232 2695 4283 aere

1625 4311 1793 4363 fertur
1813 4311 1878 4361 ad
1903 4312 2191 4362 occasum:
2227 4327 2342 4362 cum
2378 4319 2550 4362 autem
2581 4325 2690 4360 om·
