3049 4928
499 367 623 432 192
1206 374 1512 424 nos'ruu
1563 375 1660 422 nn
1706 374 2018 426 coi-ison.

504 523 915 592 contrarium
944 521 1142 587 cedit.
1231 521 1553 586 Pluribus
1600 521 1855 604 quippe
1905 520 2326 586 adminiculis
2357 540 2527 604 opus
2558 527 2712 584 est¹¹

497 631 585 696 ad
619 626 936 694 tuendam
969 625 1290 708 pretiosae
1322 624 1763 708 supellectilis
1786 631 1813 658 ⁰
1857 624 2294 689 varietatem:
2344 644 2710 708 verumque

494 733 664 799 illud
696 737 822 808 est,
843 727 1190 814 permultis
1221 726 1519 809 indigere
1545 746 1668 792 eos
1689 733 1745 763 ²⁰
1784 726 1902 810 qui
1931 727 2262 810 permulta
2284 727 2710 811 possideant:

496 840 855 918 contraque
883 831 1221 909 minim0,”·
1242 837 1262 867 ¹
1309 832 1425 915 qui
1453 830 1934 896 abundantiam
1959 850 2156 894 suam
2185 835 2442 895 naturae
2471 850 2709 895 neccs—

491 942 711 1017 sitate,
738 957 872 1002 non
899 934 1191 999 ambitus
1221 933 1685 1019 superfluitate
1703 944 1731 984 Ρ
1774 935 2163 1000 metiantur.
2252 934 2450 1000 Itane
2481 939 2708 999 autem

492 1043 752 1108 nullum
777 1045 885 1105 est
913 1038 1256 1123 proprium
1282 1039 1486 1118 vobis
1517 1046 1727 1123 atque
1758 1039 2035 1104 insitum
2064 1039 2338 1115 bonum,
2385 1046 2463 1102 ut
2492 1038 2559 1100 in
2584 1056 2711 1102 ex-

493 1146 702 1211 ternis
751 1163 831 1209 ac
881 1143 1202 1225 sepositis
1231 1143 1433 1207 rebus
1461 1144 1642 1207 bona
1669 1153 1896 1208 vestra
1923 1142 2285 1226 quaeratis‘i
2363 1140 2479 1206 Sic
2496 1160 2710 1204 rerum

491 1266 688 1311 versa
713 1245 1054 1310 conditioq
1099 1252 1251 1323 est,²
1298 1250 1372 1310 ut
1401 1246 1701 1311 divinum
1742 1246 1974 1310 merito
1991 1256 2020 1282 ²·
2078 1244 2362 1309 rationis
2408 1242 2716 1319 animal,r

493 1368 632 1415 non
652 1349 845 1415 aliter
874 1348 1009 1415 sibi
1042 1348 1420 1434 splendere,
1457 1349 1591 1414 nisi
1631 1349 2015 1415 inanimatas
2062 1345 2506 1432 supellectilis
2549 1363 2711 1430 pos-

1096 1546 1123 1571 ’⁸
1157 1538 1340 1590 ritulo.

1420 1632 1782 1652 OOOOOOOONO‘

553 1545 593 1570 ”⁸
624 1539 854 1602 Indigere
875 1554 967 1591 eos.

497 1725 561 1771 19
597 1720 728 1777 Quid
761 1726 849 1779 est,
884 1722 1009 1784 qnod
1043 1721 1234 1775 amissis
1269 1720 1539 1784 vulg.-—20
1586 1720 1684 1770 Eos
1720 1717 1938 1783 indigere
1975 1719 2168 1785 Delph.
2204 1717 2473 1770 Hack.-—l
2510 1718 2713 1769 Thnan.

495 1788 711 1852 primus,
733 1793 788 1837 et
810 1794 1033 1852 uterque
1046 1788 1193 1837 Vict.
1223 1791 1477 1851 antraque
1496 1787 1861 1839 minimum—2
1894 1786 2115 1838 Auctior
2135 1787 2294 1836 lectio
2315 1786 2421 1836 Mn.
2453 1786 2709 1835 Rittersb.

1480 1915 1698 1968 No'rAE

562 2042 599 2069 ¹¹²
636 2033 848 2095 Fugare,
891 2034 1048 2096 credo,
1078 2033 1397 2096 indigentiam
1425 2033 1561 2096 copia

491 2109 731 2175 quoeritis]
768 2110 830 2159 Id
847 2125 1003 2159 unum
1022 2116 1317 2175 pra-texunt
1332 2109 1560 2175 quicum·

493 2203 596 2253 que
612 2188 983 2238 vehementiori
998 2188 1370 2252 praedictorum
1383 2186 1560 2237 studio

489 2263 801 2314 afficiuntur.
856 2264 1074 2315 Scilicet
1105 2265 1452 2330 unusquisque
1472 2264 1561 2315 ho·

490 2353 575 2389 mo
600 2354 708 2391 suae
733 2340 1007 2390 tenuitatis
1041 2341 1295 2405 consciuS,
1317 2341 1558 2405 pecunia,

493 2418 726 2482 gemmiS,
760 2417 916 2482 agriS,
950 2418 1200 2480 vestibus„
1241 2424 1297 2469 et
1331 2417 1558 2480 famuliS,

495 2495 658 2544 veluti
694 2494 911 2545 totidem
940 2495 1255 2545 satellitibus
1273 2495 1560 2546 circumda·

490 2578 592 2634 tus»,
613 2572 692 2620 his
715 2578 865 2637 putat
897 2588 952 2622 se
988 2586 1136 2636 posse
1169 2573 1236 2622 ab
1269 2574 1408 2623 omni
1442 2574 1557 2623 hos-

494 2648 622 2698 tium
648 2649 834 2714 injuria
855 2649 1099 2701 liberari:
1135 2650 1228 2715 sed
1251 2649 1469 2701 fallitur.

555 2734 580 2760 ¹¹
612 2726 844 2777 Pluribus
887 2728 1058 2792 quippe
1101 2727 1401 2777 adminiculis
1442 2743 1560 2791 opus

489 2803 587 2867 est]
621 2803 1002 2854 Adminiculum
1029 2811 1110 2854 est
1136 2805 1403 2869 auxilium,
1419 2804 1559 2870 quod

495 2879 561 2929 ad
597 2895 826 2943 manum,
865 2881 973 2930 sive
1015 2887 1206 2944 praesto
1245 2886 1361 2931 est:
1419 2880 1557 2945 quod

488 2966 663 3008 autem
690 2958 943 3023 praedicta
977 2956 1114 3006 bona
1147 2963 1416 3020 perpetuae
1449 2958 1557 3007 siut

488 3036 810 3101 corruptioni
843 3035 1085 3098 obnoxia,
1116 3035 1235 3085 ideo
1269 3049 1369 3100 quo
1405 3035 1557 3097 plura

487 3113 833 3178 possidemus,
864 3127 927 3162 eo
961 3112 1027 3161 ad
1066 3111 1157 3160 illa
1195 3110 1558 3161 conservanda

496 3191 646 3253 plura
684 3191 836 3245 nobis
871 3191 939 3240 ad
973 3204 1182 3240 manum
1214 3204 1328 3239 esse
1365 3189 1561 3240 debent

489 3266 698 3317 auxilia.

554 3350 578 3375 ⁰
611 3343 947 3409 Supellectilis]
976 3344 1226 3407 supellex
1243 3342 1458 3407 proprie
1477 3349 1559 3394 est

489 3429 846 3472 ornamentum
897 3424 1051 3485 auiae,
1103 3422 1392 3486 cujusmodi
1437 3430 1559 3473 sunt

489 3499 676 3558 aulaea,
693 3498 898 3560 sedilia,
920 3498 1098 3562 lintea,
1116 3512 1258 3559 vasa,
1275 3506 1557 3566 ceteraque

490 3575 673 3624 domus
707 3574 968 3636 utensilia,
999 3573 1137 3638 quod
1171 3574 1411 3624 nimirum
1444 3575 1558 3625 haec

491 3651 716 3715 pellibus
751 3650 1008 3712 involuta,
1028 3665 1059 3699 a
1081 3650 1350 3714 militibus,
1369 3661 1424 3701 et
1456 3650 1557 3702 for.

489 3736 543 3777 te
569 3729 729 3777 etiam
752 3743 783 3776 a
805 3726 1032 3789 Legatis,
1056 3725 1122 3775 ad
1146 3741 1264 3774 suos
1297 3743 1418 3777 usus
1443 3742 1558 3792 por-

493 3813 761 3855 tarentur:
797 3804 882 3853 hic
905 3810 1076 3853 autem
1113 3805 1451 3866 supellectilis
1472 3821 1558 3854 va-

489 3885 649 3932 rietas
673 3889 756 3932 est
777 3880 1148 3946 praedictorum
1180 3881 1433 3932 bonorum
1465 3898 1558 3931 ex·

491 3966 755 4010 ternorum
797 3958 1095 4021 multitudo,
1138 3960 1345 4010 nomine
1390 3961 1557 4023 partis

495 4038 560 4088 ad
585 4046 752 4088 totum
777 4038 1051 4088 translato.

556 4124 582 4158 Ρ
618 4117 731 4165 Non
773 4117 979 4166 ambitus
1019 4113 1377 4179 superfluitate]
1433 4115 1557 4167 Non

490 4195 655 4244 solum
682 4193 909 4256 praesidii
944 4208 1118 4254 causa,
1142 4200 1203 4241 ut
1238 4192 1435 4242 dictum
1458 4200 1558 4254 est,

489 4272 581 4322 sed
628 4270 826 4320 ambitu
861 4269 1018 4318 etiam
1054 4267 1322 4330 praedictis
1358 4267 1556 4319 divitiis

1641 2032 1906 2083 studemus
1928 2031 2312 2095 comparandis,
2333 2031 2436 2081 rati
2470 2029 2714 2080 nimirum

1639 2125 1732 2160 nos
1766 2126 1832 2161 eo
1865 2112 2123 2175 majorem
2161 2109 2227 2159 de
2264 2109 2414 2159 nobis
2448 2106 2715 2159 existima-

1641 2187 1834 2239 tionem
1854 2190 1908 2239 in
1931 2195 2106 2239 mente
2129 2194 2427 2237 ceterorum
2445 2185 2710 2235 hominum

1641 2269 1979 2326 excitaturos,
2002 2280 2105 2332 quo
2139 2264 2373 2329 pluribus
2405 2262 2713 2327 majoribus·

1644 2358 1746 2409 que
1779 2342 2032 2409 ejusmodi
2064 2342 2214 2393 bonis
2250 2340 2512 2391 fruemur:
2550 2347 2709 2403 atque

1643 2422 1701 2473 id
1738 2438 1804 2482 ex
1839 2436 1902 2473 eo
1938 2420 2152 2472 evidens
2175 2424 2277 2483 est,
2313 2417 2473 2485 quod,
2495 2416 2537 2468 si
2574 2416 2713 2466 arbi·

1644 2508 1901 2550 tratemur
1922 2498 2034 2548 fore
2058 2506 2117 2548 ut
2140 2512 2172 2547 a
2193 2497 2334 2546 nullo
2368 2509 2593 2560 unquam
2622 2494 2715 2541 ho-

1642 2578 1786 2627 mine
1827 2575 2142 2636 videremur,
2186 2588 2285 2623 nec
2331 2573 2568 2636 gemmis,
2611 2585 2709 2620 nec

1641 2653 1891 2716 vestibus,
1912 2667 2011 2703 nec
2033 2651 2150 2701 ullis
2182 2649 2440 2715 ejusmodi
2461 2649 2612 2699 bonis
2634 2650 2712 2700 ita

1639 2730 1968 2780 inhiaremus-

1707 2818 1733 2853 *Ι
1765 2809 1850 2859 Sic
1892 2823 2051 2858 rerum
2100 2822 2238 2856 verm
2289 2805 2522 2869 conditio]
2555 2806 2710 2855 Mens

1644 2885 1839 2950 quippe
1862 2900 1981 2939 mea
2012 2885 2116 2934 mei
2147 2884 2383 2948 corporis
2415 2882 2581 2934 forma
2612 2890 2712 2947 est,

1644 2962 1736 3011 sed
1769 2978 1800 3011 a
1831 2963 1952 3012 Deo
1986 2969 2041 3012 et
2074 2968 2295 3026 propter
2324 2962 2495 3025 ipsum
2538 2961 2709 3009 Deum

1643 3046 1853 3090 creata:
1888 3039 2219 3105 quamobrem
2244 3039 2407 3088 veluti
2437 3037 2610 3087 media
2633 3037 2708 3087 in·

1643 3123 1728 3166 ter
1780 3117 1953 3166 Deum
2015 3115 2382 3179 conditorem,
2416 3128 2707 3179 corpusque

1640 3208 1872 3257 consors,
1902 3194 1970 3244 ab
2009 3199 2234 3257 utroque
2278 3193 2356 3241 sic
2399 3190 2708 3241 informatur

1638 3271 1956 3335 notionibus,
1971 3278 2031 3321 ut
2054 3271 2120 3321 ab
2144 3279 2368 3334 utroque
2393 3270 2447 3318 in
2470 3283 2585 3318 suas
2607 3274 2711 3317 tra·

1638 3350 1794 3400 hatur
1834 3355 2044 3412 partes:
2100 3347 2194 3398 sed
2240 3348 2372 3396 heu!
2430 3360 2550 3396 cum
2587 3346 2707 3395 Deo

1639 3427 1793 3477 unice
1815 3425 2081 3490 diligendo
2103 3438 2292 3474 vacare
2317 3422 2559 3484 deberet,
2579 3420 2711 3471 infe·

1637 3504 1728 3553 lici
1772 3518 1891 3553 cum
1947 3502 2173 3567 propriae
2217 3499 2554 3562 infirmitatis,
2596 3505 2707 3547 tum

1639 3579 2049 3644 perturbationis
2103 3578 2338 3642 pondere
2393 3576 2459 3625 ad
2515 3590 2706 3638 corpus

1638 3644 1879 3721 primum,
1903 3655 2089 3704 deinde
2112 3655 2175 3704 ad
2200 3661 2381 3704 cetera
2403 3653 2614 3716 corpori
2630 3651 2706 3701 fa·

1638 3734 1893 3782 mulantia
1925 3732 2178 3793 truditur3
2205 3746 2309 3796 qua
2338 3730 2546 3794 quidem
2567 3730 2622 3778 in
2649 3744 2705 3779 re

1638 3810 1842 3872 homo,‚‘
1861 3809 2091 3859 divinum
2126 3809 2318 3858 merito
2350 3807 2564 3858 rationis
2596 3806 2706 3855 ani·

1638 3887 1777 3951 mal,’
1810 3887 2003 3937 ceteris
2038 3885 2195 3935 rebus
2227 3883 2420 3934 creatis
2460 3883 2706 3946 insipien·

1640 3965 1760 4026 tior,
1786 3964 2026 4028 injuriam
2058 3961 2232 4012 facere
2258 3960 2463 4010 videtur
2494 3968 2552 4011 et
2583 3961 2702 4010 Deo

1639 4049 1696 4092 et
1717 4041 1840 4091 sibi.
1904 4040 2135 4090 Primum
2160 4038 2368 4102 quidem
2400 4038 2550 4087 bomo
2573 4044 2656 4087 est

1702 4124 1722 4150 ¹·
1755 4118 1990 4167 Divinum
2035 4116 2206 4164 merito
2253 4113 2455 4163 rationis
2499 4111 2700 4175 animal]

1638 4193 1814 4245 Homo
1835 4193 1973 4243 enim
2016 4201 2073 4241 ut
2104 4206 2257 4241 nemo
2287 4193 2475 4255 nescit,
2494 4198 2700 4241 constat

1637 4287 1704 4322 ex
1727 4279 1903 4331 mente
1926 4277 1982 4321 et
2004 4283 2224 4332 corpore
2246 4275 2427 4319 mutuo
2459 4267 2699 4332 conjunc·
