3049 4928
494 395 622 460 172

1183 413 1490 461 BOETHII
1542 416 1639 462 DE
1683 414 1992 466 coNsoL.

833 553 1018 620 Rara
1048 554 1110 620 si
1140 562 1409 623 constat
1434 577 1565 624 sua
1588 557 1803 625 forma
1829 561 2121 638 mundo:

917 657 995 723 Si
1024 664 1240 725 tantas
1266 661 1480 727 variat
1508 663 1715 741 viceS,

829 760 1039 827 Crede
1066 761 1382 829 fortunis⁸
1427 766 1773 846 hominum
1803 767 2099 845 caduciS,

2582 766 2675 832 15

915 864 1130 931 Bonis
1161 868 1355 933 crede
1383 868 1764 952 fugacibus.

823 964 1138 1048 Constat,
1169 973 1421 1035 aeterna
1450 970 1889 1055 positumque
1914 972 2063 1055 lege
2097 969 2245 1048 est,t

885 1069 1011 1148 ‚Ut
1039 1077 1298 1138 constet
1323 1074 1615 1156 genitum
1642 1074 1830 1139 nihil.

477 1234 587 1283 orbe
607 1235 940 1296 eademformu
956 1243 1027 1288 est
1045 1238 1331 1303 infrequens,
1353 1240 1398 1289 si
1420 1241 1640 1290 mundus
1661 1244 1814 1291 mutat
1841 1245 2004 1290 tantas
2023 1239 2388 1301 vicissitudines,
2410 1238 2484 1288 ito
2516 1253 2683 1303 nunc,

476 1299 654 1364 confide
673 1301 861 1352 divitiis
879 1303 1144 1366 fragilibus
1178 1306 1466 1368 mortalium,
1498 1306 1677 1371 confide
1713 1306 1843 1356 bonis
1865 1306 2040 1369 fluxis.
2104 1305 2352 1354 Statutum
2373 1307 2463 1365 est,
2484 1309 2530 1354 et
2551 1320 2679 1354 sem-

471 1364 661 1427 piterno
702 1367 803 1418 Dei
840 1369 1027 1420 decreto
1057 1370 1334 1436 stabilitum,
1365 1376 1419 1421 ιιι
1455 1370 1597 1435 nihil,
1631 1374 1753 1435 quod
1780 1373 1998 1434 genitum
2019 1370 2199 1434 fuerit,
2231 1374 2497 1421 conueniet·
2513 1384 2681 1434 perse-

474 1434 622 1479 neret.

1462 1517 1679 1568 No'rAE

472 1615 616 1659 motu
654 1609 887 1664 feratur:
928 1615 1068 1678 hinc,
1100 1622 1313 1666 auctore
1353 1614 1532 1677 Festo,

468 1682 660 1748 Aquilo
692 1695 926 1753 vocatur,
959 1690 1097 1756 quod
1120 1691 1136 1720 ‘
1159 1691 1321 1740 instar
1342 1690 1530 1753 aquilae

469 1762 918 1816 vehementissimo
941 1769 1111 1817 volatu
1126 1766 1329 1817 feratur
1347 1766 1391 1815 :’
1408 1766 1530 1816 hinc

459 1836 640 1899 judice
655 1840 711 1889 S.
729 1840 1039 1906 Augustino,
1061 1844 1077 1871 ‘
1098 1849 1351 1893 terrarum
1367 1857 1531 1907 scopa

466 1911 586 1962 est!
666 1916 854 1967 Notari
892 1925 1067 1982 potest
1104 1919 1218 1969 haec
1253 1919 1528 1969 antithesis

465 1990 675 2041 marinae
689 1995 1079 2060 tranquillitatis
1095 2003 1149 2046 et
1165 1998 1492 2060 tempestatis
1510 2013 1523 2044 :

463 2066 658 2119 iterata
673 2072 808 2121 enim
823 2073 920 2122 hac
935 2087 1078 2136 voce,
1095 2073 1111 2100 ‘
1129 2071 1312 2137 saepe,'
1331 2074 1347 2101 ‘
1360 2073 1522 2138 Aqui-

463 2143 536 2193 lo'
554 2149 835 2210 opponitur
853 2152 869 2179 ‘
888 2150 1160 2214 tranquillo
1177 2150 1209 2210 ;’
1232 2152 1247 2178 ‘
1261 2149 1522 2201 ferventes

461 2223 741 2285 procellae:
764 2227 779 2253 ‘
793 2225 1019 2286 seren03’
1039 2225 1061 2270 .‘
1074 2240 1277 2276 versum
1301 2226 1520 2291 aequor,'

463 2296 729 2349 ‘immotis
762 2298 1049 2353 fluctibus?

524 2382 545 2407 Γ
569 2377 767 2427 Constat
801 2412 814 2428 .
842 2412 856 2428 .
880 2413 894 2428 .
929 2378 1124 2442 mundo]
1188 2379 1277 2429 Sic
1318 2380 1517 2431 Plinius

459 2452 587 2504 Jun.
611 2454 628 2482 ‘
646 2461 853 2505 constat
868 2456 1257 2521 magistratibus
1280 2474 1516 2509 reveren·

457 2527 566 2579 tia.'
604 2530 675 2578 Et
692 2531 878 2595 Virgil.
902 2533 1015 2584 AEn.
1041 2547 1090 2583 v.
1107 2549 1184 2583 vs.
1202 2539 1315 2585 748.
1347 2535 1363 2564 ‘
1383 2538 1514 2588 Quae

455 2619 591 2655 nunc
607 2607 778 2657 animo
799 2610 1058 2660 sententia
1079 2612 1323 2663 constet.'

463 2718 466 2719 γ
520 2687 539 2712 ⁸
563 2682 714 2731 Crede
732 2683 973 2749 fortunis]
1008 2686 1203 2736 Faceta
1227 2694 1282 2737 et
1306 2689 1513 2754 elegans

453 2756 851 2822 dissimulantia,
882 2776 1039 2826 quam
1080 2763 1256 2813 Graeci
1289 2763 1517 2829 εἰρωνείαν

451 2842 659 2896 vocant,
683 2852 784 2901 qua
816 2837 1149 2903 Philosophia
1168 2841 1326 2904 aliud,
1362 2858 1513 2908 quam

450 2911 665 2974 sentiat,
687 2911 886 2977 dicens,
910 2929 971 2964 eo
995 2916 1154 2979 magis
1178 2917 1244 2967 de
1265 2919 1413 2969 bonis
1428 2936 1514 2970 ca·

449 2984 597 3036 ducis
616 2987 864 3052 detrahit,
889 3006 989 3055 quo
1020 2993 1179 3056 magis
1208 2995 1403 3044 eisdem
1436 2997 1510 3045 vi·

449 3063 603 3113 detur
635 3065 861 3116 tribuere
892 3067 1032 3120 fidei.
1097 3070 1183 3119 Sic
1217 3069 1420 3120 Seneca
1454 3071 1508 3120 in

445 3139 641 3192 Medea
661 3157 735 3193 vs.
754 3147 869 3195 221.
900 3146 917 3173 ‘
942 3145 1160 3196 Confide
1177 3146 1371 3210 regnis,
1387 3161 1506 3196 cnm

445 3215 576 3266 levis
607 3233 813 3284 magnas
838 3236 964 3286 opes
986 3222 1108 3272 Huc
1137 3221 1278 3272 ferat
1303 3231 1360 3272 et
1380 3223 1505 3275 illuc

446 3293 628 3342 casus!

508 3371 525 3403 ⁸
549 3372 767 3439 Constat,
782 3381 961 3426 oeternc
976 3377 1268 3441 positumque
1283 3379 1384 3441 lege
1405 3379 1502 3444 est]

441 3447 556 3496 Lex
594 3456 676 3499 est
715 3453 954 3502 voluntas
991 3455 1239 3520 principis
1285 3457 1501 3508 honesta

439 3523 744 3587 imperantis
768 3534 824 3577 et
851 3528 1172 3591 prohibentis
1207 3534 1498 3585 contraria:

438 3603 770 3664 quamobrem
805 3612 932 3668 quot
967 3605 1288 3657 voluntatum
1312 3610 1502 3671 princi-⁹

437 3691 581 3741 pum,
612 3684 692 3729 tot
713 3681 886 3744 legum
911 3695 1103 3744 genera
1125 3697 1238 3733 esse
1263 3693 1498 3747 possunt.

435 3752 651 3816 Duplex
690 3762 866 3804 autem
909 3762 993 3807 est
1031 3758 1285 3821 ejusmodi
1323 3761 1498 3810 volun-

433 3835 534 3889 tas,
551 3828 723 3878 divina
742 3830 960 3894 scilicet,
977 3839 1033 3883 et
1049 3833 1301 3897 hnmana3
1337 3852 1497 3902 quare

434 3903 597 3953 etiam
636 3903 831 3970 duplex
869 3915 952 3958 est
994 3910 1096 3974 lex,
1138 3912 1375 3962 nimirum
1419 3915 1496 3964 di-

432 3981 574 4046 vina,
618 3989 676 4033 et
715 3983 953 4036 humana.
1020 3988 1106 4038 De
1151 3990 1368 4041 humana
1410 3992 1495 4043 hic

431 4071 536 4106 non
569 4058 759 4122 agitur.
826 4060 900 4112 At
934 4064 1020 4112 lex
1054 4064 1228 4116 divina
1263 4083 1360 4131 pro
1395 4069 1493 4118 tri-

433 4133 560 4197 plici
598 4134 772 4200 modo,
810 4152 912 4203 quo
945 4140 1265 4191 considerari
1297 4150 1492 4208 potest,

433 4209 655 4273 triplicis
675 4227 851 4265 rursus
883 4222 965 4266 est
997 4218 1226 4282 generis,
1247 4219 1495 4272 videlicet

428 4292 643 4352 aeterua,
665 4293 937 4359 naturalis,
959 4309 1181 4362 quaeque
1216 4297 1373 4364 vulgo
1404 4314 1491 4351 vo·

1612 1620 1761 1665 catur
1798 1614 2038 1678 positiva.
2105 1601 2216 1662 Lex
2250 1617 2446 1661 aeterna
2475 1616 2555 1660 est
2590 1611 2678 1662 ‘di-

1612 1692 1732 1741 viua
1745 1692 2003 1752 voluntas,
2016 1695 2268 1754 quatenus
2282 1688 2393 1737 haec
2405 1701 2506 1738 non
2518 1701 2677 1739 secus

1612 1782 1673 1816 ac
1696 1768 1858 1829 Deus,
1881 1767 2024 1831 cujus
2059 1772 2159 1828 est,
2191 1780 2255 1814 ex
2288 1765 2426 1813 omni
2460 1765 2674 1815 eterni·

1611 1850 1724 1893 tate
1758 1839 1892 1893 fuit:
1935 1842 2000 1892 de
2045 1842 2141 1892 hac
2174 1842 2289 1903 lege
2331 1841 2537 1890 locutus
2587 1841 2677 1891 Ci-

1609 1933 1734 1969 cero
1766 1933 1831 1969 11.
1872 1919 1939 1968 de
1966 1918 2221 1982 Legibus:
2258 1918 2273 1945 ‘
2293 1916 2446 1966 Hanc
2480 1916 2675 1980 video,’

1608 1996 1794 2062 inquit,
1816 2000 1831 2026 ‘
1857 1997 2349 2061 sapientissimorum
2372 1993 2529 2044 fuisse
2551 2008 2677 2045 sen·

1606 2075 1843 2137 tentiam,
1868 2075 2033 2137 legem
2051 2087 2219 2137 neque
2238 2070 2495 2120 hominum
2518 2070 2672 2135 inge-

1604 2151 1704 2201 niis
1727 2151 2095 2214 excogitatam,
2118 2164 2216 2199 nec
2243 2149 2430 2198 scitum
2453 2147 2671 2213 aliquod

1605 2242 1716 2277 esse
1740 2229 2064 2292 populorum,
2095 2225 2187 2276 sed
2220 2232 2468 2276 aeternum
2500 2223 2673 2289 quod-

1602 2304 1740 2366 dam,
1778 2303 1918 2369 quod
1955 2303 2250 2353 universum
2292 2300 2534 2352 mundum
2585 2314 2668 2350 re·

1601 2388 1772 2444 geret,
1811 2378 2096 2443 imperandi
2138 2374 2548 2440 prohibendique
2580 2389 2667 2425 sa-

1599 2456 1837 2524 pientia!
1871 2458 1981 2507 Lex
2004 2456 2252 2507 naturalis
2276 2461 2358 2505 est
2377 2454 2561 2505 eadem
2586 2453 2667 2504 di·

1599 2537 1718 2585 vina
1737 2534 1993 2596 voluntas,
2013 2539 2289 2598 quatenus,
2318 2532 2472 2582 insita
2501 2540 2666 2596 atque

1596 2612 1777 2662 innata
1800 2611 1994 2675 specie,
2028 2609 2313 2659 homiuibus
2348 2609 2663 2659 innotescit:

1596 2690 1663 2739 de
1704 2689 1800 2739 hac
1842 2689 2070 2753 loquitur
2106 2686 2245 2735 idem
2278 2686 2479 2735 Tullius
2510 2699 2551 2735 1.
2588 2686 2661 2736 de

1594 2770 1721 2832 Leg.
1754 2770 1771 2797 ‘
1796 2766 1942 2829 Lex,’
1977 2766 2165 2830 iuquit,
2187 2766 2203 2793 ‘
2228 2771 2312 2813 est
2343 2763 2478 2812 ratio
2502 2763 2663 2814 insita

1593 2844 1648 2893 in
1665 2850 1867 2905 natura,
1884 2858 1999 2908 quae
2011 2841 2167 2905 jubet
2184 2855 2248 2889 ea
2265 2855 2380 2903 quoe
2396 2838 2658 2903 facienda,

1593 2922 1938 2985 prohibetque
1990 2915 2290 2968 contraria.'
2378 2918 2491 2966 Lex
2535 2932 2658 2981 quae

1592 2999 1746 3061 vulgo
1769 2997 1960 3046 dicitur
1983 2994 2226 3059 positiva,
2249 3000 2328 3044 est
2347 2992 2527 3043 eadem
2548 2995 2658 3045 Dei

1588 3076 1846 3137 voluntas,
1881 3080 2137 3138 quatenus
2171 3072 2282 3120 haec
2316 3071 2463 3135 signo
2495 3071 2659 3135 mani-

1588 3149 1784 3200 festata
1805 3149 2118 3200 innotescit:
2151 3147 2244 3197 sed
2265 3148 2377 3197 haec
2402 3147 2657 3198 Christia-

1585 3228 1665 3276 nis
1697 3227 1799 3276 alia
1831 3232 1914 3275 est
1949 3230 2115 3286 vetus,
2150 3223 2253 3272 alia
2285 3236 2436 3271 nova.
2517 3222 2653 3273 Cum

1582 3303 1743 3367 igitur
1775 3302 1903 3351 nihil
1935 3300 2048 3363 fiat,
2087 3299 2188 3349 nisi
2216 3299 2309 3348 illa
2335 3298 2439 3347 Dei
2462 3301 2652 3350 aeterni

1584 3384 1870 3446 voluntate,
1896 3381 2019 3432 nihil
2037 3380 2195 3430 etiam
2216 3378 2297 3443 fit,
2324 3379 2425 3428 nisi
2447 3384 2653 3432 aeterna

1581 3460 1717 3524 lege.
1784 3460 1890 3511 Sed
1927 3457 2066 3522 apud
2104 3456 2430 3521 philosophos
2467 3470 2651 3506 eornm.
2680 3508 2689 3513 κ

1581 3551 1698 3601 quae
1721 3535 1855 3585 fiunt
1889 3533 2128 3599 quaedam
2167 3531 2411 3582 dicuntur
2442 3533 2609 3582 creari
2629 3548 2653 3592 ς

1579 3611 1815 3678 quaedarn
1835 3609 2088 3675 generari.
2138 3609 2396 3659 creantur
2417 3621 2499 3668 ea,
2518 3623 2648 3673 quo·

1579 3702 1694 3736 rum
1729 3687 1873 3736 nulla
1908 3691 2010 3749 est,
2050 3683 2149 3735 nisi
2188 3683 2418 3733 exterior
2452 3699 2641 3734 causa:

1578 3767 1821 3818 nimirum
1855 3766 1983 3815 Res.
2031 3765 2367 3815 Generautur
2407 3778 2532 3813 vero
2562 3779 2646 3828 ea,

1578 3859 1794 3909 quorum
1830 3850 2020 3907 preter
2058 3842 2376 3892 exteriorem
2416 3855 2642 3904 causam,

1577 3921 1814 3986 quaedam
1848 3928 1931 3971 est
1970 3920 2219 3982 materia3
2255 3933 2444 3984 nempe
2473 3919 2642 3970 Medi.

1575 3998 1678 4047 Res
1697 4004 2053 4062 perseverant,
2071 3995 2165 4046 sed
2185 3997 2324 4046 modi
2342 4002 2639 4048 mutantur:

1571 4076 1588 4103 ‘
1617 4080 1814 4124 aeterna
1839 4073 2165 4138 positumque
2183 4073 2299 4137 lege
2315 4078 2415 4136 est,
2437 4079 2498 4122 ut
2513 4087 2638 4123 con-

1572 4155 1679 4199 stet
1702 4149 1935 4213 genitum
1958 4147 2123 4199 nihil!
2188 4148 2339 4199 Unde
2359 4149 2559 4199 Seneca
2579 4149 2635 4199 in

1571 4226 1807 4275 Hercule
1829 4227 2001 4277 OEtoeo
2024 4240 2099 4276 vs.
2122 4230 2269 4278 1099.
2329 4227 2346 4256 ‘
2371 4225 2522 4278 Quod
2540 4239 2637 4274 na-

1573 4309 1685 4355 tum
1702 4310 1783 4355 est
1800 4302 2000 4370 poterit
2020 4300 2183 4354 mori.'
