3049 4928
2370 404 2503 473 833

325 563 535 627 turf²0
593 553 905 640 Etenim,
954 563 1133 646 qnod
1179 563 1571 629 incredibile
1590 561 1616 601 ¹²
1654 563 1832 629 forte
1865 563 2178 647 cuiquam
2208 572 2229 602 ¹
2273 564 2500 634 videa-

321 670 441 741 tur,
470 664 875 730 infeliciores
902 685 1053 729 esse
1082 686 1357 731 necesse
1402 672 1508 731 est
1562 666 1796 747 malos,
1827 686 1993 730 cum.
2011 668 2241 750 cupita
2283 671 2500 753 perfe-

321 767 535 845 cerint,
568 787 772 850 quam
802 768 863 832 si
889 788 969 832 ea
1001 788 1154 852 quae
1189 771 1496 853 cupiunt,
1528 769 1966 852 implet-enon
1995 770 2270 853 possint.
2317 772 2501 838 Nam

318 872 373 935 si
396 872 708 936 miserum
737 876 850 937 est·
871 872 1164 937 voluisse
1192 891 1425 956 prava,
1471 872 1770 955 potuisse
1819 870 2130 936 miserius
2183 878 2309 951 est,
2356 875 2502 940 sine

317 990 454 1057 quo·
473 974 831 1039 voluntatis
857 974 1119 1040 miserae
1151 975 1490 1057 langueret
1532 973 1835 1042 effectuS.
1923 972 2166 1058 Itaque
2196 995 2348 1040 cum
2377 998 2503 1043 sua

317 1076 584 1158 singulis
613 1077 883 1142 miseria
908 1078 1017 1156 sit,
1064 1077 1713 1161 triplicifinfortunio
1754 1097 2036 1143 necesse
2084 1086 2193 1142 est
2229 1097 2500 1162 urgean-

315 1185 465 1257 tur-,²
509 1199 685 1279 quos
707 1180 938 1245 videas
969 1180 1194 1246 scelus
1223 1183 1427 1260 velle,
1447 1189 1518 1246 et
1548 1200 1777 1264 posse,
1812 1186 1876 1246 et
1904 1180 2273 1264 perficere.³
2362 1181 2502 1246 Ac·-

314 1282 495 1360 cedo,
525 1283 834 1367 inquam:
880 1283 1004 1347 sed
1033 1285 1133 1349 uti
1161 1283 1288 1347 hoc
1318 1282 1670 1348 infortunio
1699 1282 1840 1346 cito
1873 1289 2165 1360 careant,
2190 1284 2502 1366 patrandi

314 1385 579 1451 sceleris
623 1385 1075 1469 possibilitate
1125 1386 1430 1464 deserti,¹‘
1473 1386 1897 1450 vehementer
1938 1389 2212 1468 exopto.
2302 1384 2501 1450 Care*

310 1485 483 1564 bunt,
515 1486 753 1570 inquit,
784 1507 993 1570 ocyus
1012 1498 1035 1524 ²³
1080 1507 1283 1571 quam
1308 1488 1415 1552 vel
1444 1493 1517 1552 tu
1543 1487 1819 1553 forsitan
1851 1486 2039 1566 veIiS,
2062 1514 2073 1543 τ
2084 1489 2191 1552 vel
2217 1487 2502 1553 illisese

314 1589 689 1655 existiment
714 1609 867 1654 esse
895 1589 1251 1656 carituros.
1342 1590 1580 1674 Neque
1619 1591 1795 1654 enim
1839 1597 1945 1655 est
1986 1590 2240 1675 aliquid
2265 1591 2334 1655 in
2364 1597 2500 1656 tam

311 1691 624 1757 brevibus
655 1691 819 1757 vitae
844 1693 1040 1757 metis
1070 1693 1165 1757 ita
1187 1703 1459 1772 serum,“’
1489 1692 1674 1776 quod
1701 1697 2059 1776 expectare
2088 1693 2355 1777 longum
2380 1694 2501 1758 im-

311 1794 606 1858 mortalis
638 1794 1012 1878 praesertim
1060 1797 1320 1859 animus
1350 1800 1582 1879 putet:
1629 1814 1913 1879 quorum
1944 1815 2186 1880 magna
2216 1815 2399 1880 speS,
2430 1804 2500 1863 et
2566 1862 2569 1865 ,

312 1897 574 1962 excelsa
601 1897 976 1963 facinorum
1003 1898 1312 1963 machina
1337 1901 1682 1983 repentino
1713 1905 1917 1981 atque
1943 1899 2281 1982 insperato
2310 1920 2497 1984 saepe

311 1997 429 2063 fine
457 1998 840 2065 destruitur.
908 2000 1110 2079 Quod
1135 2003 1404 2086 quidem
1433 2003 1567 2067 illis
1599 2003 1885 2068 miseriae
1906 2002 2180 2067 modum
2214 2005 2505 2068 statuit!

310 2113 337 2150 ἵ
357 2102 538 2167 Nam
567 2104 630 2168 si
662 2105 965 2191 nequitia
995 2105 1277 2170 miseros
1322 2102 1528 2184 facit,i
1569 2107 1882 2170 miserior
1933 2107 2025 2170 sit
2075 2125 2352 2171 necesse
2384 2111 2503 2171 *est

312 2202 674 2271 diuturnior
698 2225 1024 2289 nequam:
1070 2227 1241 2291 quos
1270 2207 1772 2273 infelicissimos
1803 2227 1955 2273 esse
1997 2207 2399 2291 judicarem,
2441 2206 2503 2271 si

310 2324 433 2370 non
458 2327 690 2373 eorum
713 2310 1040 2376 malitiam
1084 2310 1318 2374 saltem
1358 2328 1541 2376 mors
1580 2318 1881 2375 extrema
1909 2310 2143 2376 finiret.
2233 2309 2502 2379 Etenim

312 2410 368 2474 si
407 2411 490 2476 de
529 2413 886 2497 pravitatis
914 2412 1275 2480 infortunio
1326 2433 1488 2479 vera
1518 2415 1997 2493 conclusimus,
2050 2413 2382 2479 infinitam
2422 2412 2500 2477 li-

309 2520 465 2595 quet
489 2536 645 2581 esse
672 2517 1008 2582 miseriam
1035 2538 1233 2601 quam
1254 2538 1408 2582 esse.
1434 2523 1697 2584 constat
1723 2529 2060 2583 aeternam.
2148 2516 2323 2581 Tum
2355 2536 2501 2598 ego,

314 2614 487 2682 Mira
515 2618 812 2704 quidem,
844 2621 1138 2703 inquam,
1163 2626 1231 2683 et
1262 2638 1594 2683 concessu
1616 2618 1908 2683 difficilis
1940 2619 2198 2684 illatio:
2246 2618 2368 2683 sed
2394 2618 2502 2681 his

984 384 1502 466 mansorum
1551 414 1696 465 mn.
1727 416 1840 466 iv.

367 2807 384 2837 ⁸
415 2807 683 2857 Minuitur.
841 2815 870 2839 ⁸
904 2806 1107 2855 Pei-care
1127 2805 1291 2857 nescii.
1452 2812 1477 2838 ⁹
1512 2803 1686 2854 Citius.
1835 2812 1870 2837 ¹⁰
1907 2804 2132 2855 Tardum.
2275 2810 2302 2835 ³
2336 2801 2504 2853 Finem

308 2869 516 2934 imponit.
665 2879 692 2914 ν
729 2872 1082 2935 Consequentia.

1228 2980 1347 3001 “‘0
1555 2981 1586 2999 0

368 3085 431 3131 2⁰
464 3084 572 3134 Ms.
593 3084 851 3133 molatur.
891 3083 1025 3133 Edd.
1060 3083 1255 3145 Delpb.
1291 3088 1349 3132 et
1385 3082 1558 3132 Hack.
1589 3083 1935 3133 relevatum—1
1975 3080 2207 3144 Cuiquam
2227 3081 2364 3141 sorte
2386 3078 2506 3132 edd.

309 3149 621 3199 eaedem.—2
657 3150 857 3198 Necesse
870 3154 961 3205 est,
994 3154 1332 3210 ut'urgeantur
1358 3149 1590 3211 ηιμ-3
1634 3147 1778 3210 Velle,
1810 3162 1959 3210 posse,
1980 3147 2222 3210 perficere.
2261 3144 2379 3194 Hac
2402 3145 2505 3195 dis-

306 3213 577 3278 tinctione,
596 3213 769 3277 inquit
784 3214 1043 3278 vallinus,
1066 3213 1387 3264 restituimus
1410 3213 1597 3263 locum.
1661 3213 1749 3262 Sic
1769 3214 1928 3262 etiam
1951 3211 2198 3261 exhibent
2217 3210 2336 3262 edd.
2369 3225 2503 3274 prae-

1295 3354 1507 3406 NOTAE

367 3466 393 3500 ¹¹
414 3467 1161 3534 Etenimquodineredibile,&o.]
1186 3483 1225 3519 1.
1240 3468 1364 3519 Phi·

306 3545 536 3609 losophia
581 3544 774 3610 probat
812 3546 1070 3609 improbos
1112 3547 1209 3595 hoc
1251 3561 1364 3596 esse

308 3622 616 3685 miseriores,
658 3622 797 3687 qnod
841 3624 1019 3687 cupita
1063 3622 1362 3687 perficiant:

308 3710 423 3747 nam
449 3699 796 3763 vellescelns,
815 3713 1002 3761 magna
1022 3700 1227 3749 miseria
1251 3705 1363 3760 est;

308 3788 480 3836 posse,
533 3776 734 3839 major3
787 3775 1059 3840 perficere,
1110 3777 1364 3828 maximat

310 3852 726 3917 quandoquidem
761 3852 1079 3903 defectiones
1094 3860 1232 3916 sunt,
1250 3868 1364 3919 qnae

311 3931 452 3977 tanto
494 3936 756 3991 crescunt,
797 3937 991 3994 quanto
1026 3945 1056 3979 a
1098 3931 1215 3979 Deo
1256 3931 1365 3979 sive

309 3998 674 4055 'nummo-bono
716 4005 877 4070 magis
916 4021 977 4055 ac
1025 4006 1185 4069 magis
1223 4020 1366 4057 rece·

312 4076 468 4129 dunt:
522 4081 857 4146 quamobrem
902 4083 946 4131 si
994 4082 1216 4146 improbi
1259 4097 1364 4132 non

311 4155 470 4206 solum
508 4159 694 4220 velint,
732 4166 788 4209 et
819 4159 1039 4223 possint,
1071 4160 1163 4209 sed
1206 4160 1365 4210 etiem

311 4232 590 4293 perficiant
633 4236 823 4296 scelus,
852 4236 904 4285 bi
944 4252 1006 4287 eo
1052 4238 1168 4300 ipso
1206 4245 1365 4287 erunt

313 4308 634 4364 miseriores:
657 4313 801 4379 atqui
818 4313 1035 4378 improbi
1052 4314 1232 4379 cupita
1252 4326 1366 4378 per«

1445 3468 1689 3529 finiendo,
1705 3467 1984 3534 perficiunt
2000 3468 2166 3519 scelus
2185 3483 2199 3517 z
2235 3481 2349 3517 cum
2368 3466 2502 3515 enim

1443 3546 1667 3610 improbi
1684 3546 1809 3609 sint,
1821 3547 1871 3597 hi
1889 3545 2011 3595 nihil
2030 3544 2127 3594 nisi
2144 3545 2333 3593 malum
2348 3543 2503 3592 adeo-

1444 3638 1547 3688 que
1569 3625 1737 3674 scelus
1762 3623 2010 3688 perficere
2029 3630 2299 3672 conantur.
2472 3623 2477 3626 ’

1507 3700 1674 3751 ¹Noem
1693 3702 1739 3751 si
1769 3701 1982 3765 nequitia
2000 3701 2198 3750 miseros
2218 3698 2366 3760 facit,
2398 3695 2506 3759 ξω]

1446 3791 1512 3826 11.
1539 3778 1733 3828 Eadem
1746 3777 2080 3840 Phiiosophia
2099 3775 2303 3839 probat,
2319 3774 2508 3836 impro-

1446 3855 1541 3904 bos
1563 3854 1662 3904 hoc
1690 3869 1806 3905 esse
1825 3853 2131 3915 miseriores,
2152 3850 2291 3917 quod
2309 3849 2505 3899 dintur-

1444 3932 1642 3980 niorem
1680 3933 1846 3981 xitum
1886 3937 2097 3993 agentes
2138 3928 2313 3992 cupita
2352 3926 2506 3990 perti·

1445 4007 1587 4062 ciant
1620 4007 1847 4057 diutius:
1885 4007 2007 4072 quia
2036 4020 2153 4055 cum
2191 4005 2395 4054 miseria
2429 4004 2505 4052 sic

1445 4085 1685 4135 miserum
1716 4083 1891 4146 faciat,
1923 4091 1982 4133 ut
2014 4081 2241 4132 felicitas
2274 4079 2506 4141 felicem,

1444 4160 1876 4226 quemadmodum
1895 4173 1959 4208 eo
1976 4158 2160 4223 aliquis
2184 4156 2387 4206 felicior
2402 4162 2505 4216 est,

1445 4251 1549 4301 quo
1577 4237 1686 4300 ejus
1709 4236 1933 4285 felicitas
1967 4240 2052 4282 est
2073 4231 2392 4289 diuturnior;
2410 4230 2503 4280 ‚sic
2586 4231 2601 4246 ⁸

1445 4328 1508 4365 eo
1546 4314 1728 4380 uliquis
1760 4317 1841 4362 est
1870 4310 2122 4372 miserior,
2157 4322 2256 4373 quo
2280 4306 2391 4369 ejus
2415 4305 2507 4354 mi-
