<?xml version="1.0" encoding="UTF-8"?>
<!DOCTYPE html PUBLIC "-//W3C//DTD XHTML 1.0 Transitional//EN"
    "http://www.w3.org/TR/xhtml1/DTD/xhtml1-transitional.dtd">
<html xmlns="http://www.w3.org/1999/xhtml" xml:lang="en" lang="en">
 <head>
  <title>
</title>
<meta http-equiv="Content-Type" content="text/html;charset=utf-8" />
  <meta name='ocr-system' content='tesseract 3.04.00' />
  <meta name='ocr-capabilities' content='ocr_page ocr_carea ocr_par ocr_line ocrx_word'/>
</head>
<body>
  <div class='ocr_page' id='page_1' title='image "./deconsolationep00boetgoog_0282.png"; bbox 0 0 3049 4928; ppageno 0'>
   <div class='ocr_carea' id='block_1_1' title="bbox 473 402 607 473">
    <p class='ocr_par' dir='ltr' id='par_1_1' title="bbox 473 402 607 473">
     <span class='ocr_line' id='line_1_1' title="bbox 473 402 607 473; baseline 0 -1"><span class='ocrx_word' id='word_1_1' title='bbox 473 402 607 473; x_wconf 70' lang='lat'><strong>272</strong></span> 
     </span>
    </p>
   </div>
   <div class='ocr_carea' id='block_1_2' title="bbox 1142 371 1995 460">
    <p class='ocr_par' dir='ltr' id='par_1_2' title="bbox 1142 371 1995 460">
     <span class='ocr_line' id='line_1_2' title="bbox 1142 371 1995 460; baseline -0.001 0"><span class='ocrx_word' id='word_1_2' title='bbox 1142 409 1471 460; x_wconf 71' lang='lat' dir='ltr'><strong>-uourun</strong></span> <span class='ocrx_word' id='word_1_3' title='bbox 1528 403 1627 459; x_wconf 71' lang='lat' dir='ltr'><strong>nn</strong></span> <span class='ocrx_word' id='word_1_4' title='bbox 1676 371 1995 460; x_wconf 60' lang='lat' dir='ltr'><strong>coi-ison.</strong></span> 
     </span>
    </p>
   </div>
   <div class='ocr_carea' id='block_1_3' title="bbox 560 550 2494 757">
    <p class='ocr_par' dir='ltr' id='par_1_3' title="bbox 560 550 2494 757">
     <span class='ocr_line' id='line_1_3' title="bbox 560 550 2303 652; baseline -0.006 -19"><span class='ocrx_word' id='word_1_5' title='bbox 560 566 915 633; x_wconf 79' lang='lat' dir='ltr'><strong>Terrarum</strong></span> <span class='ocrx_word' id='word_1_6' title='bbox 948 560 1245 647; x_wconf 81' lang='lat' dir='ltr'><strong>coelique</strong></span> <span class='ocrx_word' id='word_1_7' title='bbox 1276 566 1509 639; x_wconf 70' lang='lat' dir='ltr'><strong>sator:</strong></span> <span class='ocrx_word' id='word_1_8' title='bbox 1529 575 1534 590; x_wconf 61' lang='lat'>*</span> <span class='ocrx_word' id='word_1_9' title='bbox 1551 550 1672 652; x_wconf 62' lang='lat' dir='ltr'><strong>qni</strong></span> <span class='ocrx_word' id='word_1_10' title='bbox 1699 566 1973 643; x_wconf 83' lang='lat' dir='ltr'><strong>tempus</strong></span> <span class='ocrx_word' id='word_1_11' title='bbox 2002 556 2091 622; x_wconf 87' lang='lat' dir='ltr'><strong>ab</strong></span> <span class='ocrx_word' id='word_1_12' title='bbox 2123 571 2303 623; x_wconf 27' lang='lat' dir='ltr'><strong>aevoss·</strong></span> 
     </span>
     <span class='ocr_line' id='line_1_4' title="bbox 563 656 2494 757; baseline -0.008 -19"><span class='ocrx_word' id='word_1_13' title='bbox 563 671 673 738; x_wconf 88' lang='lat' dir='ltr'><strong>Ire</strong></span> <span class='ocrx_word' id='word_1_14' title='bbox 693 668 943 757; x_wconf 65' lang='lat' dir='ltr'><strong>jubes:</strong></span> <span class='ocrx_word' id='word_1_15' title='bbox 980 667 1379 752; x_wconf 86' lang='lat' dir='ltr'><strong>stabilisque</strong></span> <span class='ocrx_word' id='word_1_16' title='bbox 1405 682 1688 731; x_wconf 85' lang='lat' dir='ltr'><strong>manens</strong></span> <span class='ocrx_word' id='word_1_17' title='bbox 1717 662 1844 729; x_wconf 79' lang='lat' dir='ltr'><strong>das</strong></span> <span class='ocrx_word' id='word_1_18' title='bbox 1875 665 2117 728; x_wconf 85' lang='lat' dir='ltr'><strong>cuncta</strong></span> <span class='ocrx_word' id='word_1_19' title='bbox 2144 656 2404 725; x_wconf 78' lang='lat' dir='ltr'><strong>moveri</strong></span> <span class='ocrx_word' id='word_1_20' title='bbox 2426 678 2445 738; x_wconf 89' lang='lat'>;</span> <span class='ocrx_word' id='word_1_21' title='bbox 2464 664 2494 692; x_wconf 83' lang='lat'><strong>¹²</strong></span> 
     </span>
    </p>
   </div>
   <div class='ocr_carea' id='block_1_4' title="bbox 462 877 2704 958">
    <p class='ocr_par' dir='ltr' id='par_1_4' title="bbox 462 877 2704 958">
     <span class='ocr_line' id='line_1_5' title="bbox 462 877 2704 958; baseline -0.007 -14"><span class='ocrx_word' id='word_1_22' title='bbox 462 893 623 958; x_wconf 68' lang='lat' dir='ltr'><strong>fluere</strong></span> <span class='ocrx_word' id='word_1_23' title='bbox 639 907 671 941; x_wconf 80' lang='lat' dir='ltr'><strong>a</strong></span> <span class='ocrx_word' id='word_1_24' title='bbox 691 890 851 957; x_wconf 64' lang='grc' dir='ltr'>μήκει</span> <span class='ocrx_word' id='word_1_25' title='bbox 868 894 1015 940; x_wconf 70' lang='lat' dir='ltr'><strong>atate</strong></span> <span class='ocrx_word' id='word_1_26' title='bbox 1032 887 1218 951; x_wconf 65' lang='lat' dir='ltr'><strong>nsandi,</strong></span> <span class='ocrx_word' id='word_1_27' title='bbox 1239 891 1287 938; x_wconf 72' lang='lat' dir='ltr'><strong>et</strong></span> <span class='ocrx_word' id='word_1_28' title='bbox 1308 889 1577 937; x_wconf 64' lang='lat' dir='ltr'><strong>condamn-</strong></span> <span class='ocrx_word' id='word_1_29' title='bbox 1596 877 1960 945; x_wconf 61' lang='lat' dir='ltr'><strong>immutasse-is</strong></span> <span class='ocrx_word' id='word_1_30' title='bbox 1979 877 2141 956; x_wconf 61' lang='lat' dir='ltr'><strong>omnia</strong></span> <span class='ocrx_word' id='word_1_31' title='bbox 2157 877 2361 945; x_wconf 61' lang='lat' dir='ltr'><strong>amri,</strong></span> <span class='ocrx_word' id='word_1_32' title='bbox 2391 892 2532 946; x_wconf 65' lang='lat' dir='ltr'><strong>quem</strong></span> <span class='ocrx_word' id='word_1_33' title='bbox 2550 891 2704 929; x_wconf 71' lang='lat' dir='ltr'><strong>cansae</strong></span> 
     </span>
    </p>
   </div>
   <div class='ocr_carea' id='block_1_5' title="bbox 1476 1075 1700 1130">
    <p class='ocr_par' dir='ltr' id='par_1_5' title="bbox 1476 1075 1700 1130">
     <span class='ocr_line' id='line_1_6' title="bbox 1476 1075 1700 1130; baseline -0.018 0"><span class='ocrx_word' id='word_1_34' title='bbox 1476 1075 1700 1130; x_wconf 79' lang='lat' dir='ltr'><strong>No&#39;rAE</strong></span> 
     </span>
    </p>
   </div>
   <div class='ocr_carea' id='block_1_6' title="bbox 469 1237 1557 3174">
    <p class='ocr_par' dir='ltr' id='par_1_6' title="bbox 471 1237 1553 2469">
     <span class='ocr_line' id='line_1_7' title="bbox 477 1237 1549 1306; baseline -0.006 -13"><span class='ocrx_word' id='word_1_35' title='bbox 477 1239 716 1293; x_wconf 73' lang='lat' dir='ltr'><strong>naturale</strong></span> <span class='ocrx_word' id='word_1_36' title='bbox 754 1242 947 1306; x_wconf 86' lang='lat' dir='ltr'><strong>lumen,</strong></span> <span class='ocrx_word' id='word_1_37' title='bbox 981 1237 1214 1292; x_wconf 85' lang='lat' dir='ltr'><strong>tenebris</strong></span> <span class='ocrx_word' id='word_1_38' title='bbox 1251 1237 1441 1290; x_wconf 88' lang='lat' dir='ltr'><strong>sensim</strong></span> <span class='ocrx_word' id='word_1_39' title='bbox 1467 1249 1549 1288; x_wconf 87' lang='lat' dir='ltr'><strong>re-</strong></span> 
     </span>
     <span class='ocr_line' id='line_1_8' title="bbox 477 1315 1550 1383; baseline -0.005 -12"><span class='ocrx_word' id='word_1_40' title='bbox 477 1318 813 1383; x_wconf 85' lang='lat' dir='ltr'><strong>cedentibus,</strong></span> <span class='ocrx_word' id='word_1_41' title='bbox 832 1320 1066 1381; x_wconf 84' lang='lat' dir='ltr'><strong>elucens,</strong></span> <span class='ocrx_word' id='word_1_42' title='bbox 1098 1317 1225 1369; x_wconf 85' lang='lat' dir='ltr'><strong>nihil</strong></span> <span class='ocrx_word' id='word_1_43' title='bbox 1249 1315 1386 1367; x_wconf 85' lang='lat' dir='ltr'><strong>aliud</strong></span> <span class='ocrx_word' id='word_1_44' title='bbox 1411 1329 1550 1366; x_wconf 90' lang='lat' dir='ltr'><strong>nunc</strong></span> 
     </span>
     <span class='ocr_line' id='line_1_9' title="bbox 475 1394 1549 1463; baseline -0.004 -15"><span class='ocrx_word' id='word_1_45' title='bbox 475 1397 698 1463; x_wconf 75' lang='lat' dir='ltr'><strong>petitur,</strong></span> <span class='ocrx_word' id='word_1_46' title='bbox 741 1411 896 1463; x_wconf 84' lang='lat' dir='ltr'><strong>quam</strong></span> <span class='ocrx_word' id='word_1_47' title='bbox 941 1396 1149 1462; x_wconf 81' lang='lat' dir='ltr'><strong>aliquod</strong></span> <span class='ocrx_word' id='word_1_48' title='bbox 1193 1394 1549 1460; x_wconf 76' lang='lat' dir='ltr'><strong>Philosophiae</strong></span> 
     </span>
     <span class='ocr_line' id='line_1_10' title="bbox 475 1470 1549 1539; baseline -0.008 -11"><span class='ocrx_word' id='word_1_49' title='bbox 475 1476 874 1528; x_wconf 82' lang='lat' dir='ltr'><strong>incrementum.</strong></span> <span class='ocrx_word' id='word_1_50' title='bbox 957 1475 1056 1525; x_wconf 87' lang='lat' dir='ltr'><strong>Est</strong></span> <span class='ocrx_word' id='word_1_51' title='bbox 1099 1471 1321 1539; x_wconf 83' lang='lat' dir='ltr'><strong>denique</strong></span> <span class='ocrx_word' id='word_1_52' title='bbox 1363 1470 1549 1521; x_wconf 88' lang='lat' dir='ltr'><strong>eadem</strong></span> 
     </span>
     <span class='ocr_line' id='line_1_11' title="bbox 478 1545 1548 1617; baseline -0.006 -16"><span class='ocrx_word' id='word_1_53' title='bbox 478 1552 715 1617; x_wconf 83' lang='lat' dir='ltr'><strong>precatio</strong></span> <span class='ocrx_word' id='word_1_54' title='bbox 774 1549 1008 1599; x_wconf 74' lang='lat' dir='ltr'><strong>materiae</strong></span> <span class='ocrx_word' id='word_1_55' title='bbox 1070 1563 1208 1599; x_wconf 90' lang='lat' dir='ltr'><strong>nunc</strong></span> <span class='ocrx_word' id='word_1_56' title='bbox 1253 1545 1548 1598; x_wconf 84' lang='lat' dir='ltr'><strong>tractaudae</strong></span> 
     </span>
     <span class='ocr_line' id='line_1_12' title="bbox 476 1625 1550 1692; baseline -0.006 -13"><span class='ocrx_word' id='word_1_57' title='bbox 476 1629 809 1692; x_wconf 83' lang='lat' dir='ltr'><strong>dignissima:</strong></span> <span class='ocrx_word' id='word_1_58' title='bbox 859 1633 918 1677; x_wconf 89' lang='lat' dir='ltr'><strong>ut</strong></span> <span class='ocrx_word' id='word_1_59' title='bbox 953 1626 1089 1678; x_wconf 87' lang='lat' dir='ltr'><strong>enim</strong></span> <span class='ocrx_word' id='word_1_60' title='bbox 1124 1625 1282 1677; x_wconf 86' lang='lat' dir='ltr'><strong>decet</strong></span> <span class='ocrx_word' id='word_1_61' title='bbox 1319 1631 1550 1675; x_wconf 84' lang='lat' dir='ltr'><strong>mentem</strong></span> 
     </span>
     <span class='ocr_line' id='line_1_13' title="bbox 475 1703 1552 1770; baseline -0.004 -12"><span class='ocrx_word' id='word_1_62' title='bbox 475 1708 558 1758; x_wconf 78' lang='lat' dir='ltr'><strong>sui</strong></span> <span class='ocrx_word' id='word_1_63' title='bbox 590 1706 712 1756; x_wconf 83' lang='lat' dir='ltr'><strong>finis</strong></span> <span class='ocrx_word' id='word_1_64' title='bbox 744 1705 1012 1756; x_wconf 86' lang='lat' dir='ltr'><strong>notionem</strong></span> <span class='ocrx_word' id='word_1_65' title='bbox 1036 1719 1254 1770; x_wconf 72' lang='lat' dir='ltr'><strong>cogare,</strong></span> <span class='ocrx_word' id='word_1_66' title='bbox 1287 1703 1364 1753; x_wconf 83' lang='lat' dir='ltr'><strong>sic</strong></span> <span class='ocrx_word' id='word_1_67' title='bbox 1391 1704 1552 1754; x_wconf 88' lang='lat' dir='ltr'><strong>decet</strong></span> 
     </span>
     <span class='ocr_line' id='line_1_14' title="bbox 472 1778 1550 1845; baseline -0.004 -13"><span class='ocrx_word' id='word_1_68' title='bbox 472 1784 606 1835; x_wconf 87' lang='lat' dir='ltr'><strong>hauc</strong></span> <span class='ocrx_word' id='word_1_69' title='bbox 630 1782 892 1834; x_wconf 84' lang='lat' dir='ltr'><strong>notionem</strong></span> <span class='ocrx_word' id='word_1_70' title='bbox 925 1796 1113 1845; x_wconf 84' lang='lat' dir='ltr'><strong>rogare</strong></span> <span class='ocrx_word' id='word_1_71' title='bbox 1135 1779 1325 1845; x_wconf 24' lang='lat' dir='ltr'><strong>§mundi</strong></span> <span class='ocrx_word' id='word_1_72' title='bbox 1357 1778 1550 1830; x_wconf 86' lang='lat' dir='ltr'><strong>Condi-</strong></span> 
     </span>
     <span class='ocr_line' id='line_1_15' title="bbox 477 1857 1552 1925; baseline -0.005 -15"><span class='ocrx_word' id='word_1_73' title='bbox 477 1863 666 1923; x_wconf 82' lang='lat' dir='ltr'><strong>torem,</strong></span> <span class='ocrx_word' id='word_1_74' title='bbox 692 1859 889 1925; x_wconf 85' lang='lat' dir='ltr'><strong>quippe</strong></span> <span class='ocrx_word' id='word_1_75' title='bbox 912 1858 999 1923; x_wconf 89' lang='lat' dir='ltr'><strong>qui</strong></span> <span class='ocrx_word' id='word_1_76' title='bbox 1023 1865 1077 1906; x_wconf 90' lang='lat' dir='ltr'><strong>et</strong></span> <span class='ocrx_word' id='word_1_77' title='bbox 1100 1857 1269 1921; x_wconf 85' lang='lat' dir='ltr'><strong>prima</strong></span> <span class='ocrx_word' id='word_1_78' title='bbox 1302 1869 1458 1907; x_wconf 87' lang='lat' dir='ltr'><strong>causa</strong></span> <span class='ocrx_word' id='word_1_79' title='bbox 1493 1861 1552 1906; x_wconf 88' lang='lat' dir='ltr'><strong>et</strong></span> 
     </span>
     <span class='ocr_line' id='line_1_16' title="bbox 474 1935 1549 2004; baseline -0.003 -14"><span class='ocrx_word' id='word_1_80' title='bbox 474 1940 673 2004; x_wconf 83' lang='lat' dir='ltr'><strong>primus</strong></span> <span class='ocrx_word' id='word_1_81' title='bbox 715 1938 905 1988; x_wconf 89' lang='lat' dir='ltr'><strong>doctor</strong></span> <span class='ocrx_word' id='word_1_82' title='bbox 943 1936 1177 2001; x_wconf 86' lang='lat' dir='ltr'><strong>ejusdem</strong></span> <span class='ocrx_word' id='word_1_83' title='bbox 1219 1935 1409 1985; x_wconf 84' lang='lat' dir='ltr'><strong>mentis</strong></span> <span class='ocrx_word' id='word_1_84' title='bbox 1447 1940 1549 1987; x_wconf 82' lang='lat' dir='ltr'><strong>est.</strong></span> 
     </span>
     <span class='ocr_line' id='line_1_17' title="bbox 471 2012 1552 2080; baseline -0.005 -11"><span class='ocrx_word' id='word_1_85' title='bbox 471 2018 489 2045; x_wconf 80' lang='lat'>⁸</span> <span class='ocrx_word' id='word_1_86' title='bbox 515 2016 697 2069; x_wconf 82' lang='lat' dir='ltr'><strong>Nolite</strong></span> <span class='ocrx_word' id='word_1_87' title='bbox 743 2014 964 2080; x_wconf 83' lang='lat' dir='ltr'><strong>putare,&#39;</strong></span> <span class='ocrx_word' id='word_1_88' title='bbox 1009 2014 1177 2079; x_wconf 85' lang='lat' dir='ltr'><strong>inquit</strong></span> <span class='ocrx_word' id='word_1_89' title='bbox 1216 2014 1276 2064; x_wconf 87' lang='lat' dir='ltr'><strong>S.</strong></span> <span class='ocrx_word' id='word_1_90' title='bbox 1329 2012 1552 2077; x_wconf 82' lang='lat' dir='ltr'><strong>August·</strong></span> 
     </span>
     <span class='ocr_line' id='line_1_18' title="bbox 474 2090 1549 2157; baseline -0.004 -12"><span class='ocrx_word' id='word_1_91' title='bbox 474 2094 529 2145; x_wconf 90' lang='lat' dir='ltr'><strong>in</strong></span> <span class='ocrx_word' id='word_1_92' title='bbox 553 2093 708 2146; x_wconf 85' lang='lat' dir='ltr'><strong>Joan.</strong></span> <span class='ocrx_word' id='word_1_93' title='bbox 726 2093 742 2120; x_wconf 91' lang='lat'>‘</span> <span class='ocrx_word' id='word_1_94' title='bbox 758 2106 1054 2157; x_wconf 86' lang='lat' dir='ltr'><strong>quenquam</strong></span> <span class='ocrx_word' id='word_1_95' title='bbox 1072 2091 1329 2155; x_wconf 80' lang='lat' dir='ltr'><strong>hominem</strong></span> <span class='ocrx_word' id='word_1_96' title='bbox 1355 2090 1549 2156; x_wconf 89' lang='lat' dir='ltr'><strong>aliquid</strong></span> 
     </span>
     <span class='ocr_line' id='line_1_19' title="bbox 473 2168 1548 2233; baseline -0.002 -12"><span class='ocrx_word' id='word_1_97' title='bbox 473 2172 678 2221; x_wconf 81' lang='lat' dir='ltr'><strong>discere</strong></span> <span class='ocrx_word' id='word_1_98' title='bbox 701 2170 767 2220; x_wconf 86' lang='lat' dir='ltr'><strong>ab</strong></span> <span class='ocrx_word' id='word_1_99' title='bbox 789 2170 1030 2232; x_wconf 85' lang='lat' dir='ltr'><strong>homine3</strong></span> <span class='ocrx_word' id='word_1_100' title='bbox 1065 2168 1343 2220; x_wconf 88' lang='lat' dir='ltr'><strong>admonere</strong></span> <span class='ocrx_word' id='word_1_101' title='bbox 1367 2183 1548 2233; x_wconf 85' lang='lat' dir='ltr'><strong>possu-</strong></span> 
     </span>
     <span class='ocr_line' id='line_1_20' title="bbox 474 2245 1549 2312; baseline -0.003 -13"><span class='ocrx_word' id='word_1_102' title='bbox 474 2263 590 2299; x_wconf 87' lang='lat' dir='ltr'><strong>mus</strong></span> <span class='ocrx_word' id='word_1_103' title='bbox 623 2262 718 2312; x_wconf 82' lang='lat' dir='ltr'><strong>per</strong></span> <span class='ocrx_word' id='word_1_104' title='bbox 751 2246 1028 2312; x_wconf 84' lang='lat' dir='ltr'><strong>strepitum</strong></span> <span class='ocrx_word' id='word_1_105' title='bbox 1061 2246 1207 2301; x_wconf 74' lang='lat' dir='ltr'><strong>vocis</strong></span> <span class='ocrx_word' id='word_1_106' title='bbox 1238 2252 1465 2297; x_wconf 74' lang='lat' dir='ltr'><strong>nostroe:</strong></span> <span class='ocrx_word' id='word_1_107' title='bbox 1502 2245 1549 2296; x_wconf 85' lang='lat' dir='ltr'><strong>si</strong></span> 
     </span>
     <span class='ocr_line' id='line_1_21' title="bbox 474 2322 1553 2392; baseline -0.002 -16"><span class='ocrx_word' id='word_1_108' title='bbox 474 2339 580 2378; x_wconf 83' lang='lat' dir='ltr'><strong>non</strong></span> <span class='ocrx_word' id='word_1_109' title='bbox 619 2325 691 2374; x_wconf 86' lang='lat' dir='ltr'><strong>sit</strong></span> <span class='ocrx_word' id='word_1_110' title='bbox 727 2325 865 2375; x_wconf 86' lang='lat' dir='ltr'><strong>intus</strong></span> <span class='ocrx_word' id='word_1_111' title='bbox 909 2323 997 2390; x_wconf 88' lang='lat' dir='ltr'><strong>qui</strong></span> <span class='ocrx_word' id='word_1_112' title='bbox 1040 2323 1248 2392; x_wconf 88' lang='lat' dir='ltr'><strong>doceat,</strong></span> <span class='ocrx_word' id='word_1_113' title='bbox 1285 2322 1456 2380; x_wconf 84' lang='lat' dir='ltr'><strong>inanis</strong></span> <span class='ocrx_word' id='word_1_114' title='bbox 1487 2322 1553 2382; x_wconf 76' lang='lat' dir='ltr'><strong>fit</strong></span> 
     </span>
     <span class='ocr_line' id='line_1_22' title="bbox 474 2402 962 2469; baseline -0.004 -13"><span class='ocrx_word' id='word_1_115' title='bbox 474 2404 724 2469; x_wconf 73' lang='lat' dir='ltr'><strong>strepitus</strong></span> <span class='ocrx_word' id='word_1_116' title='bbox 747 2402 962 2454; x_wconf 87' lang='lat' dir='ltr'><strong>noster.&#39;</strong></span> 
     </span>
    </p>

    <p class='ocr_par' dir='ltr' id='par_1_7' title="bbox 469 2482 1557 3174">
     <span class='ocr_line' id='line_1_23' title="bbox 541 2482 1557 2551; baseline -0.001 -17"><span class='ocrx_word' id='word_1_117' title='bbox 541 2489 562 2515; x_wconf 89' lang='lat'>⁸</span> <span class='ocrx_word' id='word_1_118' title='bbox 588 2482 845 2534; x_wconf 77' lang='lat' dir='ltr'><strong>Terrarum</strong></span> <span class='ocrx_word' id='word_1_119' title='bbox 875 2483 1070 2551; x_wconf 73' lang='lat' dir='ltr'><strong>coelique</strong></span> <span class='ocrx_word' id='word_1_120' title='bbox 1111 2484 1266 2550; x_wconf 82' lang='lat' dir='ltr'><strong>sator]</strong></span> <span class='ocrx_word' id='word_1_121' title='bbox 1312 2482 1557 2535; x_wconf 86' lang='lat' dir='ltr'><strong>Philoso-</strong></span> 
     </span>
     <span class='ocr_line' id='line_1_24' title="bbox 476 2561 1556 2633; baseline -0.005 -18"><span class='ocrx_word' id='word_1_122' title='bbox 476 2564 598 2633; x_wconf 83' lang='lat' dir='ltr'><strong>phia</strong></span> <span class='ocrx_word' id='word_1_123' title='bbox 615 2570 866 2630; x_wconf 80' lang='lat' dir='ltr'><strong>precatur</strong></span> <span class='ocrx_word' id='word_1_124' title='bbox 882 2564 1189 2616; x_wconf 79' lang='lat' dir='ltr'><strong>Creatorem</strong></span> <span class='ocrx_word' id='word_1_125' title='bbox 1222 2561 1432 2613; x_wconf 87' lang='lat' dir='ltr'><strong>mundi:</strong></span> <span class='ocrx_word' id='word_1_126' title='bbox 1473 2575 1556 2611; x_wconf 86' lang='lat' dir='ltr'><strong>sa·</strong></span> 
     </span>
     <span class='ocr_line' id='line_1_25' title="bbox 479 2641 1557 2707; baseline -0.007 -9"><span class='ocrx_word' id='word_1_127' title='bbox 479 2651 565 2699; x_wconf 84' lang='lat' dir='ltr'><strong>tor</strong></span> <span class='ocrx_word' id='word_1_128' title='bbox 585 2642 723 2693; x_wconf 86' lang='lat' dir='ltr'><strong>euim</strong></span> <span class='ocrx_word' id='word_1_129' title='bbox 759 2642 871 2693; x_wconf 77' lang='lat' dir='ltr'><strong>sive</strong></span> <span class='ocrx_word' id='word_1_130' title='bbox 903 2642 1189 2693; x_wconf 87' lang='lat' dir='ltr'><strong>seminator</strong></span> <span class='ocrx_word' id='word_1_131' title='bbox 1222 2641 1444 2707; x_wconf 87' lang='lat' dir='ltr'><strong>primum</strong></span> <span class='ocrx_word' id='word_1_132' title='bbox 1473 2644 1557 2690; x_wconf 87' lang='lat' dir='ltr'><strong>est</strong></span> 
     </span>
     <span class='ocr_line' id='line_1_26' title="bbox 476 2719 1555 2787; baseline 0.002 -16"><span class='ocrx_word' id='word_1_133' title='bbox 476 2721 587 2785; x_wconf 87' lang='lat' dir='ltr'><strong>ille,</strong></span> <span class='ocrx_word' id='word_1_134' title='bbox 625 2723 715 2786; x_wconf 88' lang='lat' dir='ltr'><strong>qui</strong></span> <span class='ocrx_word' id='word_1_135' title='bbox 761 2732 949 2787; x_wconf 83' lang='lat' dir='ltr'><strong>parato</strong></span> <span class='ocrx_word' id='word_1_136' title='bbox 984 2719 1160 2772; x_wconf 85' lang='lat' dir='ltr'><strong>effecti</strong></span> <span class='ocrx_word' id='word_1_137' title='bbox 1205 2722 1402 2771; x_wconf 84' lang='lat' dir='ltr'><strong>semine</strong></span> <span class='ocrx_word' id='word_1_138' title='bbox 1441 2719 1555 2773; x_wconf 76' lang='lat' dir='ltr'><strong>sive</strong></span> 
     </span>
     <span class='ocr_line' id='line_1_27' title="bbox 469 2796 1552 2862; baseline -0.003 -13"><span class='ocrx_word' id='word_1_139' title='bbox 469 2799 695 2849; x_wconf 85' lang='lat' dir='ltr'><strong>materia</strong></span> <span class='ocrx_word' id='word_1_140' title='bbox 727 2796 964 2862; x_wconf 85' lang='lat' dir='ltr'><strong>ejusdem</strong></span> <span class='ocrx_word' id='word_1_141' title='bbox 996 2796 1174 2849; x_wconf 83' lang='lat' dir='ltr'><strong>effecti</strong></span> <span class='ocrx_word' id='word_1_142' title='bbox 1209 2803 1394 2848; x_wconf 82' lang='lat' dir='ltr'><strong>auctor</strong></span> <span class='ocrx_word' id='word_1_143' title='bbox 1432 2800 1552 2859; x_wconf 76' lang='lat' dir='ltr'><strong>est3</strong></span> 
     </span>
     <span class='ocr_line' id='line_1_28' title="bbox 472 2873 1551 2942; baseline -0.001 -18"><span class='ocrx_word' id='word_1_144' title='bbox 472 2890 583 2942; x_wconf 84' lang='lat' dir='ltr'><strong>qua</strong></span> <span class='ocrx_word' id='word_1_145' title='bbox 619 2874 825 2925; x_wconf 86' lang='lat' dir='ltr'><strong>ratione</strong></span> <span class='ocrx_word' id='word_1_146' title='bbox 863 2876 881 2904; x_wconf 88' lang='lat'>‘</span> <span class='ocrx_word' id='word_1_147' title='bbox 907 2874 1130 2926; x_wconf 86' lang='lat' dir='ltr'><strong>mundus</strong></span> <span class='ocrx_word' id='word_1_148' title='bbox 1169 2873 1321 2939; x_wconf 87' lang='lat' dir='ltr'><strong>ipse,&#39;</strong></span> <span class='ocrx_word' id='word_1_149' title='bbox 1363 2873 1551 2940; x_wconf 84' lang='lat' dir='ltr'><strong>judice</strong></span> 
     </span>
     <span class='ocr_line' id='line_1_29' title="bbox 470 2951 1551 3004; baseline -0.002 -2"><span class='ocrx_word' id='word_1_150' title='bbox 470 2951 646 3003; x_wconf 86' lang='lat' dir='ltr'><strong>Tullio</strong></span> <span class='ocrx_word' id='word_1_151' title='bbox 684 2966 749 3002; x_wconf 86' lang='lat'><strong>11.</strong></span> <span class='ocrx_word' id='word_1_152' title='bbox 781 2952 851 3003; x_wconf 91' lang='lat' dir='ltr'><strong>de</strong></span> <span class='ocrx_word' id='word_1_153' title='bbox 894 2951 1024 3004; x_wconf 88' lang='lat' dir='ltr'><strong>Nat.</strong></span> <span class='ocrx_word' id='word_1_154' title='bbox 1062 2957 1078 2982; x_wconf 80' lang='lat'>⁸</span> <span class='ocrx_word' id='word_1_155' title='bbox 1110 2951 1344 3001; x_wconf 87' lang='lat' dir='ltr'><strong>omnium</strong></span> <span class='ocrx_word' id='word_1_156' title='bbox 1375 2964 1551 3001; x_wconf 86' lang='lat' dir='ltr'><strong>rerum</strong></span> 
     </span>
     <span class='ocr_line' id='line_1_30' title="bbox 472 3027 1550 3095; baseline -0.002 -15"><span class='ocrx_word' id='word_1_157' title='bbox 472 3037 618 3081; x_wconf 85' lang='lat' dir='ltr'><strong>sator</strong></span> <span class='ocrx_word' id='word_1_158' title='bbox 651 3037 710 3081; x_wconf 91' lang='lat' dir='ltr'><strong>et</strong></span> <span class='ocrx_word' id='word_1_159' title='bbox 748 3031 1032 3081; x_wconf 84' lang='lat' dir='ltr'><strong>seminator</strong></span> <span class='ocrx_word' id='word_1_160' title='bbox 1075 3029 1196 3095; x_wconf 84' lang='lat' dir='ltr'><strong>est,’</strong></span> <span class='ocrx_word' id='word_1_161' title='bbox 1230 3027 1423 3079; x_wconf 80' lang='lat' dir='ltr'><strong>deinde</strong></span> <span class='ocrx_word' id='word_1_162' title='bbox 1465 3035 1550 3078; x_wconf 86' lang='lat' dir='ltr'><strong>est</strong></span> 
     </span>
     <span class='ocr_line' id='line_1_31' title="bbox 472 3108 1550 3174; baseline -0.002 -17"><span class='ocrx_word' id='word_1_163' title='bbox 472 3108 786 3174; x_wconf 86' lang='lat' dir='ltr'><strong>quicumque</strong></span> <span class='ocrx_word' id='word_1_164' title='bbox 820 3114 1030 3160; x_wconf 77' lang='lat' dir='ltr'><strong>auctor:</strong></span> <span class='ocrx_word' id='word_1_165' title='bbox 1076 3108 1222 3158; x_wconf 86' lang='lat' dir='ltr'><strong>Deus</strong></span> <span class='ocrx_word' id='word_1_166' title='bbox 1254 3112 1430 3157; x_wconf 86' lang='lat' dir='ltr'><strong>autem</strong></span> <span class='ocrx_word' id='word_1_167' title='bbox 1466 3111 1550 3155; x_wconf 87' lang='lat' dir='ltr'><strong>est</strong></span> 
     </span>
    </p>
   </div>
   <div class='ocr_carea' id='block_1_7' title="bbox 380 3182 1549 3252">
    <p class='ocr_par' dir='ltr' id='par_1_8' title="bbox 380 3182 1549 3252">
     <span class='ocr_line' id='line_1_32' title="bbox 380 3182 1549 3252; baseline 0 -18"><span class='ocrx_word' id='word_1_168' title='bbox 380 3246 386 3252; x_wconf 25' lang='lat'><strong><em>⁵</em></strong></span> <span class='ocrx_word' id='word_1_169' title='bbox 473 3185 672 3251; x_wconf 85' lang='lat' dir='ltr'><strong>primus</strong></span> <span class='ocrx_word' id='word_1_170' title='bbox 695 3193 881 3238; x_wconf 86' lang='lat' dir='ltr'><strong>auctor</strong></span> <span class='ocrx_word' id='word_1_171' title='bbox 902 3186 1023 3236; x_wconf 91' lang='lat' dir='ltr'><strong>coeli</strong></span> <span class='ocrx_word' id='word_1_172' title='bbox 1046 3193 1105 3236; x_wconf 87' lang='lat' dir='ltr'><strong>et</strong></span> <span class='ocrx_word' id='word_1_173' title='bbox 1127 3191 1302 3236; x_wconf 66' lang='lat' dir='ltr'><strong>terrm.</strong></span> <span class='ocrx_word' id='word_1_174' title='bbox 1339 3182 1483 3248; x_wconf 74' lang='lat' dir='ltr'><strong>virg.</strong></span> <span class='ocrx_word' id='word_1_175' title='bbox 1505 3197 1549 3234; x_wconf 85' lang='lat'><strong>1.</strong></span> 
     </span>
    </p>
   </div>
   <div class='ocr_carea' id='block_1_8' title="bbox 468 3261 1553 4416">
    <p class='ocr_par' dir='ltr' id='par_1_9' title="bbox 472 3261 1553 3715">
     <span class='ocr_line' id='line_1_33' title="bbox 474 3261 1550 3317; baseline -0.002 -3"><span class='ocrx_word' id='word_1_176' title='bbox 474 3263 595 3314; x_wconf 83' lang='lat' dir='ltr'><strong>AEn.</strong></span> <span class='ocrx_word' id='word_1_177' title='bbox 620 3279 696 3315; x_wconf 82' lang='lat' dir='ltr'><strong>vs.</strong></span> <span class='ocrx_word' id='word_1_178' title='bbox 717 3269 835 3316; x_wconf 81' lang='lat'><strong>258.</strong></span> <span class='ocrx_word' id='word_1_179' title='bbox 903 3266 920 3294; x_wconf 88' lang='lat'>‘</span> <span class='ocrx_word' id='word_1_180' title='bbox 944 3263 1054 3317; x_wconf 84' lang='lat' dir='ltr'><strong>Olli</strong></span> <span class='ocrx_word' id='word_1_181' title='bbox 1090 3263 1367 3316; x_wconf 73' lang='lat' dir='ltr'><strong>subridens</strong></span> <span class='ocrx_word' id='word_1_182' title='bbox 1389 3261 1550 3313; x_wconf 82' lang='lat' dir='ltr'><strong>homi-</strong></span> 
     </span>
     <span class='ocr_line' id='line_1_34' title="bbox 472 3338 1550 3408; baseline -0.001 -17"><span class='ocrx_word' id='word_1_183' title='bbox 472 3356 598 3392; x_wconf 90' lang='lat' dir='ltr'><strong>num</strong></span> <span class='ocrx_word' id='word_1_184' title='bbox 617 3348 762 3392; x_wconf 83' lang='lat' dir='ltr'><strong>sator</strong></span> <span class='ocrx_word' id='word_1_185' title='bbox 783 3347 944 3408; x_wconf 88' lang='lat' dir='ltr'><strong>atque</strong></span> <span class='ocrx_word' id='word_1_186' title='bbox 966 3341 1241 3394; x_wconf 83' lang='lat' dir='ltr'><strong>Deorum.’</strong></span> <span class='ocrx_word' id='word_1_187' title='bbox 1279 3340 1383 3393; x_wconf 83' lang='lat' dir='ltr'><strong>Sed</strong></span> <span class='ocrx_word' id='word_1_188' title='bbox 1408 3338 1550 3406; x_wconf 87' lang='lat' dir='ltr'><strong>quod</strong></span> 
     </span>
     <span class='ocr_line' id='line_1_35' title="bbox 472 3420 1553 3487; baseline -0.005 -15"><span class='ocrx_word' id='word_1_189' title='bbox 472 3422 623 3472; x_wconf 88' lang='lat' dir='ltr'><strong>Deus</strong></span> <span class='ocrx_word' id='word_1_190' title='bbox 671 3420 739 3470; x_wconf 88' lang='lat' dir='ltr'><strong>sit</strong></span> <span class='ocrx_word' id='word_1_191' title='bbox 777 3420 971 3470; x_wconf 82' lang='lat' dir='ltr'><strong>mundi</strong></span> <span class='ocrx_word' id='word_1_192' title='bbox 995 3427 1224 3484; x_wconf 89' lang='lat' dir='ltr'><strong>creator,</strong></span> <span class='ocrx_word' id='word_1_193' title='bbox 1265 3423 1553 3487; x_wconf 82' lang='lat' dir='ltr'><strong>propterea</strong></span> 
     </span>
     <span class='ocr_line' id='line_1_36' title="bbox 472 3496 1552 3563; baseline -0.004 -14"><span class='ocrx_word' id='word_1_194' title='bbox 472 3498 699 3549; x_wconf 85' lang='lat' dir='ltr'><strong>mundus</strong></span> <span class='ocrx_word' id='word_1_195' title='bbox 718 3497 921 3563; x_wconf 81' lang='lat' dir='ltr'><strong>legibus</strong></span> <span class='ocrx_word' id='word_1_196' title='bbox 946 3499 1115 3548; x_wconf 92' lang='lat' dir='ltr'><strong>aDeo</strong></span> <span class='ocrx_word' id='word_1_197' title='bbox 1136 3496 1437 3549; x_wconf 81' lang='lat' dir='ltr'><strong>constitutis</strong></span> <span class='ocrx_word' id='word_1_198' title='bbox 1468 3509 1552 3546; x_wconf 88' lang='lat' dir='ltr'><strong>re·</strong></span> 
     </span>
     <span class='ocr_line' id='line_1_37' title="bbox 474 3574 1552 3649; baseline -0.004 -23"><span class='ocrx_word' id='word_1_199' title='bbox 474 3577 644 3640; x_wconf 69' lang='lat' dir='ltr'><strong>“giturz</strong></span> <span class='ocrx_word' id='word_1_200' title='bbox 694 3575 837 3627; x_wconf 88' lang='lat' dir='ltr'><strong>unde</strong></span> <span class='ocrx_word' id='word_1_201' title='bbox 869 3589 1008 3649; x_wconf 77' lang='lat' dir='ltr'><strong>nunc</strong></span> <span class='ocrx_word' id='word_1_202' title='bbox 1047 3575 1273 3626; x_wconf 87' lang='lat' dir='ltr'><strong>dicitur:</strong></span> <span class='ocrx_word' id='word_1_203' title='bbox 1309 3574 1326 3605; x_wconf 85' lang='lat'>‘</span> <span class='ocrx_word' id='word_1_204' title='bbox 1365 3587 1552 3638; x_wconf 74' lang='lat' dir='ltr'><strong>perpe·</strong></span> 
     </span>
     <span class='ocr_line' id='line_1_38' title="bbox 475 3649 1379 3715; baseline -0.006 -12"><span class='ocrx_word' id='word_1_205' title='bbox 475 3661 568 3704; x_wconf 86' lang='lat' dir='ltr'><strong>tua</strong></span> <span class='ocrx_word' id='word_1_206' title='bbox 589 3651 840 3703; x_wconf 88' lang='lat' dir='ltr'><strong>mundum</strong></span> <span class='ocrx_word' id='word_1_207' title='bbox 864 3651 1062 3701; x_wconf 87' lang='lat' dir='ltr'><strong>ratione</strong></span> <span class='ocrx_word' id='word_1_208' title='bbox 1085 3649 1379 3715; x_wconf 66' lang='lat' dir='ltr'><strong>gubernas!</strong></span> 
     </span>
    </p>

    <p class='ocr_par' dir='ltr' id='par_1_10' title="bbox 468 3720 1553 4416">
     <span class='ocr_line' id='line_1_39' title="bbox 540 3720 1551 3794; baseline -0.005 -15"><span class='ocrx_word' id='word_1_209' title='bbox 540 3731 559 3762; x_wconf 74' lang='lat'>‘</span> <span class='ocrx_word' id='word_1_210' title='bbox 582 3729 786 3794; x_wconf 81' lang='lat' dir='ltr'><strong>Tempus</strong></span> <span class='ocrx_word' id='word_1_211' title='bbox 822 3729 883 3778; x_wconf 75' lang='lat' dir='ltr'><strong>ub</strong></span> <span class='ocrx_word' id='word_1_212' title='bbox 918 3743 1020 3778; x_wconf 62' lang='grc' dir='ltr'><strong>ωηο</strong></span> <span class='ocrx_word' id='word_1_213' title='bbox 1054 3728 1137 3778; x_wconf 80' lang='lat' dir='ltr'><strong>Ire</strong></span> <span class='ocrx_word' id='word_1_214' title='bbox 1161 3724 1327 3790; x_wconf 68' lang='lat' dir='ltr'><strong>juba]</strong></span> <span class='ocrx_word' id='word_1_215' title='bbox 1387 3720 1551 3775; x_wconf 73' lang='lat' dir='ltr'><strong>Diffe-</strong></span> 
     </span>
     <span class='ocr_line' id='line_1_40' title="bbox 473 3802 1551 3871; baseline -0.003 -14"><span class='ocrx_word' id='word_1_216' title='bbox 473 3813 593 3858; x_wconf 86' lang='lat' dir='ltr'><strong>runt</strong></span> <span class='ocrx_word' id='word_1_217' title='bbox 616 3807 754 3871; x_wconf 85' lang='lat' dir='ltr'><strong>apud</strong></span> <span class='ocrx_word' id='word_1_218' title='bbox 789 3803 1137 3871; x_wconf 70' lang='lat' dir='ltr'><strong>Philosophus</strong></span> <span class='ocrx_word' id='word_1_219' title='bbox 1167 3802 1457 3866; x_wconf 64' lang='lat' dir='ltr'><strong>eternitas,</strong></span> <span class='ocrx_word' id='word_1_220' title='bbox 1480 3818 1551 3854; x_wconf 66' lang='grc' dir='ltr'><strong>ω·</strong></span> 
     </span>
     <span class='ocr_line' id='line_1_41' title="bbox 475 3882 1553 3949; baseline -0.004 -14"><span class='ocrx_word' id='word_1_221' title='bbox 475 3899 620 3945; x_wconf 80' lang='lat' dir='ltr'><strong>vum,</strong></span> <span class='ocrx_word' id='word_1_222' title='bbox 637 3891 697 3934; x_wconf 87' lang='lat' dir='ltr'><strong>et</strong></span> <span class='ocrx_word' id='word_1_223' title='bbox 717 3889 926 3949; x_wconf 83' lang='lat' dir='ltr'><strong>tempus</strong></span> <span class='ocrx_word' id='word_1_224' title='bbox 945 3898 962 3945; x_wconf 81' lang='lat'>3</span> <span class='ocrx_word' id='word_1_225' title='bbox 995 3897 1113 3948; x_wconf 83' lang='lat' dir='ltr'><strong>quae</strong></span> <span class='ocrx_word' id='word_1_226' title='bbox 1132 3882 1380 3933; x_wconf 86' lang='lat' dir='ltr'><strong>dicuntur</strong></span> <span class='ocrx_word' id='word_1_227' title='bbox 1407 3895 1553 3948; x_wconf 74' lang='lat' dir='ltr'><strong>qnae·</strong></span> 
     </span>
     <span class='ocr_line' id='line_1_42' title="bbox 473 3959 1541 4025; baseline 0 -15"><span class='ocrx_word' id='word_1_228' title='bbox 473 3959 596 4010; x_wconf 84' lang='lat' dir='ltr'><strong>dam</strong></span> <span class='ocrx_word' id='word_1_229' title='bbox 618 3974 815 4025; x_wconf 81' lang='lat' dir='ltr'><strong>genera</strong></span> <span class='ocrx_word' id='word_1_230' title='bbox 833 3959 1353 4024; x_wconf 80' lang='lat' dir='ltr'><strong>diuturnitatis,sive‚</strong></span> <span class='ocrx_word' id='word_1_231' title='bbox 1375 3967 1436 4011; x_wconf 91' lang='lat' dir='ltr'><strong>ut</strong></span> <span class='ocrx_word' id='word_1_232' title='bbox 1463 3961 1541 4010; x_wconf 88' lang='lat' dir='ltr'><strong>lo-</strong></span> 
     </span>
     <span class='ocr_line' id='line_1_43' title="bbox 472 4036 1543 4104; baseline 0 -16"><span class='ocrx_word' id='word_1_233' title='bbox 472 4045 729 4104; x_wconf 85' lang='lat' dir='ltr'><strong>quuntur,</strong></span> <span class='ocrx_word' id='word_1_234' title='bbox 766 4037 1075 4101; x_wconf 81' lang='lat' dir='ltr'><strong>durationis,</strong></span> <span class='ocrx_word' id='word_1_235' title='bbox 1117 4037 1323 4091; x_wconf 82' lang='lat' dir='ltr'><strong>Gallice</strong></span> <span class='ocrx_word' id='word_1_236' title='bbox 1376 4036 1543 4102; x_wconf 62' lang='lat' dir='ltr'><strong>dur-de,</strong></span> 
     </span>
     <span class='ocr_line' id='line_1_44' title="bbox 470 4115 1543 4182; baseline -0.003 -15"><span class='ocrx_word' id='word_1_237' title='bbox 470 4130 594 4180; x_wconf 71' lang='lat' dir='ltr'><strong>qna:</strong></span> <span class='ocrx_word' id='word_1_238' title='bbox 626 4115 757 4166; x_wconf 83' lang='lat' dir='ltr'><strong>nihil</strong></span> <span class='ocrx_word' id='word_1_239' title='bbox 787 4122 874 4167; x_wconf 85' lang='lat' dir='ltr'><strong>est</strong></span> <span class='ocrx_word' id='word_1_240' title='bbox 911 4115 1074 4181; x_wconf 85' lang='lat' dir='ltr'><strong>aliud,</strong></span> <span class='ocrx_word' id='word_1_241' title='bbox 1106 4130 1261 4182; x_wconf 87' lang='lat' dir='ltr'><strong>quam</strong></span> <span class='ocrx_word' id='word_1_242' title='bbox 1297 4127 1543 4179; x_wconf 80' lang='lat' dir='ltr'><strong>perseve-</strong></span> 
     </span>
     <span class='ocr_line' id='line_1_45' title="bbox 468 4190 1549 4248; baseline -0.002 -5"><span class='ocrx_word' id='word_1_243' title='bbox 468 4194 649 4248; x_wconf 76' lang='lat' dir='ltr'><strong>rantia</strong></span> <span class='ocrx_word' id='word_1_244' title='bbox 680 4192 761 4245; x_wconf 88' lang='lat' dir='ltr'><strong>rei</strong></span> <span class='ocrx_word' id='word_1_245' title='bbox 792 4192 1092 4244; x_wconf 80' lang='lat' dir='ltr'><strong>existentis.</strong></span> <span class='ocrx_word' id='word_1_246' title='bbox 1158 4190 1441 4243; x_wconf 81' lang='lat' dir='ltr'><strong>AEternitas</strong></span> <span class='ocrx_word' id='word_1_247' title='bbox 1463 4198 1549 4242; x_wconf 83' lang='lat' dir='ltr'><strong>est</strong></span> 
     </span>
     <span class='ocr_line' id='line_1_46' title="bbox 472 4271 1552 4341; baseline 0.001 -18"><span class='ocrx_word' id='word_1_248' title='bbox 472 4273 555 4324; x_wconf 81' lang='lat' dir='ltr'><strong>rei</strong></span> <span class='ocrx_word' id='word_1_249' title='bbox 587 4273 702 4325; x_wconf 85' lang='lat' dir='ltr'><strong>sine</strong></span> <span class='ocrx_word' id='word_1_250' title='bbox 738 4274 996 4341; x_wconf 77' lang='lat' dir='ltr'><strong>principio</strong></span> <span class='ocrx_word' id='word_1_251' title='bbox 1032 4280 1091 4325; x_wconf 90' lang='lat' dir='ltr'><strong>et</strong></span> <span class='ocrx_word' id='word_1_252' title='bbox 1126 4273 1237 4324; x_wconf 82' lang='lat' dir='ltr'><strong>sine</strong></span> <span class='ocrx_word' id='word_1_253' title='bbox 1275 4271 1382 4323; x_wconf 85' lang='lat' dir='ltr'><strong>fine</strong></span> <span class='ocrx_word' id='word_1_254' title='bbox 1413 4273 1552 4324; x_wconf 82' lang='lat' dir='ltr'><strong>exis·</strong></span> 
     </span>
     <span class='ocr_line' id='line_1_47' title="bbox 474 4349 1551 4416; baseline 0.001 -14"><span class='ocrx_word' id='word_1_255' title='bbox 474 4350 662 4416; x_wconf 72' lang='lat' dir='ltr'><strong>tentis,</strong></span> <span class='ocrx_word' id='word_1_256' title='bbox 695 4352 938 4409; x_wconf 81' lang='lat' dir='ltr'><strong>nimirum</strong></span> <span class='ocrx_word' id='word_1_257' title='bbox 966 4351 1093 4415; x_wconf 69' lang='lat' dir='ltr'><strong>Dei.</strong></span> <span class='ocrx_word' id='word_1_258' title='bbox 1157 4349 1343 4404; x_wconf 81' lang='lat' dir='ltr'><strong>AEvum</strong></span> <span class='ocrx_word' id='word_1_259' title='bbox 1368 4357 1450 4405; x_wconf 76' lang='lat' dir='ltr'><strong>est</strong></span> <span class='ocrx_word' id='word_1_260' title='bbox 1474 4352 1551 4413; x_wconf 85' lang='lat' dir='ltr'><strong>rei</strong></span> 
     </span>
    </p>
   </div>
   <div class='ocr_carea' id='block_1_9' title="bbox 1618 1225 2718 4031">
    <p class='ocr_par' dir='ltr' id='par_1_11' title="bbox 1626 1225 2718 2786">
     <span class='ocr_line' id='line_1_48' title="bbox 1632 1225 2707 1299; baseline -0.008 -14"><span class='ocrx_word' id='word_1_261' title='bbox 1632 1235 1741 1286; x_wconf 83' lang='lat' dir='ltr'><strong>sine</strong></span> <span class='ocrx_word' id='word_1_262' title='bbox 1762 1233 1865 1285; x_wconf 78' lang='lat' dir='ltr'><strong>line</strong></span> <span class='ocrx_word' id='word_1_263' title='bbox 1893 1233 2125 1299; x_wconf 88' lang='lat' dir='ltr'><strong>quidem,</strong></span> <span class='ocrx_word' id='word_1_264' title='bbox 2142 1232 2234 1283; x_wconf 88' lang='lat' dir='ltr'><strong>sed</strong></span> <span class='ocrx_word' id='word_1_265' title='bbox 2253 1245 2356 1282; x_wconf 89' lang='lat' dir='ltr'><strong>non</strong></span> <span class='ocrx_word' id='word_1_266' title='bbox 2375 1228 2488 1279; x_wconf 90' lang='lat' dir='ltr'><strong>sine</strong></span> <span class='ocrx_word' id='word_1_267' title='bbox 2512 1225 2707 1294; x_wconf 88' lang='lat' dir='ltr'><strong>princi-</strong></span> 
     </span>
     <span class='ocr_line' id='line_1_49' title="bbox 1632 1307 2710 1381; baseline -0.009 -17"><span class='ocrx_word' id='word_1_268' title='bbox 1632 1314 1720 1381; x_wconf 85' lang='lat' dir='ltr'><strong>pio</strong></span> <span class='ocrx_word' id='word_1_269' title='bbox 1758 1311 2065 1364; x_wconf 87' lang='lat' dir='ltr'><strong>existentis:</strong></span> <span class='ocrx_word' id='word_1_270' title='bbox 2107 1310 2349 1362; x_wconf 84' lang='lat' dir='ltr'><strong>nimirum</strong></span> <span class='ocrx_word' id='word_1_271' title='bbox 2382 1307 2462 1357; x_wconf 86' lang='lat' dir='ltr'><strong>rei</strong></span> <span class='ocrx_word' id='word_1_272' title='bbox 2493 1311 2710 1368; x_wconf 60' lang='lat' dir='ltr'><strong>create,</strong></span> 
     </span>
     <span class='ocr_line' id='line_1_50' title="bbox 1630 1391 2704 1458; baseline -0.008 -16"><span class='ocrx_word' id='word_1_273' title='bbox 1630 1391 1796 1458; x_wconf 85' lang='lat' dir='ltr'><strong>qualis</strong></span> <span class='ocrx_word' id='word_1_274' title='bbox 1832 1397 1916 1442; x_wconf 86' lang='lat' dir='ltr'><strong>est</strong></span> <span class='ocrx_word' id='word_1_275' title='bbox 1954 1403 2099 1441; x_wconf 87' lang='lat' dir='ltr'><strong>mens</strong></span> <span class='ocrx_word' id='word_1_276' title='bbox 2143 1395 2198 1438; x_wconf 85' lang='lat' dir='ltr'><strong>et</strong></span> <span class='ocrx_word' id='word_1_277' title='bbox 2232 1402 2447 1452; x_wconf 84' lang='lat' dir='ltr'><strong>corpus,</strong></span> <span class='ocrx_word' id='word_1_278' title='bbox 2481 1397 2704 1452; x_wconf 84' lang='lat' dir='ltr'><strong>quorum</strong></span> 
     </span>
     <span class='ocr_line' id='line_1_51' title="bbox 1631 1453 2714 1521; baseline -0.01 -1"><span class='ocrx_word' id='word_1_279' title='bbox 1631 1470 1776 1521; x_wconf 87' lang='lat' dir='ltr'><strong>nulla</strong></span> <span class='ocrx_word' id='word_1_280' title='bbox 1815 1475 1897 1518; x_wconf 81' lang='lat' dir='ltr'><strong>est</strong></span> <span class='ocrx_word' id='word_1_281' title='bbox 1940 1467 2038 1517; x_wconf 85' lang='lat' dir='ltr'><strong>uisi</strong></span> <span class='ocrx_word' id='word_1_282' title='bbox 2082 1464 2312 1517; x_wconf 81' lang='lat' dir='ltr'><strong>exterior</strong></span> <span class='ocrx_word' id='word_1_283' title='bbox 2356 1476 2549 1514; x_wconf 86' lang='lat' dir='ltr'><strong>causa:</strong></span> <span class='ocrx_word' id='word_1_284' title='bbox 2606 1453 2714 1510; x_wconf 80' lang='lat' dir='ltr'><strong>hoc&#39;</strong></span> 
     </span>
     <span class='ocr_line' id='line_1_52' title="bbox 1632 1539 2709 1609; baseline -0.009 -12"><span class='ocrx_word' id='word_1_285' title='bbox 1632 1547 1767 1597; x_wconf 87' lang='lat' dir='ltr'><strong>enim</strong></span> <span class='ocrx_word' id='word_1_286' title='bbox 1802 1551 1859 1597; x_wconf 92' lang='lat' dir='ltr'><strong>et</strong></span> <span class='ocrx_word' id='word_1_287' title='bbox 1892 1545 1984 1596; x_wconf 88' lang='lat' dir='ltr'><strong>illa</strong></span> <span class='ocrx_word' id='word_1_288' title='bbox 2003 1561 2034 1595; x_wconf 86' lang='lat' dir='ltr'><strong>a</strong></span> <span class='ocrx_word' id='word_1_289' title='bbox 2054 1545 2174 1595; x_wconf 89' lang='lat' dir='ltr'><strong>Deo</strong></span> <span class='ocrx_word' id='word_1_290' title='bbox 2211 1539 2495 1609; x_wconf 85' lang='lat' dir='ltr'><strong>aliquando</strong></span> <span class='ocrx_word' id='word_1_291' title='bbox 2524 1545 2709 1590; x_wconf 86' lang='lat' dir='ltr'><strong>creata</strong></span> 
     </span>
     <span class='ocr_line' id='line_1_53' title="bbox 1632 1619 2714 1690; baseline -0.006 -14"><span class='ocrx_word' id='word_1_292' title='bbox 1632 1632 1887 1676; x_wconf 75' lang='lat' dir='ltr'><strong>:eternum</strong></span> <span class='ocrx_word' id='word_1_293' title='bbox 1906 1622 2339 1690; x_wconf 83' lang='lat' dir='ltr'><strong>perseverabunt.</strong></span> <span class='ocrx_word' id='word_1_294' title='bbox 2374 1619 2609 1683; x_wconf 82' lang='lat' dir='ltr'><strong>Tempus</strong></span> <span class='ocrx_word' id='word_1_295' title='bbox 2626 1623 2714 1670; x_wconf 78' lang='lat' dir='ltr'><strong>est</strong></span> 
     </span>
     <span class='ocr_line' id='line_1_54' title="bbox 1632 1694 2712 1766; baseline -0.004 -14"><span class='ocrx_word' id='word_1_296' title='bbox 1632 1703 1710 1752; x_wconf 87' lang='lat' dir='ltr'><strong>rei</strong></span> <span class='ocrx_word' id='word_1_297' title='bbox 1747 1717 1846 1752; x_wconf 91' lang='lat' dir='ltr'><strong>nec</strong></span> <span class='ocrx_word' id='word_1_298' title='bbox 1879 1702 1992 1754; x_wconf 86' lang='lat' dir='ltr'><strong>sine</strong></span> <span class='ocrx_word' id='word_1_299' title='bbox 2028 1699 2287 1766; x_wconf 85' lang='lat' dir='ltr'><strong>principio</strong></span> <span class='ocrx_word' id='word_1_300' title='bbox 2321 1712 2420 1750; x_wconf 87' lang='lat' dir='ltr'><strong>nec</strong></span> <span class='ocrx_word' id='word_1_301' title='bbox 2454 1697 2570 1747; x_wconf 84' lang='lat' dir='ltr'><strong>siue</strong></span> <span class='ocrx_word' id='word_1_302' title='bbox 2599 1694 2712 1748; x_wconf 82' lang='lat' dir='ltr'><strong>fine</strong></span> 
     </span>
     <span class='ocr_line' id='line_1_55' title="bbox 1632 1775 2710 1839; baseline -0.004 -11"><span class='ocrx_word' id='word_1_303' title='bbox 1632 1778 1941 1829; x_wconf 80' lang='lat' dir='ltr'><strong>existentis:</strong></span> <span class='ocrx_word' id='word_1_304' title='bbox 1998 1776 2179 1828; x_wconf 84' lang='lat' dir='ltr'><strong>formae</strong></span> <span class='ocrx_word' id='word_1_305' title='bbox 2226 1775 2478 1828; x_wconf 84' lang='lat' dir='ltr'><strong>videlicet</strong></span> <span class='ocrx_word' id='word_1_306' title='bbox 2522 1788 2710 1839; x_wconf 84' lang='lat' dir='ltr'><strong>corpo-</strong></span> 
     </span>
     <span class='ocr_line' id='line_1_56' title="bbox 1631 1850 2713 1922; baseline -0.005 -15"><span class='ocrx_word' id='word_1_307' title='bbox 1631 1870 1758 1920; x_wconf 80' lang='lat' dir='ltr'><strong>reae,</strong></span> <span class='ocrx_word' id='word_1_308' title='bbox 1792 1856 1958 1922; x_wconf 87' lang='lat' dir='ltr'><strong>qualis</strong></span> <span class='ocrx_word' id='word_1_309' title='bbox 1992 1861 2076 1907; x_wconf 84' lang='lat' dir='ltr'><strong>est</strong></span> <span class='ocrx_word' id='word_1_310' title='bbox 2108 1854 2277 1907; x_wconf 80' lang='lat' dir='ltr'><strong>forma</strong></span> <span class='ocrx_word' id='word_1_311' title='bbox 2309 1854 2518 1918; x_wconf 84' lang='lat' dir='ltr'><strong>bestiae,</strong></span> <span class='ocrx_word' id='word_1_312' title='bbox 2538 1850 2713 1903; x_wconf 82' lang='lat' dir='ltr'><strong>forma</strong></span> 
     </span>
     <span class='ocr_line' id='line_1_57' title="bbox 1632 1930 2715 2002; baseline -0.004 -17"><span class='ocrx_word' id='word_1_313' title='bbox 1632 1935 1848 2002; x_wconf 83' lang='lat' dir='ltr'><strong>plantae,</strong></span> <span class='ocrx_word' id='word_1_314' title='bbox 1881 1941 1940 1986; x_wconf 89' lang='lat' dir='ltr'><strong>et</strong></span> <span class='ocrx_word' id='word_1_315' title='bbox 1968 1934 2139 1986; x_wconf 82' lang='lat' dir='ltr'><strong>forma</strong></span> <span class='ocrx_word' id='word_1_316' title='bbox 2157 1947 2433 1999; x_wconf 83' lang='lat' dir='ltr'><strong>corporum</strong></span> <span class='ocrx_word' id='word_1_317' title='bbox 2454 1930 2715 1983; x_wconf 87' lang='lat' dir='ltr'><strong>inanima-</strong></span> 
     </span>
     <span class='ocr_line' id='line_1_58' title="bbox 1634 2007 2716 2075; baseline -0.002 -11"><span class='ocrx_word' id='word_1_318' title='bbox 1634 2021 1837 2066; x_wconf 83' lang='lat' dir='ltr'><strong>torum:</strong></span> <span class='ocrx_word' id='word_1_319' title='bbox 1882 2015 1964 2065; x_wconf 81' lang='lat' dir='ltr'><strong>hae</strong></span> <span class='ocrx_word' id='word_1_320' title='bbox 2004 2013 2137 2065; x_wconf 88' lang='lat' dir='ltr'><strong>euim</strong></span> <span class='ocrx_word' id='word_1_321' title='bbox 2180 2011 2364 2064; x_wconf 77' lang='lat' dir='ltr'><strong>forma:</strong></span> <span class='ocrx_word' id='word_1_322' title='bbox 2414 2016 2477 2061; x_wconf 89' lang='lat' dir='ltr'><strong>ut</strong></span> <span class='ocrx_word' id='word_1_323' title='bbox 2512 2007 2716 2075; x_wconf 77' lang='lat' dir='ltr'><strong>fugatis</strong></span> 
     </span>
     <span class='ocr_line' id='line_1_59' title="bbox 1631 2085 2718 2157; baseline -0.006 -12"><span class='ocrx_word' id='word_1_324' title='bbox 1631 2091 1908 2145; x_wconf 81' lang='lat' dir='ltr'><strong>contrariis</strong></span> <span class='ocrx_word' id='word_1_325' title='bbox 1940 2089 2223 2157; x_wconf 85' lang='lat' dir='ltr'><strong>aliquando</strong></span> <span class='ocrx_word' id='word_1_326' title='bbox 2257 2087 2608 2152; x_wconf 82' lang='lat' dir='ltr'><strong>incoeperunt,</strong></span> <span class='ocrx_word' id='word_1_327' title='bbox 2637 2085 2718 2138; x_wconf 73' lang='lat' dir='ltr'><strong>ita</strong></span> 
     </span>
     <span class='ocr_line' id='line_1_60' title="bbox 1632 2160 2714 2237; baseline -0.008 -16"><span class='ocrx_word' id='word_1_328' title='bbox 1632 2169 1910 2237; x_wconf 87' lang='lat' dir='ltr'><strong>aliquando</strong></span> <span class='ocrx_word' id='word_1_329' title='bbox 1930 2185 1961 2220; x_wconf 98' lang='lat' dir='ltr'><strong>a</strong></span> <span class='ocrx_word' id='word_1_330' title='bbox 1983 2166 2259 2221; x_wconf 81' lang='lat' dir='ltr'><strong>contrariis</strong></span> <span class='ocrx_word' id='word_1_331' title='bbox 2293 2164 2474 2216; x_wconf 82' lang='lat' dir='ltr'><strong>formis</strong></span> <span class='ocrx_word' id='word_1_332' title='bbox 2503 2160 2714 2227; x_wconf 60' lang='lat' dir='ltr'><strong>fugatae</strong></span> 
     </span>
     <span class='ocr_line' id='line_1_61' title="bbox 1628 2242 2715 2314; baseline -0.01 -13"><span class='ocrx_word' id='word_1_333' title='bbox 1628 2253 1967 2301; x_wconf 81' lang='lat' dir='ltr'><strong>evanescent.</strong></span> <span class='ocrx_word' id='word_1_334' title='bbox 2020 2246 2187 2314; x_wconf 85' lang='lat' dir='ltr'><strong>Atqui</strong></span> <span class='ocrx_word' id='word_1_335' title='bbox 2210 2245 2300 2297; x_wconf 84' lang='lat' dir='ltr'><strong>vix</strong></span> <span class='ocrx_word' id='word_1_336' title='bbox 2322 2242 2544 2294; x_wconf 85' lang='lat' dir='ltr'><strong>materia</strong></span> <span class='ocrx_word' id='word_1_337' title='bbox 2565 2256 2715 2292; x_wconf 86' lang='lat' dir='ltr'><strong>mun·</strong></span> 
     </span>
     <span class='ocr_line' id='line_1_62' title="bbox 1632 2320 2713 2387; baseline -0.007 -7"><span class='ocrx_word' id='word_1_338' title='bbox 1632 2328 1686 2380; x_wconf 88' lang='lat' dir='ltr'><strong>di</strong></span> <span class='ocrx_word' id='word_1_339' title='bbox 1705 2327 1849 2380; x_wconf 86' lang='lat' dir='ltr'><strong>facta</strong></span> <span class='ocrx_word' id='word_1_340' title='bbox 1870 2335 1955 2379; x_wconf 85' lang='lat' dir='ltr'><strong>est</strong></span> <span class='ocrx_word' id='word_1_341' title='bbox 1976 2341 2146 2379; x_wconf 65' lang='lat' dir='ltr'><strong>aevum</strong></span> <span class='ocrx_word' id='word_1_342' title='bbox 2165 2324 2429 2387; x_wconf 87' lang='lat' dir='ltr'><strong>habitura,</strong></span> <span class='ocrx_word' id='word_1_343' title='bbox 2451 2336 2571 2374; x_wconf 87' lang='lat' dir='ltr'><strong>cum</strong></span> <span class='ocrx_word' id='word_1_344' title='bbox 2594 2320 2713 2372; x_wconf 79' lang='lat' dir='ltr'><strong>haec</strong></span> 
     </span>
     <span class='ocr_line' id='line_1_63' title="bbox 1634 2398 2710 2476; baseline -0.007 -19"><span class='ocrx_word' id='word_1_345' title='bbox 1634 2406 1946 2476; x_wconf 84' lang='lat' dir='ltr'><strong>quibusdam</strong></span> <span class='ocrx_word' id='word_1_346' title='bbox 1983 2403 2164 2455; x_wconf 88' lang='lat' dir='ltr'><strong>formis</strong></span> <span class='ocrx_word' id='word_1_347' title='bbox 2196 2416 2294 2470; x_wconf 82' lang='lat' dir='ltr'><strong>per</strong></span> <span class='ocrx_word' id='word_1_348' title='bbox 2329 2398 2538 2468; x_wconf 85' lang='lat' dir='ltr'><strong>aliquod</strong></span> <span class='ocrx_word' id='word_1_349' title='bbox 2574 2406 2710 2450; x_wconf 88' lang='lat' dir='ltr'><strong>tem-</strong></span> 
     </span>
     <span class='ocr_line' id='line_1_64' title="bbox 1637 2478 2714 2552; baseline -0.007 -17"><span class='ocrx_word' id='word_1_350' title='bbox 1637 2500 1735 2552; x_wconf 89' lang='lat' dir='ltr'><strong>pus</strong></span> <span class='ocrx_word' id='word_1_351' title='bbox 1770 2483 2033 2535; x_wconf 83' lang='lat' dir='ltr'><strong>duraturis</strong></span> <span class='ocrx_word' id='word_1_352' title='bbox 2053 2484 2211 2548; x_wconf 82' lang='lat' dir='ltr'><strong>juxta</strong></span> <span class='ocrx_word' id='word_1_353' title='bbox 2242 2480 2387 2546; x_wconf 84' lang='lat' dir='ltr'><strong>leges</strong></span> <span class='ocrx_word' id='word_1_354' title='bbox 2420 2478 2598 2529; x_wconf 83' lang='lat' dir='ltr'><strong>divina</strong></span> <span class='ocrx_word' id='word_1_355' title='bbox 2623 2492 2714 2528; x_wconf 86' lang='lat' dir='ltr'><strong>vo·</strong></span> 
     </span>
     <span class='ocr_line' id='line_1_65' title="bbox 1637 2557 2711 2624; baseline -0.007 -10"><span class='ocrx_word' id='word_1_356' title='bbox 1637 2566 1841 2616; x_wconf 88' lang='lat' dir='ltr'><strong>luntate</strong></span> <span class='ocrx_word' id='word_1_357' title='bbox 1864 2563 2112 2624; x_wconf 87' lang='lat' dir='ltr'><strong>sancitas,</strong></span> <span class='ocrx_word' id='word_1_358' title='bbox 2135 2560 2328 2612; x_wconf 80' lang='lat' dir='ltr'><strong>affecta</strong></span> <span class='ocrx_word' id='word_1_359' title='bbox 2359 2557 2488 2610; x_wconf 84' lang='lat' dir='ltr'><strong>fuit:</strong></span> <span class='ocrx_word' id='word_1_360' title='bbox 2531 2570 2711 2624; x_wconf 88' lang='lat' dir='ltr'><strong>quam-</strong></span> 
     </span>
     <span class='ocr_line' id='line_1_66' title="bbox 1637 2635 2709 2705; baseline -0.007 -12"><span class='ocrx_word' id='word_1_361' title='bbox 1637 2641 1815 2693; x_wconf 88' lang='lat' dir='ltr'><strong>obrem</strong></span> <span class='ocrx_word' id='word_1_362' title='bbox 1860 2641 2006 2691; x_wconf 87' lang='lat' dir='ltr'><strong>Deus</strong></span> <span class='ocrx_word' id='word_1_363' title='bbox 2051 2639 2068 2668; x_wconf 89' lang='lat'>‘</span> <span class='ocrx_word' id='word_1_364' title='bbox 2095 2645 2302 2705; x_wconf 87' lang='lat' dir='ltr'><strong>tempus</strong></span> <span class='ocrx_word' id='word_1_365' title='bbox 2347 2636 2413 2687; x_wconf 93' lang='lat' dir='ltr'><strong>ab</strong></span> <span class='ocrx_word' id='word_1_366' title='bbox 2462 2650 2579 2686; x_wconf 80' lang='lat' dir='ltr'><strong>aevo</strong></span> <span class='ocrx_word' id='word_1_367' title='bbox 2618 2635 2709 2686; x_wconf 86' lang='lat' dir='ltr'><strong>Ire</strong></span> 
     </span>
     <span class='ocr_line' id='line_1_67' title="bbox 1626 2718 1822 2786; baseline -0.015 -15"><span class='ocrx_word' id='word_1_368' title='bbox 1626 2718 1822 2786; x_wconf 64' lang='lat' dir='ltr'><strong>jubet!</strong></span> 
     </span>
    </p>

    <p class='ocr_par' dir='ltr' id='par_1_12' title="bbox 1618 2796 2710 4031">
     <span class='ocr_line' id='line_1_68' title="bbox 1699 2796 2703 2863; baseline -0.006 -15"><span class='ocrx_word' id='word_1_369' title='bbox 1699 2807 1723 2833; x_wconf 76' lang='lat'><strong>¹¹</strong></span> <span class='ocrx_word' id='word_1_370' title='bbox 1746 2796 2039 2863; x_wconf 71' lang='lat' dir='ltr'><strong>Stabilisque</strong></span> <span class='ocrx_word' id='word_1_371' title='bbox 2059 2811 2253 2846; x_wconf 77' lang='lat' dir='ltr'><strong>manens</strong></span> <span class='ocrx_word' id='word_1_372' title='bbox 2284 2797 2372 2846; x_wconf 83' lang='lat' dir='ltr'><strong>das</strong></span> <span class='ocrx_word' id='word_1_373' title='bbox 2398 2797 2572 2844; x_wconf 78' lang='lat' dir='ltr'><strong>cuncta</strong></span> <span class='ocrx_word' id='word_1_374' title='bbox 2606 2809 2703 2843; x_wconf 85' lang='lat' dir='ltr'><strong>mo-</strong></span> 
     </span>
     <span class='ocr_line' id='line_1_69' title="bbox 1629 2872 2709 2941; baseline -0.006 -13"><span class='ocrx_word' id='word_1_375' title='bbox 1629 2877 1758 2941; x_wconf 74' lang='lat' dir='ltr'><strong>ueri]</strong></span> <span class='ocrx_word' id='word_1_376' title='bbox 1816 2876 1966 2927; x_wconf 87' lang='lat' dir='ltr'><strong>Dens</strong></span> <span class='ocrx_word' id='word_1_377' title='bbox 2007 2874 2201 2925; x_wconf 86' lang='lat' dir='ltr'><strong>etenim</strong></span> <span class='ocrx_word' id='word_1_378' title='bbox 2245 2872 2489 2924; x_wconf 88' lang='lat' dir='ltr'><strong>immotus</strong></span> <span class='ocrx_word' id='word_1_379' title='bbox 2533 2872 2709 2922; x_wconf 82' lang='lat' dir='ltr'><strong>omnia</strong></span> 
     </span>
     <span class='ocr_line' id='line_1_70' title="bbox 1631 2950 2709 3019; baseline -0.005 -14"><span class='ocrx_word' id='word_1_380' title='bbox 1631 2961 1826 3005; x_wconf 82' lang='lat' dir='ltr'><strong>movet.</strong></span> <span class='ocrx_word' id='word_1_381' title='bbox 1893 2952 2124 3003; x_wconf 89' lang='lat' dir='ltr'><strong>Primum</strong></span> <span class='ocrx_word' id='word_1_382' title='bbox 2150 2951 2358 3019; x_wconf 85' lang='lat' dir='ltr'><strong>quidem</strong></span> <span class='ocrx_word' id='word_1_383' title='bbox 2393 2950 2569 3002; x_wconf 85' lang='lat' dir='ltr'><strong>omnia</strong></span> <span class='ocrx_word' id='word_1_384' title='bbox 2591 2965 2709 3016; x_wconf 77' lang='lat' dir='ltr'><strong>quae</strong></span> 
     </span>
     <span class='ocr_line' id='line_1_71' title="bbox 1630 3031 2708 3097; baseline -0.003 -16"><span class='ocrx_word' id='word_1_385' title='bbox 1630 3037 1929 3097; x_wconf 78' lang='lat' dir='ltr'><strong>moventur,</strong></span> <span class='ocrx_word' id='word_1_386' title='bbox 1952 3047 1983 3081; x_wconf 85' lang='lat' dir='ltr'><strong>a</strong></span> <span class='ocrx_word' id='word_1_387' title='bbox 2004 3031 2123 3082; x_wconf 88' lang='lat' dir='ltr'><strong>Deo</strong></span> <span class='ocrx_word' id='word_1_388' title='bbox 2144 3037 2457 3082; x_wconf 84' lang='lat' dir='ltr'><strong>moveantur</strong></span> <span class='ocrx_word' id='word_1_389' title='bbox 2489 3041 2708 3080; x_wconf 85' lang='lat' dir='ltr'><strong>necesse</strong></span> 
     </span>
     <span class='ocr_line' id='line_1_72' title="bbox 1630 3104 2710 3171; baseline -0.002 -15"><span class='ocrx_word' id='word_1_390' title='bbox 1630 3112 1742 3158; x_wconf 90' lang='lat' dir='ltr'><strong>est:</strong></span> <span class='ocrx_word' id='word_1_391' title='bbox 1778 3122 1896 3158; x_wconf 89' lang='lat' dir='ltr'><strong>cum</strong></span> <span class='ocrx_word' id='word_1_392' title='bbox 1919 3106 2061 3158; x_wconf 88' lang='lat' dir='ltr'><strong>enim</strong></span> <span class='ocrx_word' id='word_1_393' title='bbox 2082 3114 2256 3158; x_wconf 87' lang='lat' dir='ltr'><strong>motus</strong></span> <span class='ocrx_word' id='word_1_394' title='bbox 2279 3105 2408 3157; x_wconf 85' lang='lat' dir='ltr'><strong>nihil</strong></span> <span class='ocrx_word' id='word_1_395' title='bbox 2442 3105 2513 3155; x_wconf 87' lang='lat' dir='ltr'><strong>sit</strong></span> <span class='ocrx_word' id='word_1_396' title='bbox 2547 3104 2710 3171; x_wconf 85' lang='lat' dir='ltr'><strong>aliud,</strong></span> 
     </span>
     <span class='ocr_line' id='line_1_73' title="bbox 1630 3184 2707 3251; baseline 0.002 -18"><span class='ocrx_word' id='word_1_397' title='bbox 1630 3200 1785 3251; x_wconf 88' lang='lat' dir='ltr'><strong>quam</strong></span> <span class='ocrx_word' id='word_1_398' title='bbox 1823 3200 2013 3251; x_wconf 82' lang='lat' dir='ltr'><strong>corpus</strong></span> <span class='ocrx_word' id='word_1_399' title='bbox 2050 3185 2189 3251; x_wconf 83' lang='lat' dir='ltr'><strong>quod</strong></span> <span class='ocrx_word' id='word_1_400' title='bbox 2225 3199 2321 3235; x_wconf 85' lang='lat' dir='ltr'><strong>sua</strong></span> <span class='ocrx_word' id='word_1_401' title='bbox 2361 3184 2707 3236; x_wconf 82' lang='lat' dir='ltr'><strong>extremitate</strong></span> 
     </span>
     <span class='ocr_line' id='line_1_74' title="bbox 1629 3263 2707 3330; baseline 0.002 -17"><span class='ocrx_word' id='word_1_402' title='bbox 1629 3263 2021 3316; x_wconf 81' lang='lat' dir='ltr'><strong>extremitatem</strong></span> <span class='ocrx_word' id='word_1_403' title='bbox 2059 3263 2231 3330; x_wconf 85' lang='lat' dir='ltr'><strong>tangit</strong></span> <span class='ocrx_word' id='word_1_404' title='bbox 2261 3263 2529 3328; x_wconf 83' lang='lat' dir='ltr'><strong>majorem,</strong></span> <span class='ocrx_word' id='word_1_405' title='bbox 2553 3263 2621 3315; x_wconf 87' lang='lat' dir='ltr'><strong>ab</strong></span> <span class='ocrx_word' id='word_1_406' title='bbox 2644 3278 2707 3315; x_wconf 87' lang='lat' dir='ltr'><strong>eo</strong></span> 
     </span>
     <span class='ocr_line' id='line_1_75' title="bbox 1631 3342 2709 3408; baseline -0.001 -16"><span class='ocrx_word' id='word_1_407' title='bbox 1631 3342 1829 3393; x_wconf 83' lang='lat' dir='ltr'><strong>habent</strong></span> <span class='ocrx_word' id='word_1_408' title='bbox 1866 3343 2039 3394; x_wconf 88' lang='lat' dir='ltr'><strong>omnia</strong></span> <span class='ocrx_word' id='word_1_409' title='bbox 2079 3350 2139 3393; x_wconf 89' lang='lat' dir='ltr'><strong>ut</strong></span> <span class='ocrx_word' id='word_1_410' title='bbox 2180 3349 2507 3404; x_wconf 85' lang='lat' dir='ltr'><strong>moveantur,</strong></span> <span class='ocrx_word' id='word_1_411' title='bbox 2541 3358 2574 3392; x_wconf 86' lang='lat' dir='ltr'><strong>a</strong></span> <span class='ocrx_word' id='word_1_412' title='bbox 2607 3356 2709 3408; x_wconf 89' lang='lat' dir='ltr'><strong>quo</strong></span> 
     </span>
     <span class='ocr_line' id='line_1_76' title="bbox 1630 3420 2707 3486; baseline -0.001 -16"><span class='ocrx_word' id='word_1_413' title='bbox 1630 3420 1828 3471; x_wconf 83' lang='lat' dir='ltr'><strong>habent</strong></span> <span class='ocrx_word' id='word_1_414' title='bbox 1864 3421 2001 3486; x_wconf 83' lang='lat' dir='ltr'><strong>quod</strong></span> <span class='ocrx_word' id='word_1_415' title='bbox 2042 3428 2097 3471; x_wconf 90' lang='lat' dir='ltr'><strong>et</strong></span> <span class='ocrx_word' id='word_1_416' title='bbox 2137 3420 2565 3472; x_wconf 79' lang='lat' dir='ltr'><strong>extremitatibus</strong></span> <span class='ocrx_word' id='word_1_417' title='bbox 2605 3421 2707 3470; x_wconf 88' lang='lat' dir='ltr'><strong>cir-</strong></span> 
     </span>
     <span class='ocr_line' id='line_1_77' title="bbox 1632 3497 2708 3563; baseline -0.003 -14"><span class='ocrx_word' id='word_1_418' title='bbox 1632 3497 2069 3563; x_wconf 84' lang='lat' dir='ltr'><strong>cumscribantur,</strong></span> <span class='ocrx_word' id='word_1_419' title='bbox 2085 3506 2141 3549; x_wconf 88' lang='lat' dir='ltr'><strong>et</strong></span> <span class='ocrx_word' id='word_1_420' title='bbox 2159 3498 2586 3549; x_wconf 81' lang='lat' dir='ltr'><strong>extremitatibus</strong></span> <span class='ocrx_word' id='word_1_421' title='bbox 2600 3498 2708 3549; x_wconf 86' lang='lat' dir='ltr'><strong>suis</strong></span> 
     </span>
     <span class='ocr_line' id='line_1_78' title="bbox 1629 3574 2708 3642; baseline -0.003 -14"><span class='ocrx_word' id='word_1_422' title='bbox 1629 3576 1857 3641; x_wconf 78' lang='lat' dir='ltr'><strong>majores</strong></span> <span class='ocrx_word' id='word_1_423' title='bbox 1907 3582 2128 3642; x_wconf 82' lang='lat' dir='ltr'><strong>tangant</strong></span> <span class='ocrx_word' id='word_1_424' title='bbox 2171 3576 2569 3627; x_wconf 80' lang='lat' dir='ltr'><strong>extremitates:</strong></span> <span class='ocrx_word' id='word_1_425' title='bbox 2615 3574 2708 3626; x_wconf 84' lang='lat' dir='ltr'><strong>sed</strong></span> 
     </span>
     <span class='ocr_line' id='line_1_79' title="bbox 1632 3652 2707 3719; baseline -0.002 -14"><span class='ocrx_word' id='word_1_426' title='bbox 1632 3652 1686 3705; x_wconf 87' lang='lat' dir='ltr'><strong>id</strong></span> <span class='ocrx_word' id='word_1_427' title='bbox 1720 3669 1823 3705; x_wconf 86' lang='lat' dir='ltr'><strong>non</strong></span> <span class='ocrx_word' id='word_1_428' title='bbox 1862 3663 2083 3719; x_wconf 84' lang='lat' dir='ltr'><strong>possunt</strong></span> <span class='ocrx_word' id='word_1_429' title='bbox 2108 3653 2304 3705; x_wconf 87' lang='lat' dir='ltr'><strong>habere</strong></span> <span class='ocrx_word' id='word_1_430' title='bbox 2335 3653 2433 3703; x_wconf 86' lang='lat' dir='ltr'><strong>nisi</strong></span> <span class='ocrx_word' id='word_1_431' title='bbox 2461 3653 2528 3703; x_wconf 88' lang='lat' dir='ltr'><strong>ab</strong></span> <span class='ocrx_word' id='word_1_432' title='bbox 2563 3668 2648 3717; x_wconf 90' lang='lat' dir='ltr'><strong>eo,</strong></span> <span class='ocrx_word' id='word_1_433' title='bbox 2677 3667 2707 3702; x_wconf 85' lang='lat' dir='ltr'><strong>a</strong></span> 
     </span>
     <span class='ocr_line' id='line_1_80' title="bbox 1631 3731 2703 3798; baseline -0.001 -17"><span class='ocrx_word' id='word_1_434' title='bbox 1631 3747 1735 3798; x_wconf 89' lang='lat' dir='ltr'><strong>quo</strong></span> <span class='ocrx_word' id='word_1_435' title='bbox 1759 3742 1817 3782; x_wconf 89' lang='lat' dir='ltr'><strong>ut</strong></span> <span class='ocrx_word' id='word_1_436' title='bbox 1838 3737 2086 3783; x_wconf 84' lang='lat' dir='ltr'><strong>creantur</strong></span> <span class='ocrx_word' id='word_1_437' title='bbox 2106 3731 2182 3782; x_wconf 90' lang='lat' dir='ltr'><strong>sic</strong></span> <span class='ocrx_word' id='word_1_438' title='bbox 2198 3738 2599 3794; x_wconf 78' lang='lat' dir='ltr'><strong>conservantur,</strong></span> <span class='ocrx_word' id='word_1_439' title='bbox 2617 3747 2703 3781; x_wconf 90' lang='lat' dir='ltr'><strong>cu·</strong></span> 
     </span>
     <span class='ocr_line' id='line_1_81' title="bbox 1618 3807 2704 3876; baseline -0.003 -15"><span class='ocrx_word' id='word_1_440' title='bbox 1618 3809 1852 3876; x_wconf 83' lang='lat' dir='ltr'><strong>jusmodi</strong></span> <span class='ocrx_word' id='word_1_441' title='bbox 1873 3816 1956 3860; x_wconf 85' lang='lat' dir='ltr'><strong>est</strong></span> <span class='ocrx_word' id='word_1_442' title='bbox 1972 3809 2110 3859; x_wconf 87' lang='lat' dir='ltr'><strong>solus</strong></span> <span class='ocrx_word' id='word_1_443' title='bbox 2133 3810 2293 3860; x_wconf 87' lang='lat' dir='ltr'><strong>Dens.</strong></span> <span class='ocrx_word' id='word_1_444' title='bbox 2328 3807 2536 3858; x_wconf 88' lang='lat' dir='ltr'><strong>Deinde</strong></span> <span class='ocrx_word' id='word_1_445' title='bbox 2557 3809 2704 3859; x_wconf 86' lang='lat' dir='ltr'><strong>Deus</strong></span> 
     </span>
     <span class='ocr_line' id='line_1_82' title="bbox 1630 3885 2706 3937; baseline -0.001 0"><span class='ocrx_word' id='word_1_446' title='bbox 1630 3886 1890 3937; x_wconf 82' lang='lat' dir='ltr'><strong>movendo</strong></span> <span class='ocrx_word' id='word_1_447' title='bbox 1921 3885 2093 3936; x_wconf 83' lang='lat' dir='ltr'><strong>omnia</strong></span> <span class='ocrx_word' id='word_1_448' title='bbox 2124 3885 2376 3936; x_wconf 87' lang='lat' dir='ltr'><strong>immotus·</strong></span> <span class='ocrx_word' id='word_1_449' title='bbox 2395 3893 2603 3937; x_wconf 86' lang='lat' dir='ltr'><strong>manet:</strong></span> <span class='ocrx_word' id='word_1_450' title='bbox 2639 3885 2706 3936; x_wconf 86' lang='lat' dir='ltr'><strong>si·</strong></span> 
     </span>
     <span class='ocr_line' id='line_1_83' title="bbox 1628 3960 2704 4031; baseline -0.003 -16"><span class='ocrx_word' id='word_1_451' title='bbox 1628 3964 1839 4031; x_wconf 87' lang='lat' dir='ltr'><strong>quidem</strong></span> <span class='ocrx_word' id='word_1_452' title='bbox 1867 3966 2016 4016; x_wconf 81' lang='lat' dir='ltr'><strong>Deus</strong></span> <span class='ocrx_word' id='word_1_453' title='bbox 2038 3971 2118 4014; x_wconf 80' lang='lat' dir='ltr'><strong>est</strong></span> <span class='ocrx_word' id='word_1_454' title='bbox 2136 3978 2282 4017; x_wconf 84' lang='lat' dir='ltr'><strong>mens</strong></span> <span class='ocrx_word' id='word_1_455' title='bbox 2301 3960 2704 4028; x_wconf 82' lang='lat' dir='ltr'><strong>perfectissima.</strong></span> 
     </span>
    </p>
   </div>
   <div class='ocr_carea' id='block_1_10' title="bbox 1624 4040 2809 4107">
    <p class='ocr_par' dir='ltr' id='par_1_13' title="bbox 1624 4040 2809 4107">
     <span class='ocr_line' id='line_1_84' title="bbox 1624 4040 2809 4107; baseline -0.004 -13"><span class='ocrx_word' id='word_1_456' title='bbox 1624 4043 1909 4095; x_wconf 66' lang='lat' dir='ltr'><strong>Malachiae</strong></span> <span class='ocrx_word' id='word_1_457' title='bbox 1944 4047 1995 4093; x_wconf 78' lang='grc'><strong>3.</strong></span> <span class='ocrx_word' id='word_1_458' title='bbox 2038 4043 2055 4071; x_wconf 89' lang='lat'>‘</span> <span class='ocrx_word' id='word_1_459' title='bbox 2081 4042 2198 4107; x_wconf 13' lang='lat' dir='ltr'><strong>Ego*</strong></span> <span class='ocrx_word' id='word_1_460' title='bbox 2230 4040 2487 4095; x_wconf 85' lang='lat' dir='ltr'><strong>Dominus</strong></span> <span class='ocrx_word' id='word_1_461' title='bbox 2514 4047 2573 4090; x_wconf 88' lang='lat' dir='ltr'><strong>et</strong></span> <span class='ocrx_word' id='word_1_462' title='bbox 2604 4054 2703 4090; x_wconf 87' lang='lat' dir='ltr'><strong>non</strong></span> <span class='ocrx_word' id='word_1_463' title='bbox 2805 4090 2809 4095; x_wconf 68' lang='grc'>,</span> 
     </span>
    </p>
   </div>
   <div class='ocr_carea' id='block_1_11' title="bbox 1625 4117 2766 4331">
    <p class='ocr_par' dir='ltr' id='par_1_14' title="bbox 1625 4117 2766 4331">
     <span class='ocr_line' id='line_1_85' title="bbox 1625 4117 2706 4183; baseline -0.001 -13"><span class='ocrx_word' id='word_1_464' title='bbox 1625 4120 1846 4177; x_wconf 76' lang='lat' dir='ltr'><strong>mutorz&#39;</strong></span> <span class='ocrx_word' id='word_1_465' title='bbox 1863 4121 1900 4174; x_wconf 84' lang='lat' dir='ltr'>J</span> <span class='ocrx_word' id='word_1_466' title='bbox 1904 4119 2054 4170; x_wconf 79' lang='lat' dir='ltr'><strong>acobi</strong></span> <span class='ocrx_word' id='word_1_467' title='bbox 2074 4124 2123 4179; x_wconf 82' lang='lat'><strong>1.</strong></span> <span class='ocrx_word' id='word_1_468' title='bbox 2147 4119 2164 4145; x_wconf 89' lang='lat'>‘</span> <span class='ocrx_word' id='word_1_469' title='bbox 2183 4117 2321 4182; x_wconf 87' lang='lat' dir='ltr'><strong>apud</strong></span> <span class='ocrx_word' id='word_1_470' title='bbox 2336 4132 2490 4183; x_wconf 86' lang='lat' dir='ltr'><strong>quem</strong></span> <span class='ocrx_word' id='word_1_471' title='bbox 2506 4122 2610 4167; x_wconf 84' lang='lat' dir='ltr'><strong>uon</strong></span> <span class='ocrx_word' id='word_1_472' title='bbox 2624 4123 2706 4169; x_wconf 88' lang='lat' dir='ltr'><strong>est</strong></span> 
     </span>
     <span class='ocr_line' id='line_1_86' title="bbox 1629 4194 2766 4264; baseline -0.004 -16"><span class='ocrx_word' id='word_1_473' title='bbox 1629 4198 2126 4264; x_wconf 80' lang='lat' dir='ltr'><strong>transmutatio‚nec</strong></span> <span class='ocrx_word' id='word_1_474' title='bbox 2144 4194 2515 4248; x_wconf 80' lang='lat' dir='ltr'><strong>vicissitudinis</strong></span> <span class='ocrx_word' id='word_1_475' title='bbox 2528 4195 2706 4248; x_wconf 85' lang='lat' dir='ltr'><strong>obum-</strong></span> <span class='ocrx_word' id='word_1_476' title='bbox 2760 4234 2766 4243; x_wconf 93' lang='lat'><strong>.</strong></span> 
     </span>
     <span class='ocr_line' id='line_1_87' title="bbox 1631 4273 1842 4331; baseline 0 -4"><span class='ocrx_word' id='word_1_477' title='bbox 1631 4273 1842 4331; x_wconf 82' lang='lat' dir='ltr'><strong>bratio.’</strong></span> 
     </span>
    </p>
   </div>
  </div>
 </body>
</html>
