3049 4928
1019 411 1547 464 Pul-honoratus
1594 413 1737 463 mn.
1780 409 1837 465 ἱ.

2402 399 2531 467 los

321 554 506 626 nem¹
548 562 741 637 vero,
788 566 996 643 atque
1033 558 1568 637 ¹Gaudentium,¹¹²
1632 579 1783 626 cum
1842 559 1932 626 ob
1978 557 2279 646 injurias,
2305 568 2531 647 ,satque

321 662 737 747 multiplices
773 662 1041 729 fraudes
1060 663 1109 711 ¹⁵
1152 663 1249 728 ire
1300 663 1370 728 in
1417 664 1702 730 exilium
1732 663 1921 749 regia
1938 683 2223 731 censura
2238 675 2261 703 ⁸
2282 664 2530 731 decre:-

322 765 559 844 visset‚
590 785 879 852 cumque
907 766 1027 832 illi
1068 785 1299 852 parere
1342 767 1646 835 nolentes
1692 787 2033 834 sacrarum
2065 766 2530 834 seseaedium?

323 865 715 933 defensione
729 876 759 906 ¹²
781 874 1145 950 tuerentur,
1174 877 1725 956 compertumque
1751 871 1822 936 id
1841 870 2019 956 Regi
2033 883 2065 911 ¹⁸
2088 870 2312 953 foret,⁰
2336 867 2549 938 edim-⁷

383 1044 402 1069 ι
436 1035 671 1085 Edictum
706 1034 957 1102 principis.

1252 1150 1341 1170 m

1087 1039 1108 1070 ³
1142 1036 1345 1102 Templis
1378 1038 1507 1088 velut
1550 1039 1713 1104 asylis.

1815 1041 1871 1073 *υ
1908 1038 2208 1092 meamea.
2300 1011 2303 1014 ’

319 1209 375 1264 e't
406 1214 530 1266 edd·-
556 1213 608 1266 N
614 1214 802 1268 orimb.
845 1216 1040 1282 Delph.
1077 1217 1247 1269 Hack.
1291 1188 1563 1269 innumeras
1600 1218 1970 1284 multiplicesque
1992 1219 2213 1278 fraudes.
2281 1218 2529 1269 Nostram

1317 1348 1535 1402 NOTAE

317 1442 462 1493 silius
504 1444 586 1494 vir
625 1445 928 1509 spectabilis
964 1444 1100 1496 datis
1140 1446 1386 1511 precibus

319 1520 605 1584 intimavit,
626 1521 908 1587 Agapitam
943 1523 1218 1587 conjugem
1242 1538 1385 1574 suam

315 1595 382 1647 de
419 1598 649 1661 propriis
687 1598 961 1663 penatibus
994 1613 1027 1649 a
1062 1599 1386 1664 quibusdam,

315 1674 443 1723 vitio
484 1674 868 1737 solicitationis,
935 1674 1225 1725 abductam.
1315 1678 1385 1728 Et

314 1753 459 1801 certe
482 1752 538 1802 in
564 1752 643 1802 his
667 1760 873 1804 versata
898 1754 1052 1805 rebus
1072 1753 1274 1804 firmum
1295 1754 1385 1807 do·

314 1834 466 1878 cetur
498 1830 795 1894 perdidisse
825 1831 1115 1883 consilium.
1169 1832 1309 1884 Quid
1331 1848 1384 1884 e·

316 1905 420 1955 nim
440 1903 619 1957 facere
644 1907 816 1972 potuit
837 1908 1075 1973 probum,
1095 1925 1212 1976 qnae
1231 1911 1385 1960 nullis

313 1983 482 2048 culpis
517 1986 823 2037 extantibus
853 1987 1067 2052 reliquit
1089 1989 1330 2038 maritum
1345 1988 1383 2039 Ρ

313 2062 672 2126 vituperatur
704 2078 827 2114 vero
863 2064 1067 2116 Variar.
1090 2066 1125 2116 l.
1168 2080 1245 2117 rv.
1273 2074 1380 2117 tum

311 2136 484 2202 Epist.
506 2141 593 2190 22.
616 2137 709 2188 ubi
730 2139 844 2203 ipse
862 2140 1222 2194 Theudoricus
1248 2143 1382 2195 dicit

311 2212 328 2240 ⁸
358 2212 617 2264 Basilinm
650 2221 705 2264 et
736 2215 1123 2267 Praetextatum
1151 2219 1279 2270 artis
1314 2219 1381 2269 si-

310 2289 490 2340 nistrae
504 2291 620 2354 jam
642 2291 733 2341 din
765 2294 1081 2358 contagione
1115 2295 1381 2359 pollutos,'

311 2369 421 2415 tuin
444 2367 555 2430 Ep.
571 2371 654 2417 23.
669 2367 756 2417 ubi
769 2368 906 2419 idem
928 2370 1170 2435 princeps
1192 2372 1209 2399 ‘
1235 2372 1382 2422 Prte-

309 2440 511 2494 l'ectnm
534 2443 677 2495 urbis
698 2443 995 2498 declarasse
1029 2446 1282 2499 Basiliam
1304 2456 1381 2502 at·

310 2535 409 2587 que
432 2522 826 2574 Praetextatum
848 2524 1063 2589 magicis
1080 2524 1280 2576 artibus
1303 2527 1380 2577 in·

311 2597 520 2650 volutos
538 2598 554 2623 ’
592 2599 790 2651 scribit.
855 2601 913 2651 si
947 2600 1122 2652 autem
1156 2604 1380 2656 Basilius

309 2672 394 2725 hic
426 2674 572 2725 idem
606 2673 788 2740 fuerit,
809 2678 900 2742 qui
933 2693 1072 2730 nunc
1103 2692 1135 2728 a
1156 2680 1381 2731 Boethio

309 2750 627 2815 nominatur,
663 2753 839 2816 potuit
874 2761 1095 2819 propter
1126 2757 1142 2784 ‘
1164 2757 1379 2822 magiae’

309 2826 508 2878 crimen
547 2827 564 2854 ‘
587 2829 760 2893 regio·
792 2830 1082 2882 ministerio
1124 2831 1326 2897 depelli
1345 2833 1381 2884 ε’

309 2904 448 2955 unde
489 2907 508 2935 ‘
535 2906 694 2956 alieni
739 2908 858 2957 aeris
899 2910 1226 2974 necessitas:
1277 2926 1381 2977 qna

307 2980 592 3033 Boethium
614 2982 805 3047 injuria
821 2984 1030 3037 detulit.

373 3057 388 3090 ¹
420 3059 717 3123 Opilionem]
750 3061 872 3112 Fuit
907 3062 1087 3129 Opilio
1120 3072 1293 3129 pater,
1320 3074 1380 3119 et

309 3135 493 3200 Opilio
527 3134 685 3186 filius.
751 3137 929 3203 Prior,
950 3147 1010 3190 nt
1042 3142 1119 3191 ait
1150 3141 1377 3193 Sirmon-

305 3210 424 3274 dus,
468 3224 645 3263 comes
699 3227 963 3265 sacrarum
1020 3217 1379 3281 largitionum

304 3286 484 3341 fuerat
521 3289 619 3341 sub
664 3290 931 3357 Odoacre,
967 3293 1107 3359 quod
1144 3294 1378 3347 indicare

305 3364 517 3416 videtur
545 3365 895 3419 Theodericus
932 3370 1074 3435 apud
1110 3372 1380 3424 Cassiodo-

307 3456 422 3492 rum
453 3442 661 3495 Variar.
694 3445 734 3494 l.
763 3459 817 3495 v.
846 3447 947 3510 Ep.
983 3451 1067 3497 41.
1132 3450 1148 3477 ‘
1175 3448 1377 3501 Gloria·

309 3520 431 3583 tur,'
463 3520 655 3586 inquit,
700 3522 993 3586 Cyprianus
1035 3526 1229 3576 ‘etiam
1269 3542 1374 3579 non

308 3603 548 3649 extrema
591 3600 708 3649 lnce
743 3601 1025 3653 natalium:
1060 3618 1180 3655 nam
1224 3613 1378 3670 pater

306 3675 446 3740 huic,
488 3675 631 3726 sicut
670 3678 999 3743 meministis,
1041 3680 1222 3746 Opilio
1257 3682 1376 3749 fuit,

307 3751 383 3802 vir
425 3752 641 3818 quidem
672 3754 897 3819 abjectis
938 3759 1262 3822 temporibus
1302 3761 1372 3810 ad

309 3828 558 3879 excubias
603 3836 779 3881 tamen
799 3833 1105 3891 ..Palatinas
1152 3838 1372 3890 electus.

310 3906 413 3958 Qui
452 3907 618 3958 multo
654 3909 878 3974 amplius
910 3925 1151 3963 crescere
1184 3915 1374 3979 potuit,

312 3982 411 4032 nisi
442 3982 578 4035 fides
614 3985 716 4035 sub
746 3987 1043 4039 avidissima
1081 4005 1374 4043 remunera·

311 4058 465 4109 tionis
507 4060 792 4113 sterilitate
822 4062 1116 4128 jacuisset)
1187 4067 1376 4120 Poste·

314 4132 418 4185 rior
449 4150 594 4200 vero,
610 4134 778 4189 frater
802 4139 953 4204 hujus
986 4141 1250 4207 Cypriani,
1271 4159 1375 4196 non

316 4222 464 4262 secus
484 4228 549 4264 ac
573 4221 728 4278 pater
747 4214 1031 4284 fraterque,
1050 4220 1116 4271 ad
1139 4220 1276 4272 idem
1298 4237 1374 4274 sa-

320 4300 516 4342 crarum
550 4291 909 4356 Largitionum
932 4296 1139 4349 culmen
1162 4304 1376 4351 evectus

1449 1451 1582 1507 ‘est3
1616 1445 1710 1497 sed
1736 1452 1854 1511 post
1883 1449 2102 1495 mortem
2136 1443 2362 1507 Boethii,
2383 1443 2532 1496 nimi·

1467 1540 1581 1575 rum
1626 1525 1723 1576 sub
1774 1524 2099 1584 Athalarico,
2151 1535 2287 1572 anno
2336 1520 2534 1574 Christi

1467 1606 1584 1653 528.
1651 1600 1805 1653 Unde
1847 1600 1985 1652 idem
2022 1587 2531 1664 Athalaricusapud

1469 1678 1834 1730 Cassiodorum
1878 1679 2004 1728 Var.
2047 1678 2089 1729 l.
2132 1689 2260 1726 vm.
2303 1677 2531 1740 Ep.·16.

1467 1772 1583 1822 quae
1602 1756 1918 1806 ¹inscribitur
1938 1755 1954 1783 ‘
1973 1752 2203 1818 Opilioni
2240 1751 2419 1802 comiti
2451 1766 2534 1802 sa·

1464 1833 1709 1898 orarum,’
1750 1834 1827 1886 sic
1870 1832 2135 1898 loquiturz
2168 1831 2185 1858 ‘
2208 1844 2389 1881 secure
2436 1828 2533 1880 tibi

1462 1911 1723 1961 credimus
1742 1909 1880 1975 qnod
1898 1908 2055 1959 toties
2078 1914 2168 1959 tuo
2191 1907 2372 1971 generi
2393 1921 2533 1957 com·

1461 1987 1674 2037 missum
1697 1986 1860 2037 fuisse
1895 1984 2201 2050 gaudemus.
2267 1983 2432 2034 Pater
2453 1983 2532 2033 his

1461 2062 1691 2114 fascibus
1715 2061 1951 2127 praefuit,
1969 2060 2061 2110 sed
2085 2065 2142 2109 et
2161 2058 2329 2111 frater
2346 2057 2532 2108 eadem

1461 2140 1791 2206 resplenduit
1824 2139 2064 2191 claritate
2079 2136 2114 2189 ε’
2148 2135 2288 2203 quod
2317 2148 2421 2186 non
2442 2133 2534 2184 ob-

1462 2224 1571 2269 stat
1592 2220 1718 2285 quin
1737 2219 1822 2269 liic
1844 2215 2026 2282 Opilio
2056 2213 2216 2278 filius,
2236 2229 2269 2264 a
2288 2211 2531 2263 Theodo-

1463 2296 1593 2358 rico,
1625 2297 1727 2347 ‘ob
1770 2296 2067 2346 innumeras
2111 2289 2532 2364 multiplicesque

1461 2370 1699 2435 fraudes,
1714 2372 1780 2423 ad
1794 2371 2009 2422 exilium
2025 2368 2040 2392 ’
2059 2368 2334 2419 damnatus
2352 2366 2532 2432 fuerit,
2552 2381 2571 2430 J

1462 2462 1567 2499 una
1586 2463 1703 2500 cum
1727 2446 2049 2503 Gaudentio.

1526 2535 1563 2562 ¹¹¹
1599 2526 1947 2591 Gaudentium]
2005 2525 2336 2577 Gaudentius
2378 2525 2531 2576 homo

1463 2603 1552 2652 vix
1573 2611 1726 2654 notus
1749 2603 1851 2653 nisi
1883 2603 1990 2653 suis
2023 2600 2316 2664 fraudibus,
2334 2616 2533 2668 suaque

1460 2679 1561 2731 hac
1579 2681 1759 2745 iniqua
1780 2679 1991 2730 Boethii
2012 2678 2290 2730 delatione.

1527 2764 1551 2789 ¹¹
1585 2757 1847 2807 Sacrorum
1885 2770 1985 2806 sese
2026 2757 2201 2805 odiam
2241 2754 2533 2818 defendente]

1461 2834 1537 2883 Ut
1572 2833 1812 2898 quaedam
1844 2831 1985 2896 apud
2008 2832 2278 2893 Ethnicos,
2313 2831 2390 2881 sic
2424 2845 2531 2882 om·

1461 2909 1549 2959 nia
1571 2908 1711 2974 apud
1744 2908 2070 2959 Christianos
2105 2907 2302 2970 templa
2323 2920 2531 2971 semper

1461 2984 1676 3037 fuerunt
1711 2986 1883 3051 asyla3
1918 2985 2037 3034 loca
2069 2983 2275 3033 scilicet
2297 2983 2431 3036 adeo
2453 2997 2532 3033 sa·

1461 3077 1571 3128 cra,
1588 3070 1651 3114 ut
1682 3075 1854 3124 nemo,
1878 3061 1966 3126 qui
1991 3060 2058 3111 ad
2092 3074 2157 3110 ea
2188 3058 2531 3123 confugisset,

1460 3139 1584 3190 inde
1635 3139 1703 3190 ad
1759 3138 2070 3204 supplicium
2129 3136 2261 3186 trahi
2321 3142 2529 3199 posset:

1458 3215 1641 3268 ἄσυλον
1668 3217 1863 3282 quippe
1883 3215 2076 3265 dicitur
2095 3214 2243 3279 quasi
2264 3214 2280 3242 ‘
2296 3213 2385 3263 ubi
2411 3229 2529 3280 spo·

1459 3294 1590 3345 liare
1614 3292 1802 3344 nefas.'
1856 3292 2136 3354 Nonnulla,
2153 3291 2380 3356 inquam,
2397 3298 2527 3343 tem.

1460 3370 1549 3435 pla
1606 3369 1748 3435 apud
1787 3368 2042 3419 Ethnicos
2093 3369 2240 3431 asyla
2280 3366 2526 3421 fueruntz

1459 3461 1579 3497 nam
1602 3445 1852 3510 Virgilius
1891 3445 2035 3495 canit
2063 3459 2127 3495 n.
2169 3444 2286 3497 AEn.
2311 3461 2387 3496 vs.
2409 3450 2528 3497 ⁷61.

1461 3524 1477 3552 ‘
1497 3523 1569 3572 Et
1592 3523 1706 3588 jam
1741 3522 2032 3586 porticibus
2071 3523 2268 3584 vacuis,
2304 3523 2528 3574 Junonis

1458 3601 1626 3664 asylo,
1642 3599 1899 3650 Custodes
1913 3600 2041 3651 lecti
2057 3599 2279 3650 Phoeuix
2293 3608 2350 3650 et
2366 3600 2529 3652 durus

1463 3677 1679 3741 Ulysses
1724 3675 1970 3726 Praedam
2015 3676 2390 3729 asservabant?
2443 3677 2526 3727 Si-

1456 3754 1654 3806 militer
1676 3755 1793 3804 AEn.
1822 3766 1945 3804 vru.
1968 3768 2043 3803 vs.
2074 3757 2190 3803 842.
2253 3753 2428 3805 §Hinc
2449 3754 2527 3803 lu-

1456 3847 1577 3884 cum
1617 3834 1885 3898 ingentem
1924 3830 2080 3897 quem
2123 3831 2528 3882 Romulus-acer

1456 3912 1659 3975 asylum
1695 3910 1921 3973 Retulit,
1956 3916 2014 3958 et
2052 3908 2227 3972 gelida
2266 3915 2527 3960 monstrat

1455 3990 1553 4041 sub
1574 4004 1706 4054 rupe
1740 3986 2044 4053 Lupercal.’
2091 3986 2167 4037 At
2187 3988 2363 4040 omnia
2383 3988 2525 4052 apud

1456 4066 1784 4117 Christianos
1801 4065 1997 4129 templa
2016 4064 2164 4127 asyla
2183 4079 2391 4128 semper
2412 4062 2527 4114 fue·

1456 4150 1611 4194 runt2
1646 4149 1709 4193 ut
1733 4148 1942 4193 constat
1963 4154 2032 4191 ex
2063 4139 2246 4190 codice
2269 4138 2465 4190 Theod.
2489 4140 2525 4190 l.

1457 4234 1540 4273 rx.
1559 4221 1665 4270 Tit.
1690 4222 1771 4270 47.
1794 4218 1893 4267 ‘de
1924 4217 2004 4267 his
2038 4216 2127 4281 qui
2157 4215 2224 4266 ad
2257 4214 2525 4271 Ecclesiae

1457 4297 1767 4363 confugiunt
1784 4296 1819 4346 :'
1875 4302 1931 4346 et
1972 4288 2214 4344 Concilio
2262 4291 2523 4344 Toletano
