<?xml version="1.0" encoding="UTF-8"?>
<!DOCTYPE html PUBLIC "-//W3C//DTD XHTML 1.0 Transitional//EN"
    "http://www.w3.org/TR/xhtml1/DTD/xhtml1-transitional.dtd">
<html xmlns="http://www.w3.org/1999/xhtml" xml:lang="en" lang="en">
 <head>
  <title>
</title>
<meta http-equiv="Content-Type" content="text/html;charset=utf-8" />
  <meta name='ocr-system' content='tesseract 3.04.00' />
  <meta name='ocr-capabilities' content='ocr_page ocr_carea ocr_par ocr_line ocrx_word'/>
</head>
<body>
  <div class='ocr_page' id='page_1' title='image "./deconsolationep00boetgoog_0098.png"; bbox 0 0 3049 4928; ppageno 0'>
   <div class='ocr_carea' id='block_1_1' title="bbox 485 402 573 474">
    <p class='ocr_par' dir='ltr' id='par_1_1' title="bbox 485 402 573 474">
     <span class='ocr_line' id='line_1_1' title="bbox 485 402 573 474; baseline 0 0"><span class='ocrx_word' id='word_1_1' title='bbox 485 402 573 474; x_wconf 82' lang='lat'><strong>88</strong></span> 
     </span>
    </p>
   </div>
   <div class='ocr_carea' id='block_1_2' title="bbox 487 559 2696 1477">
    <p class='ocr_par' dir='ltr' id='par_1_2' title="bbox 487 559 2696 1477">
     <span class='ocr_line' id='line_1_2' title="bbox 487 559 2685 646; baseline -0.004 -10"><span class='ocrx_word' id='word_1_2' title='bbox 487 575 734 636; x_wconf 75' lang='lat' dir='ltr'><strong>tatemv</strong></span> <span class='ocrx_word' id='word_1_3' title='bbox 808 584 961 638; x_wconf 88' lang='lat' dir='ltr'><strong>cum</strong></span> <span class='ocrx_word' id='word_1_4' title='bbox 1027 563 1349 646; x_wconf 79' lang='lat' dir='ltr'><strong>deinceps</strong></span> <span class='ocrx_word' id='word_1_5' title='bbox 1417 559 1822 645; x_wconf 87' lang='lat' dir='ltr'><strong>Epicureum</strong></span> <span class='ocrx_word' id='word_1_6' title='bbox 1887 561 2144 644; x_wconf 84' lang='lat' dir='ltr'><strong>vulgus,</strong></span> <span class='ocrx_word' id='word_1_7' title='bbox 2214 578 2317 627; x_wconf 15' lang='lat' dir='ltr'><strong>ac.</strong></span> <span class='ocrx_word' id='word_1_8' title='bbox 2355 561 2685 641; x_wconf 85' lang='lat' dir='ltr'><strong>Stoicum,</strong></span> 
     </span>
     <span class='ocr_line' id='line_1_3' title="bbox 491 665 2690 755; baseline -0.003 -18"><span class='ocrx_word' id='word_1_9' title='bbox 491 672 828 755; x_wconf 89' lang='lat' dir='ltr'><strong>ceterique</strong></span> <span class='ocrx_word' id='word_1_10' title='bbox 855 687 856 690; x_wconf 69' lang='grc'>’</span> <span class='ocrx_word' id='word_1_11' title='bbox 869 688 996 755; x_wconf 89' lang='lat' dir='ltr'><strong>pro</strong></span> <span class='ocrx_word' id='word_1_12' title='bbox 1044 686 1173 733; x_wconf 89' lang='lat' dir='ltr'><strong>sua</strong></span> <span class='ocrx_word' id='word_1_13' title='bbox 1223 666 1518 752; x_wconf 88' lang='lat' dir='ltr'><strong>quisque</strong></span> <span class='ocrx_word' id='word_1_14' title='bbox 1571 672 1763 749; x_wconf 88' lang='lat' dir='ltr'><strong>parte</strong></span> <span class='ocrx_word' id='word_1_15' title='bbox 1819 672 2085 749; x_wconf 88' lang='lat' dir='ltr'><strong>raptum</strong></span> <span class='ocrx_word' id='word_1_16' title='bbox 2132 665 2226 729; x_wconf 92' lang='lat' dir='ltr'><strong>ire</strong></span> <span class='ocrx_word' id='word_1_17' title='bbox 2280 666 2690 744; x_wconf 84' lang='lat' dir='ltr'><strong>molirentur,</strong></span> 
     </span>
     <span class='ocr_line' id='line_1_4' title="bbox 488 767 2693 858; baseline -0.003 -19"><span class='ocrx_word' id='word_1_18' title='bbox 488 793 730 858; x_wconf 90' lang='lat' dir='ltr'><strong>meque</strong></span> <span class='ocrx_word' id='word_1_19' title='bbox 758 773 1232 838; x_wconf 84' lang='lat' dir='ltr'><strong>reclamantem</strong></span> <span class='ocrx_word' id='word_1_20' title='bbox 1269 768 1821 852; x_wconf 79' lang='lat' dir='ltr'><strong>renitentemque,</strong></span> <span class='ocrx_word' id='word_1_21' title='bbox 1840 767 2112 832; x_wconf 88' lang='lat' dir='ltr'><strong>velutin</strong></span> <span class='ocrx_word' id='word_1_22' title='bbox 2134 774 2393 853; x_wconf 88' lang='lat' dir='ltr'><strong>partem</strong></span> <span class='ocrx_word' id='word_1_23' title='bbox 2418 769 2693 853; x_wconf 73' lang='lat' dir='ltr'><strong>praedae,</strong></span> 
     </span>
     <span class='ocr_line' id='line_1_5' title="bbox 490 871 2694 957; baseline -0.002 -15"><span class='ocrx_word' id='word_1_24' title='bbox 490 878 903 953; x_wconf 82' lang='lat' dir='ltr'><strong>traherent,¹²</strong></span> <span class='ocrx_word' id='word_1_25' title='bbox 952 879 1226 951; x_wconf 87' lang='lat' dir='ltr'><strong>vestem,</strong></span> <span class='ocrx_word' id='word_1_26' title='bbox 1274 890 1479 957; x_wconf 88' lang='lat' dir='ltr'><strong>quam</strong></span> <span class='ocrx_word' id='word_1_27' title='bbox 1528 871 1695 935; x_wconf 89' lang='lat' dir='ltr'><strong>meis</strong></span> <span class='ocrx_word' id='word_1_28' title='bbox 1725 875 2069 937; x_wconf 83' lang='lat' dir='ltr'><strong>texueram</strong></span> <span class='ocrx_word' id='word_1_29' title='bbox 2113 872 2449 952; x_wconf 77' lang='lat' dir='ltr'><strong>manibuS,</strong></span> <span class='ocrx_word' id='word_1_30' title='bbox 2495 872 2694 938; x_wconf 86' lang='lat' dir='ltr'><strong>disci-</strong></span> 
     </span>
     <span class='ocr_line' id='line_1_6' title="bbox 494 975 2694 1063; baseline -0.002 -18"><span class='ocrx_word' id='word_1_31' title='bbox 494 978 1223 1063; x_wconf 56' lang='lat' dir='ltr'><strong>derunt,‚abreptisque</strong></span> <span class='ocrx_word' id='word_1_32' title='bbox 1271 976 1357 1040; x_wconf 87' lang='lat' dir='ltr'><strong>ab</strong></span> <span class='ocrx_word' id='word_1_33' title='bbox 1387 994 1471 1041; x_wconf 87' lang='lat' dir='ltr'><strong>ea</strong></span> <span class='ocrx_word' id='word_1_34' title='bbox 1515 975 1921 1058; x_wconf 78' lang='lat' dir='ltr'><strong>panniculis„</strong></span> <span class='ocrx_word' id='word_1_35' title='bbox 1972 980 2186 1040; x_wconf 87' lang='lat' dir='ltr'><strong>totam</strong></span> <span class='ocrx_word' id='word_1_36' title='bbox 2214 995 2321 1040; x_wconf 89' lang='lat' dir='ltr'><strong>me</strong></span> <span class='ocrx_word' id='word_1_37' title='bbox 2367 976 2502 1040; x_wconf 89' lang='lat' dir='ltr'><strong>sibi</strong></span> <span class='ocrx_word' id='word_1_38' title='bbox 2548 996 2694 1041; x_wconf 88' lang='lat' dir='ltr'><strong>ces-</strong></span> 
     </span>
     <span class='ocr_line' id='line_1_7' title="bbox 494 1078 2693 1164; baseline -0.002 -16"><span class='ocrx_word' id='word_1_39' title='bbox 494 1083 669 1148; x_wconf 85' lang='lat' dir='ltr'><strong>sisse</strong></span> <span class='ocrx_word' id='word_1_40' title='bbox 734 1083 1106 1160; x_wconf 78' lang='lat' dir='ltr'><strong>credenteS,</strong></span> <span class='ocrx_word' id='word_1_41' title='bbox 1172 1080 1421 1145; x_wconf 88' lang='lat' dir='ltr'><strong>abiere.</strong></span> <span class='ocrx_word' id='word_1_42' title='bbox 1550 1078 1631 1142; x_wconf 90' lang='lat' dir='ltr'><strong>In</strong></span> <span class='ocrx_word' id='word_1_43' title='bbox 1689 1079 1952 1163; x_wconf 78' lang='lat' dir='ltr'><strong>quibuS,</strong></span> <span class='ocrx_word' id='word_1_44' title='bbox 2012 1078 2328 1164; x_wconf 88' lang='lat' dir='ltr'><strong>quoniam</strong></span> <span class='ocrx_word' id='word_1_45' title='bbox 2378 1078 2693 1163; x_wconf 86' lang='lat' dir='ltr'><strong>quaedam</strong></span> 
     </span>
     <span class='ocr_line' id='line_1_8' title="bbox 492 1181 2696 1265; baseline -0.003 -13"><span class='ocrx_word' id='word_1_46' title='bbox 492 1186 714 1252; x_wconf 87' lang='lat' dir='ltr'><strong>nostri</strong></span> <span class='ocrx_word' id='word_1_47' title='bbox 753 1185 1027 1251; x_wconf 89' lang='lat' dir='ltr'><strong>habitus</strong></span> <span class='ocrx_word' id='word_1_48' title='bbox 1053 1184 1343 1265; x_wconf 85' lang='lat' dir='ltr'><strong>vestigia</strong></span> <span class='ocrx_word' id='word_1_49' title='bbox 1370 1182 1793 1260; x_wconf 87' lang='lat' dir='ltr'><strong>videbantur,</strong></span> <span class='ocrx_word' id='word_1_50' title='bbox 1844 1201 2028 1246; x_wconf 88' lang='lat' dir='ltr'><strong>meos</strong></span> <span class='ocrx_word' id='word_1_51' title='bbox 2077 1200 2228 1245; x_wconf 89' lang='lat' dir='ltr'><strong>esse</strong></span> <span class='ocrx_word' id='word_1_52' title='bbox 2275 1181 2643 1246; x_wconf 83' lang='lat' dir='ltr'><strong>familiares</strong></span> <span class='ocrx_word' id='word_1_53' title='bbox 2663 1191 2696 1218; x_wconf 73' lang='lat'><strong>‘²</strong></span> 
     </span>
     <span class='ocr_line' id='line_1_9' title="bbox 494 1282 2695 1373; baseline -0.004 -19"><span class='ocrx_word' id='word_1_54' title='bbox 494 1288 943 1373; x_wconf 87' lang='lat' dir='ltr'><strong>imprudentia</strong></span> <span class='ocrx_word' id='word_1_55' title='bbox 968 1292 1137 1367; x_wconf 89' lang='lat' dir='ltr'><strong>rata,</strong></span> <span class='ocrx_word' id='word_1_56' title='bbox 1174 1286 1536 1352; x_wconf 89' lang='lat' dir='ltr'><strong>nonnullos</strong></span> <span class='ocrx_word' id='word_1_57' title='bbox 1585 1303 1813 1350; x_wconf 88' lang='lat' dir='ltr'><strong>eorum</strong></span> <span class='ocrx_word' id='word_1_58' title='bbox 1864 1285 2160 1369; x_wconf 83' lang='lat' dir='ltr'><strong>profanae</strong></span> <span class='ocrx_word' id='word_1_59' title='bbox 2182 1297 2208 1323; x_wconf 82' lang='lat'>¹</span> <span class='ocrx_word' id='word_1_60' title='bbox 2254 1282 2695 1349; x_wconf 89' lang='lat' dir='ltr'><strong>multitudinis</strong></span> 
     </span>
     <span class='ocr_line' id='line_1_10' title="bbox 492 1386 2693 1477; baseline -0.003 -20"><span class='ocrx_word' id='word_1_61' title='bbox 492 1411 715 1458; x_wconf 88' lang='lat' dir='ltr'><strong>errore</strong></span> <span class='ocrx_word' id='word_1_62' title='bbox 739 1392 1104 1477; x_wconf 84' lang='lat' dir='ltr'><strong>pervertit.</strong></span> <span class='ocrx_word' id='word_1_63' title='bbox 1145 1441 1148 1446; x_wconf 75' lang='lat'>-</span> <span class='ocrx_word' id='word_1_64' title='bbox 1205 1388 1418 1471; x_wconf 83' lang='lat' dir='ltr'><strong>Quod</strong></span> <span class='ocrx_word' id='word_1_65' title='bbox 1470 1391 1533 1454; x_wconf 91' lang='lat' dir='ltr'><strong>si</strong></span> <span class='ocrx_word' id='word_1_66' title='bbox 1582 1409 1703 1454; x_wconf 91' lang='lat' dir='ltr'><strong>nec</strong></span> <span class='ocrx_word' id='word_1_67' title='bbox 1751 1389 2182 1471; x_wconf 72' lang='lat' dir='ltr'><strong>Anaxagorae</strong></span> <span class='ocrx_word' id='word_1_68' title='bbox 2224 1386 2508 1471; x_wconf 80' lang='lat' dir='ltr'><strong>fugam,‘¹</strong></span> <span class='ocrx_word' id='word_1_69' title='bbox 2569 1406 2693 1451; x_wconf 88' lang='lat' dir='ltr'><strong>nec</strong></span> 
     </span>
    </p>
   </div>
   <div class='ocr_carea' id='block_1_3' title="bbox 1182 414 1998 474">
    <p class='ocr_par' dir='ltr' id='par_1_3' title="bbox 1182 414 1998 474">
     <span class='ocr_line' id='line_1_11' title="bbox 1182 414 1998 474; baseline -0.004 -11"><span class='ocrx_word' id='word_1_70' title='bbox 1182 414 1490 474; x_wconf 73' lang='lat' dir='ltr'><strong>BOB&#39;I&#39;HU</strong></span> <span class='ocrx_word' id='word_1_71' title='bbox 1545 414 1640 464; x_wconf 79' lang='lat' dir='ltr'><strong>DE</strong></span> <span class='ocrx_word' id='word_1_72' title='bbox 1688 414 1998 464; x_wconf 73' lang='lat' dir='ltr'><strong>coNsot..</strong></span> 
     </span>
    </p>
   </div>
   <div class='ocr_carea' id='block_1_4' title="bbox 582 1610 1982 1683">
    <p class='ocr_par' dir='ltr' id='par_1_4' title="bbox 582 1589 1982 1683">
     <span class='ocr_line' id='line_1_12' title="bbox 582 1610 1982 1683; baseline -0.003 -19"><span class='ocrx_word' id='word_1_73' title='bbox 582 1622 607 1647; x_wconf 75' lang='lat'><strong>⁹</strong></span> <span class='ocrx_word' id='word_1_74' title='bbox 638 1614 938 1666; x_wconf 59' lang='lat' dir='ltr'><strong>Dor-trinam.</strong></span> <span class='ocrx_word' id='word_1_75' title='bbox 968 1679 972 1683; x_wconf 32' lang='grc'><strong>,</strong></span> <span class='ocrx_word' id='word_1_76' title='bbox 1066 1623 1102 1648; x_wconf 80' lang='lat'><strong>¹⁰</strong></span> <span class='ocrx_word' id='word_1_77' title='bbox 1135 1613 1448 1681; x_wconf 64' lang='lat' dir='ltr'><strong>Domesticos.</strong></span> <span class='ocrx_word' id='word_1_78' title='bbox 1595 1620 1622 1645; x_wconf 77' lang='lat'><strong><em>³</em></strong></span> <span class='ocrx_word' id='word_1_79' title='bbox 1652 1610 1858 1663; x_wconf 69' lang='lat' dir='ltr'><strong>Aliam.</strong></span> <span class='ocrx_word' id='word_1_80' title='bbox 1890 1663 1893 1668; x_wconf 65' lang='grc'>,</span> <span class='ocrx_word' id='word_1_81' title='bbox 1979 1625 1982 1628; x_wconf 62' lang='grc'><strong>’</strong></span> 
     </span>
    </p>
   </div>
   <div class='ocr_carea' id='block_1_5' title="bbox 1398 1745 1728 1769">
    <p class='ocr_par' dir='ltr' id='par_1_5' title="bbox 1398 1745 1728 1769">
     <span class='ocr_line' id='line_1_13' title="bbox 1398 1745 1728 1769; baseline 0 3159"><span class='ocrx_word' id='word_1_82' title='bbox 1398 1745 1728 1769; x_wconf 95' lang='lat' dir='ltr'><strong> </strong></span> 
     </span>
    </p>
   </div>
   <div class='ocr_carea' id='block_1_6' title="bbox 1728 1747 1761 1766">
    <p class='ocr_par' dir='ltr' id='par_1_6' title="bbox 1728 1747 1761 1766">
     <span class='ocr_line' id='line_1_14' title="bbox 1728 1747 1761 1766; baseline 0 0"><span class='ocrx_word' id='word_1_83' title='bbox 1728 1747 1761 1766; x_wconf 65' lang='lat'><em>0</em></span> 
     </span>
    </p>
   </div>
   <div class='ocr_carea' id='block_1_7' title="bbox 498 1842 2696 2041">
    <p class='ocr_par' dir='ltr' id='par_1_7' title="bbox 498 1842 2775 2041">
     <span class='ocr_line' id='line_1_15' title="bbox 498 1842 2696 1915; baseline -0.001 -10"><span class='ocrx_word' id='word_1_84' title='bbox 498 1858 561 1905; x_wconf 77' lang='lat'><strong>12</strong></span> <span class='ocrx_word' id='word_1_85' title='bbox 593 1854 699 1906; x_wconf 85' lang='lat' dir='ltr'><strong>Ms.</strong></span> <span class='ocrx_word' id='word_1_86' title='bbox 731 1852 987 1905; x_wconf 78' lang='lat' dir='ltr'><strong>Rittersh.</strong></span> <span class='ocrx_word' id='word_1_87' title='bbox 1022 1853 1475 1905; x_wconf 57' lang='lat' dir='ltr'><strong>detraherem—13</strong></span> <span class='ocrx_word' id='word_1_88' title='bbox 1509 1851 1672 1902; x_wconf 82' lang='lat' dir='ltr'><strong>‘Mss.</strong></span> <span class='ocrx_word' id='word_1_89' title='bbox 1695 1848 1941 1901; x_wconf 88' lang='lat' dir='ltr'><strong>Rittersh.</strong></span> <span class='ocrx_word' id='word_1_90' title='bbox 1975 1842 2176 1914; x_wconf 77' lang='lat' dir='ltr'><strong>respuit</strong></span> <span class='ocrx_word' id='word_1_91' title='bbox 2199 1849 2450 1913; x_wconf 83' lang='lat' dir='ltr'><strong>voculam,</strong></span> <span class='ocrx_word' id='word_1_92' title='bbox 2472 1854 2696 1915; x_wconf 73' lang='lat' dir='ltr'><strong>est,quae</strong></span> 
     </span>
     <span class='ocr_line' id='line_1_16' title="bbox 1493 1989 1710 2041; baseline -0.005 0"><span class='ocrx_word' id='word_1_93' title='bbox 1493 1989 1710 2041; x_wconf 82' lang='lat' dir='ltr'>NOTAE</span> 
     </span>
    </p>
   </div>
   <div class='ocr_carea' id='block_1_8' title="bbox 496 2103 2697 2172">
    <p class='ocr_par' dir='ltr' id='par_1_8' title="bbox 496 2103 2697 2172">
     <span class='ocr_line' id='line_1_17' title="bbox 496 2103 2697 2172; baseline -0.004 -14"><span class='ocrx_word' id='word_1_94' title='bbox 496 2106 652 2158; x_wconf 89' lang='lat' dir='ltr'><strong>Plato</strong></span> <span class='ocrx_word' id='word_1_95' title='bbox 694 2107 928 2172; x_wconf 79' lang='lat' dir='ltr'><strong>tradidit,</strong></span> <span class='ocrx_word' id='word_1_96' title='bbox 967 2109 1171 2159; x_wconf 82' lang='lat' dir='ltr'><strong>literam</strong></span> <span class='ocrx_word' id='word_1_97' title='bbox 1209 2108 1401 2158; x_wconf 88' lang='lat' dir='ltr'><strong>nullam</strong></span> <span class='ocrx_word' id='word_1_98' title='bbox 1440 2106 1560 2157; x_wconf 89' lang='lat' dir='ltr'><strong>reli·</strong></span> <span class='ocrx_word' id='word_1_99' title='bbox 1640 2105 1690 2155; x_wconf 92' lang='lat' dir='ltr'><strong>hi</strong></span> <span class='ocrx_word' id='word_1_100' title='bbox 1713 2105 1922 2156; x_wconf 86' lang='lat' dir='ltr'><strong>Zenone</strong></span> <span class='ocrx_word' id='word_1_101' title='bbox 1940 2103 2075 2154; x_wconf 85' lang='lat' dir='ltr'><strong>duce</strong></span> <span class='ocrx_word' id='word_1_102' title='bbox 2099 2103 2556 2170; x_wconf 79' lang='lat' dir='ltr'><strong>philosophantur:</strong></span> <span class='ocrx_word' id='word_1_103' title='bbox 2579 2115 2697 2150; x_wconf 87' lang='lat' dir='ltr'><strong>nam</strong></span> 
     </span>
    </p>
   </div>
   <div class='ocr_carea' id='block_1_9' title="bbox 461 2181 1576 4402">
    <p class='ocr_par' dir='ltr' id='par_1_9' title="bbox 461 2181 1576 4402">
     <span class='ocr_line' id='line_1_18' title="bbox 495 2181 1559 2250; baseline -0.001 -17"><span class='ocrx_word' id='word_1_104' title='bbox 495 2184 644 2250; x_wconf 87' lang='lat' dir='ltr'><strong>quit.&#39;</strong></span> <span class='ocrx_word' id='word_1_105' title='bbox 708 2185 907 2236; x_wconf 81' lang='lat' dir='ltr'><strong>Postea</strong></span> <span class='ocrx_word' id='word_1_106' title='bbox 927 2184 1066 2235; x_wconf 87' lang='lat' dir='ltr'><strong>idem</strong></span> <span class='ocrx_word' id='word_1_107' title='bbox 1085 2185 1327 2235; x_wconf 84' lang='lat' dir='ltr'><strong>Socrates</strong></span> <span class='ocrx_word' id='word_1_108' title='bbox 1347 2181 1559 2234; x_wconf 83' lang='lat' dir='ltr'><strong>accusa-</strong></span> 
     </span>
     <span class='ocr_line' id='line_1_19' title="bbox 495 2260 1560 2326; baseline -0.001 -16"><span class='ocrx_word' id='word_1_109' title='bbox 495 2268 600 2323; x_wconf 89' lang='lat' dir='ltr'><strong>tus,</strong></span> <span class='ocrx_word' id='word_1_110' title='bbox 622 2260 757 2326; x_wconf 88' lang='lat' dir='ltr'><strong>quod</strong></span> <span class='ocrx_word' id='word_1_111' title='bbox 775 2260 841 2311; x_wconf 90' lang='lat' dir='ltr'><strong>de</strong></span> <span class='ocrx_word' id='word_1_112' title='bbox 866 2261 985 2312; x_wconf 90' lang='lat' dir='ltr'><strong>Diis</strong></span> <span class='ocrx_word' id='word_1_113' title='bbox 1007 2263 1143 2313; x_wconf 89' lang='lat' dir='ltr'><strong>male</strong></span> <span class='ocrx_word' id='word_1_114' title='bbox 1163 2261 1405 2323; x_wconf 79' lang='lat' dir='ltr'><strong>sentiret,</strong></span> <span class='ocrx_word' id='word_1_115' title='bbox 1440 2260 1457 2288; x_wconf 92' lang='lat'>‘</span> <span class='ocrx_word' id='word_1_116' title='bbox 1478 2274 1560 2310; x_wconf 88' lang='lat' dir='ltr'><strong>ca-</strong></span> 
     </span>
     <span class='ocr_line' id='line_1_20' title="bbox 499 2335 1558 2403; baseline 0 -18"><span class='ocrx_word' id='word_1_117' title='bbox 499 2336 609 2400; x_wconf 82' lang='lat' dir='ltr'><strong>pite</strong></span> <span class='ocrx_word' id='word_1_118' title='bbox 626 2335 899 2387; x_wconf 88' lang='lat' dir='ltr'><strong>damnatus</strong></span> <span class='ocrx_word' id='word_1_119' title='bbox 916 2337 1035 2402; x_wconf 83' lang='lat' dir='ltr'><strong>est,’</strong></span> <span class='ocrx_word' id='word_1_120' title='bbox 1049 2337 1140 2388; x_wconf 87' lang='lat' dir='ltr'><strong>sed</strong></span> <span class='ocrx_word' id='word_1_121' title='bbox 1156 2336 1514 2403; x_wconf 85' lang='lat' dir='ltr'><strong>‘injustissime</strong></span> <span class='ocrx_word' id='word_1_122' title='bbox 1526 2335 1558 2385; x_wconf 86' lang='lat'><strong>:&#39;</strong></span> 
     </span>
     <span class='ocr_line' id='line_1_21' title="bbox 498 2412 1560 2481; baseline 0 -19"><span class='ocrx_word' id='word_1_123' title='bbox 498 2413 542 2462; x_wconf 87' lang='lat' dir='ltr'><strong>si</strong></span> <span class='ocrx_word' id='word_1_124' title='bbox 577 2412 806 2478; x_wconf 88' lang='lat' dir='ltr'><strong>quidem,</strong></span> <span class='ocrx_word' id='word_1_125' title='bbox 844 2420 1061 2466; x_wconf 85' lang='lat' dir='ltr'><strong>auctore</strong></span> <span class='ocrx_word' id='word_1_126' title='bbox 1083 2415 1198 2481; x_wconf 87' lang='lat' dir='ltr'><strong>ipso</strong></span> <span class='ocrx_word' id='word_1_127' title='bbox 1218 2414 1408 2477; x_wconf 87' lang='lat' dir='ltr'><strong>Tullio,</strong></span> <span class='ocrx_word' id='word_1_128' title='bbox 1431 2428 1470 2467; x_wconf 88' lang='lat'><strong>1.</strong></span> <span class='ocrx_word' id='word_1_129' title='bbox 1493 2413 1560 2462; x_wconf 89' lang='lat' dir='ltr'><strong>de</strong></span> 
     </span>
     <span class='ocr_line' id='line_1_22' title="bbox 499 2489 1561 2556; baseline -0.003 -15"><span class='ocrx_word' id='word_1_130' title='bbox 499 2490 597 2541; x_wconf 88' lang='lat' dir='ltr'><strong>Or.</strong></span> <span class='ocrx_word' id='word_1_131' title='bbox 631 2489 649 2519; x_wconf 75' lang='lat'><strong><em>⁴</em></strong></span> <span class='ocrx_word' id='word_1_132' title='bbox 668 2490 892 2540; x_wconf 89' lang='lat' dir='ltr'><strong>omnium</strong></span> <span class='ocrx_word' id='word_1_133' title='bbox 913 2491 1322 2556; x_wconf 80' lang='lat' dir='ltr'><strong>sapientissimus</strong></span> <span class='ocrx_word' id='word_1_134' title='bbox 1343 2490 1561 2546; x_wconf 60' lang='lat' dir='ltr'><strong>sanctina</strong></span> 
     </span>
     <span class='ocr_line' id='line_1_23' title="bbox 497 2566 1563 2635; baseline -0.002 -17"><span class='ocrx_word' id='word_1_135' title='bbox 497 2570 730 2635; x_wconf 87' lang='lat' dir='ltr'><strong>simeque</strong></span> <span class='ocrx_word' id='word_1_136' title='bbox 777 2569 907 2619; x_wconf 81' lang='lat' dir='ltr'><strong>vixit</strong></span> <span class='ocrx_word' id='word_1_137' title='bbox 929 2566 963 2620; x_wconf 84' lang='lat'><strong>:’</strong></span> <span class='ocrx_word' id='word_1_138' title='bbox 1018 2574 1299 2634; x_wconf 86' lang='lat' dir='ltr'><strong>propterea</strong></span> <span class='ocrx_word' id='word_1_139' title='bbox 1341 2569 1563 2634; x_wconf 88' lang='lat' dir='ltr'><strong>populus</strong></span> 
     </span>
     <span class='ocr_line' id='line_1_24' title="bbox 498 2644 1561 2712; baseline -0.001 -17"><span class='ocrx_word' id='word_1_140' title='bbox 498 2653 717 2696; x_wconf 87' lang='lat' dir='ltr'><strong>mortem</strong></span> <span class='ocrx_word' id='word_1_141' title='bbox 758 2647 869 2712; x_wconf 83' lang='lat' dir='ltr'><strong>ejus</strong></span> <span class='ocrx_word' id='word_1_142' title='bbox 903 2646 980 2697; x_wconf 89' lang='lat' dir='ltr'><strong>ita</strong></span> <span class='ocrx_word' id='word_1_143' title='bbox 1017 2644 1205 2709; x_wconf 82' lang='lat' dir='ltr'><strong>doluit,</strong></span> <span class='ocrx_word' id='word_1_144' title='bbox 1236 2651 1294 2696; x_wconf 91' lang='lat' dir='ltr'><strong>ut</strong></span> <span class='ocrx_word' id='word_1_145' title='bbox 1328 2644 1561 2709; x_wconf 86' lang='lat' dir='ltr'><strong>ejusdem</strong></span> 
     </span>
     <span class='ocr_line' id='line_1_25' title="bbox 501 2722 1564 2788; baseline -0.001 -16"><span class='ocrx_word' id='word_1_146' title='bbox 501 2725 833 2773; x_wconf 82' lang='lat' dir='ltr'><strong>accusatores</strong></span> <span class='ocrx_word' id='word_1_147' title='bbox 850 2722 1043 2788; x_wconf 87' lang='lat' dir='ltr'><strong>partim</strong></span> <span class='ocrx_word' id='word_1_148' title='bbox 1059 2729 1249 2785; x_wconf 90' lang='lat' dir='ltr'><strong>morte,</strong></span> <span class='ocrx_word' id='word_1_149' title='bbox 1265 2722 1456 2786; x_wconf 88' lang='lat' dir='ltr'><strong>partim</strong></span> <span class='ocrx_word' id='word_1_150' title='bbox 1474 2736 1564 2771; x_wconf 84' lang='lat' dir='ltr'><strong>ex-</strong></span> 
     </span>
     <span class='ocr_line' id='line_1_26' title="bbox 496 2799 1564 2866; baseline 0.002 -18"><span class='ocrx_word' id='word_1_151' title='bbox 496 2799 589 2848; x_wconf 91' lang='lat' dir='ltr'><strong>ilio</strong></span> <span class='ocrx_word' id='word_1_152' title='bbox 610 2800 858 2865; x_wconf 86' lang='lat' dir='ltr'><strong>punierit,</strong></span> <span class='ocrx_word' id='word_1_153' title='bbox 882 2800 1089 2866; x_wconf 80' lang='lat' dir='ltr'><strong>ipsique</strong></span> <span class='ocrx_word' id='word_1_154' title='bbox 1111 2799 1316 2851; x_wconf 83' lang='lat' dir='ltr'><strong>Socrati</strong></span> <span class='ocrx_word' id='word_1_155' title='bbox 1337 2806 1564 2850; x_wconf 87' lang='lat' dir='ltr'><strong>statuam</strong></span> 
     </span>
     <span class='ocr_line' id='line_1_27' title="bbox 502 2874 1565 2941; baseline -0.001 -16"><span class='ocrx_word' id='word_1_156' title='bbox 502 2884 691 2925; x_wconf 81' lang='lat' dir='ltr'><strong>aeream</strong></span> <span class='ocrx_word' id='word_1_157' title='bbox 716 2877 981 2941; x_wconf 75' lang='lat' dir='ltr'><strong>posuerit:</strong></span> <span class='ocrx_word' id='word_1_158' title='bbox 1016 2875 1033 2904; x_wconf 85' lang='lat'>‘</span> <span class='ocrx_word' id='word_1_159' title='bbox 1053 2874 1213 2927; x_wconf 89' lang='lat' dir='ltr'><strong>obiit’</strong></span> <span class='ocrx_word' id='word_1_160' title='bbox 1246 2883 1422 2926; x_wconf 85' lang='lat' dir='ltr'><strong>tamen</strong></span> <span class='ocrx_word' id='word_1_161' title='bbox 1453 2875 1565 2924; x_wconf 85' lang='lat' dir='ltr'><strong>‘as-</strong></span> 
     </span>
     <span class='ocr_line' id='line_1_28' title="bbox 500 2952 1565 3016; baseline -0.001 -13"><span class='ocrx_word' id='word_1_162' title='bbox 500 2958 652 3003; x_wconf 82' lang='lat' dir='ltr'><strong>tante</strong></span> <span class='ocrx_word' id='word_1_163' title='bbox 682 2952 1015 3016; x_wconf 81' lang='lat' dir='ltr'><strong>Philosophia</strong></span> <span class='ocrx_word' id='word_1_164' title='bbox 1034 2952 1067 3003; x_wconf 70' lang='grc' dir='ltr'><strong>ε’</strong></span> <span class='ocrx_word' id='word_1_165' title='bbox 1098 2968 1237 3016; x_wconf 83' lang='lat' dir='ltr'><strong>narn,</strong></span> <span class='ocrx_word' id='word_1_166' title='bbox 1270 2960 1332 3002; x_wconf 91' lang='lat' dir='ltr'><strong>ut</strong></span> <span class='ocrx_word' id='word_1_167' title='bbox 1352 2953 1426 3002; x_wconf 90' lang='lat' dir='ltr'><strong>ait</strong></span> <span class='ocrx_word' id='word_1_168' title='bbox 1445 2953 1565 3002; x_wconf 82' lang='lat' dir='ltr'><strong>Tul-</strong></span> 
     </span>
     <span class='ocr_line' id='line_1_29' title="bbox 498 3028 1568 3094; baseline 0.001 -16"><span class='ocrx_word' id='word_1_169' title='bbox 498 3028 599 3078; x_wconf 88' lang='lat' dir='ltr'><strong>lius</strong></span> <span class='ocrx_word' id='word_1_170' title='bbox 623 3028 753 3080; x_wconf 82' lang='lat' dir='ltr'><strong>ibid.</strong></span> <span class='ocrx_word' id='word_1_171' title='bbox 778 3028 1243 3094; x_wconf 82' lang='lat' dir='ltr'><strong>‘elegantissimam</strong></span> <span class='ocrx_word' id='word_1_172' title='bbox 1265 3029 1433 3094; x_wconf 82' lang='lat' dir='ltr'><strong>Lysiae</strong></span> <span class='ocrx_word' id='word_1_173' title='bbox 1454 3044 1568 3079; x_wconf 89' lang='lat' dir='ltr'><strong>ora·</strong></span> 
     </span>
     <span class='ocr_line' id='line_1_30' title="bbox 501 3104 1564 3171; baseline 0 -17"><span class='ocrx_word' id='word_1_174' title='bbox 501 3104 712 3169; x_wconf 84' lang='lat' dir='ltr'><strong>tionem,</strong></span> <span class='ocrx_word' id='word_1_175' title='bbox 744 3119 849 3171; x_wconf 89' lang='lat' dir='ltr'><strong>qua</strong></span> <span class='ocrx_word' id='word_1_176' title='bbox 881 3119 977 3171; x_wconf 88' lang='lat' dir='ltr'><strong>pro</strong></span> <span class='ocrx_word' id='word_1_177' title='bbox 1007 3120 1065 3157; x_wconf 84' lang='lat' dir='ltr'><strong>se</strong></span> <span class='ocrx_word' id='word_1_178' title='bbox 1091 3105 1148 3155; x_wconf 89' lang='lat' dir='ltr'><strong>in</strong></span> <span class='ocrx_word' id='word_1_179' title='bbox 1173 3105 1374 3171; x_wconf 85' lang='lat' dir='ltr'><strong>judicio</strong></span> <span class='ocrx_word' id='word_1_180' title='bbox 1393 3110 1564 3171; x_wconf 82' lang='lat' dir='ltr'><strong>utere·</strong></span> 
     </span>
     <span class='ocr_line' id='line_1_31' title="bbox 500 3181 1567 3247; baseline -0.001 -15"><span class='ocrx_word' id='word_1_181' title='bbox 500 3189 608 3247; x_wconf 87' lang='lat' dir='ltr'><strong>tur,</strong></span> <span class='ocrx_word' id='word_1_182' title='bbox 651 3181 874 3247; x_wconf 86' lang='lat' dir='ltr'><strong>respuit,</strong></span> <span class='ocrx_word' id='word_1_183' title='bbox 926 3189 984 3233; x_wconf 89' lang='lat' dir='ltr'><strong>et</strong></span> <span class='ocrx_word' id='word_1_184' title='bbox 1021 3183 1099 3233; x_wconf 88' lang='lat' dir='ltr'><strong>ita</strong></span> <span class='ocrx_word' id='word_1_185' title='bbox 1138 3183 1192 3232; x_wconf 89' lang='lat' dir='ltr'><strong>in</strong></span> <span class='ocrx_word' id='word_1_186' title='bbox 1232 3181 1437 3245; x_wconf 85' lang='lat' dir='ltr'><strong>judicio</strong></span> <span class='ocrx_word' id='word_1_187' title='bbox 1483 3195 1567 3231; x_wconf 88' lang='lat' dir='ltr'><strong>ca·</strong></span> 
     </span>
     <span class='ocr_line' id='line_1_32' title="bbox 500 3256 1564 3326; baseline -0.003 -17"><span class='ocrx_word' id='word_1_188' title='bbox 500 3258 630 3324; x_wconf 88' lang='lat' dir='ltr'><strong>pitis</strong></span> <span class='ocrx_word' id='word_1_189' title='bbox 671 3272 767 3326; x_wconf 90' lang='lat' dir='ltr'><strong>pro</strong></span> <span class='ocrx_word' id='word_1_190' title='bbox 799 3273 855 3308; x_wconf 88' lang='lat' dir='ltr'><strong>se</strong></span> <span class='ocrx_word' id='word_1_191' title='bbox 886 3256 1000 3324; x_wconf 89' lang='lat' dir='ltr'><strong>ipse</strong></span> <span class='ocrx_word' id='word_1_192' title='bbox 1033 3258 1184 3321; x_wconf 85' lang='lat' dir='ltr'><strong>dixit,</strong></span> <span class='ocrx_word' id='word_1_193' title='bbox 1215 3264 1277 3307; x_wconf 89' lang='lat' dir='ltr'><strong>ut</strong></span> <span class='ocrx_word' id='word_1_194' title='bbox 1309 3270 1564 3322; x_wconf 14' lang='lat' dir='ltr'><strong>nonvsup·</strong></span> 
     </span>
     <span class='ocr_line' id='line_1_33' title="bbox 503 3333 1564 3401; baseline 0.001 -17"><span class='ocrx_word' id='word_1_195' title='bbox 503 3336 630 3401; x_wconf 85' lang='lat' dir='ltr'><strong>plex</strong></span> <span class='ocrx_word' id='word_1_196' title='bbox 670 3343 764 3387; x_wconf 91' lang='lat' dir='ltr'><strong>aut</strong></span> <span class='ocrx_word' id='word_1_197' title='bbox 793 3348 936 3399; x_wconf 88' lang='lat' dir='ltr'><strong>reus,</strong></span> <span class='ocrx_word' id='word_1_198' title='bbox 973 3335 1065 3384; x_wconf 90' lang='lat' dir='ltr'><strong>sed</strong></span> <span class='ocrx_word' id='word_1_199' title='bbox 1099 3339 1160 3385; x_wconf 86' lang='lat' dir='ltr'><strong>ut</strong></span> <span class='ocrx_word' id='word_1_200' title='bbox 1192 3333 1442 3398; x_wconf 83' lang='lat' dir='ltr'><strong>magister</strong></span> <span class='ocrx_word' id='word_1_201' title='bbox 1474 3343 1564 3386; x_wconf 88' lang='lat' dir='ltr'><strong>ant</strong></span> 
     </span>
     <span class='ocr_line' id='line_1_34' title="bbox 505 3409 1563 3474; baseline -0.003 -11"><span class='ocrx_word' id='word_1_202' title='bbox 505 3411 741 3463; x_wconf 87' lang='lat' dir='ltr'><strong>dominus</strong></span> <span class='ocrx_word' id='word_1_203' title='bbox 758 3412 1023 3463; x_wconf 83' lang='lat' dir='ltr'><strong>videretur</strong></span> <span class='ocrx_word' id='word_1_204' title='bbox 1041 3423 1157 3460; x_wconf 88' lang='lat' dir='ltr'><strong>esse</strong></span> <span class='ocrx_word' id='word_1_205' title='bbox 1166 3409 1445 3474; x_wconf 86' lang='lat' dir='ltr'><strong>judicum.&#39;</strong></span> <span class='ocrx_word' id='word_1_206' title='bbox 1498 3412 1563 3461; x_wconf 87' lang='lat' dir='ltr'><strong>In</strong></span> 
     </span>
     <span class='ocr_line' id='line_1_35' title="bbox 508 3487 1563 3556; baseline 0 -17"><span class='ocrx_word' id='word_1_207' title='bbox 508 3505 610 3556; x_wconf 87' lang='lat' dir='ltr'><strong>quo</strong></span> <span class='ocrx_word' id='word_1_208' title='bbox 660 3490 677 3519; x_wconf 90' lang='lat'>‘</span> <span class='ocrx_word' id='word_1_209' title='bbox 702 3489 977 3541; x_wconf 85' lang='lat' dir='ltr'><strong>victoriam</strong></span> <span class='ocrx_word' id='word_1_210' title='bbox 1009 3487 1191 3537; x_wconf 88' lang='lat' dir='ltr'><strong>mortis</strong></span> <span class='ocrx_word' id='word_1_211' title='bbox 1224 3488 1507 3551; x_wconf 88' lang='lat' dir='ltr'><strong>promeruit</strong></span> <span class='ocrx_word' id='word_1_212' title='bbox 1530 3487 1563 3539; x_wconf 72' lang='grc' dir='ltr'><strong>τ’</strong></span> 
     </span>
     <span class='ocr_line' id='line_1_36' title="bbox 505 3562 1569 3635; baseline -0.001 -19"><span class='ocrx_word' id='word_1_213' title='bbox 505 3565 663 3633; x_wconf 87' lang='lat' dir='ltr'><strong>quod,</strong></span> <span class='ocrx_word' id='word_1_214' title='bbox 684 3564 886 3630; x_wconf 86' lang='lat' dir='ltr'><strong>jndicio</strong></span> <span class='ocrx_word' id='word_1_215' title='bbox 915 3563 1077 3628; x_wconf 88' lang='lat' dir='ltr'><strong>ipsius</strong></span> <span class='ocrx_word' id='word_1_216' title='bbox 1116 3562 1398 3628; x_wconf 86' lang='lat' dir='ltr'><strong>Ciceronis,</strong></span> <span class='ocrx_word' id='word_1_217' title='bbox 1425 3578 1569 3635; x_wconf 25' lang='lat' dir='ltr'><strong>‘mors</strong></span> 
     </span>
     <span class='ocr_line' id='line_1_37' title="bbox 504 3638 1570 3708; baseline -0.002 -15"><span class='ocrx_word' id='word_1_218' title='bbox 504 3643 617 3706; x_wconf 91' lang='lat' dir='ltr'><strong>illa,</strong></span> <span class='ocrx_word' id='word_1_219' title='bbox 648 3656 767 3708; x_wconf 83' lang='lat' dir='ltr'><strong>quae</strong></span> <span class='ocrx_word' id='word_1_220' title='bbox 804 3647 1005 3690; x_wconf 84' lang='lat' dir='ltr'><strong>naturae</strong></span> <span class='ocrx_word' id='word_1_221' title='bbox 1037 3638 1235 3702; x_wconf 87' lang='lat' dir='ltr'><strong>debita,</strong></span> <span class='ocrx_word' id='word_1_222' title='bbox 1266 3653 1372 3690; x_wconf 90' lang='lat' dir='ltr'><strong>non</strong></span> <span class='ocrx_word' id='word_1_223' title='bbox 1405 3642 1570 3692; x_wconf 89' lang='lat' dir='ltr'><strong>solum</strong></span> 
     </span>
     <span class='ocr_line' id='line_1_38' title="bbox 505 3716 1571 3786; baseline 0.001 -16"><span class='ocrx_word' id='word_1_224' title='bbox 505 3735 603 3786; x_wconf 90' lang='lat' dir='ltr'><strong>pro</strong></span> <span class='ocrx_word' id='word_1_225' title='bbox 644 3718 834 3784; x_wconf 81' lang='lat' dir='ltr'><strong>patria,</strong></span> <span class='ocrx_word' id='word_1_226' title='bbox 877 3716 971 3767; x_wconf 86' lang='lat' dir='ltr'><strong>sed</strong></span> <span class='ocrx_word' id='word_1_227' title='bbox 1008 3717 1167 3767; x_wconf 89' lang='lat' dir='ltr'><strong>etiam</strong></span> <span class='ocrx_word' id='word_1_228' title='bbox 1208 3732 1305 3782; x_wconf 92' lang='lat' dir='ltr'><strong>pro</strong></span> <span class='ocrx_word' id='word_1_229' title='bbox 1343 3719 1571 3771; x_wconf 81' lang='lat' dir='ltr'><strong>veritate</strong></span> 
     </span>
     <span class='ocr_line' id='line_1_39' title="bbox 461 3793 1573 3863; baseline -0.004 -13"><span class='ocrx_word' id='word_1_230' title='bbox 461 3804 464 3807; x_wconf 84' lang='lat'>&#39;</span> <span class='ocrx_word' id='word_1_231' title='bbox 505 3805 590 3850; x_wconf 89' lang='lat' dir='ltr'><strong>est</strong></span> <span class='ocrx_word' id='word_1_232' title='bbox 631 3795 956 3863; x_wconf 87' lang='lat' dir='ltr'><strong>potissimum</strong></span> <span class='ocrx_word' id='word_1_233' title='bbox 996 3793 1221 3857; x_wconf 85' lang='lat' dir='ltr'><strong>reddita,</strong></span> <span class='ocrx_word' id='word_1_234' title='bbox 1265 3802 1357 3846; x_wconf 89' lang='lat' dir='ltr'><strong>aut</strong></span> <span class='ocrx_word' id='word_1_235' title='bbox 1397 3797 1573 3847; x_wconf 87' lang='lat' dir='ltr'><strong>melio·</strong></span> 
     </span>
     <span class='ocr_line' id='line_1_40' title="bbox 508 3871 1571 3938; baseline 0 -14"><span class='ocrx_word' id='word_1_236' title='bbox 508 3889 619 3924; x_wconf 85' lang='lat' dir='ltr'><strong>rem</strong></span> <span class='ocrx_word' id='word_1_237' title='bbox 643 3887 799 3938; x_wconf 86' lang='lat' dir='ltr'><strong>qnam</strong></span> <span class='ocrx_word' id='word_1_238' title='bbox 828 3871 915 3936; x_wconf 91' lang='lat' dir='ltr'><strong>qui</strong></span> <span class='ocrx_word' id='word_1_239' title='bbox 945 3878 1028 3921; x_wconf 85' lang='lat' dir='ltr'><strong>est</strong></span> <span class='ocrx_word' id='word_1_240' title='bbox 1060 3871 1113 3920; x_wconf 90' lang='lat' dir='ltr'><strong>in</strong></span> <span class='ocrx_word' id='word_1_241' title='bbox 1146 3872 1271 3934; x_wconf 87' lang='lat' dir='ltr'><strong>vita,</strong></span> <span class='ocrx_word' id='word_1_242' title='bbox 1303 3879 1394 3923; x_wconf 85' lang='lat' dir='ltr'><strong>aut</strong></span> <span class='ocrx_word' id='word_1_243' title='bbox 1427 3882 1571 3924; x_wconf 85' lang='lat' dir='ltr'><strong>certe</strong></span> 
     </span>
     <span class='ocr_line' id='line_1_41' title="bbox 510 3945 1570 4001; baseline -0.002 0"><span class='ocrx_word' id='word_1_244' title='bbox 510 3965 613 4001; x_wconf 86' lang='lat' dir='ltr'><strong>non</strong></span> <span class='ocrx_word' id='word_1_245' title='bbox 638 3947 950 3998; x_wconf 87' lang='lat' dir='ltr'><strong>deteriorem</strong></span> <span class='ocrx_word' id='word_1_246' title='bbox 975 3945 1132 3997; x_wconf 85' lang='lat' dir='ltr'><strong>affert</strong></span> <span class='ocrx_word' id='word_1_247' title='bbox 1151 3954 1365 4000; x_wconf 88' lang='lat' dir='ltr'><strong>statum.</strong></span> <span class='ocrx_word' id='word_1_248' title='bbox 1412 3949 1570 3999; x_wconf 89' lang='lat' dir='ltr'><strong>Deni-</strong></span> 
     </span>
     <span class='ocr_line' id='line_1_42' title="bbox 512 4023 1569 4092; baseline 0 -16"><span class='ocrx_word' id='word_1_249' title='bbox 512 4042 612 4092; x_wconf 85' lang='lat' dir='ltr'><strong>que</strong></span> <span class='ocrx_word' id='word_1_250' title='bbox 647 4025 808 4090; x_wconf 86' lang='lat' dir='ltr'><strong>ipsius</strong></span> <span class='ocrx_word' id='word_1_251' title='bbox 844 4024 1078 4075; x_wconf 89' lang='lat' dir='ltr'><strong>Socratis</strong></span> <span class='ocrx_word' id='word_1_252' title='bbox 1116 4023 1423 4088; x_wconf 86' lang='lat' dir='ltr'><strong>doctrinam,</strong></span> <span class='ocrx_word' id='word_1_253' title='bbox 1452 4041 1569 4090; x_wconf 79' lang='lat' dir='ltr'><strong>quae</strong></span> 
     </span>
     <span class='ocr_line' id='line_1_43' title="bbox 512 4101 1571 4170; baseline 0 -18"><span class='ocrx_word' id='word_1_254' title='bbox 512 4103 754 4170; x_wconf 87' lang='lat' dir='ltr'><strong>quoniam</strong></span> <span class='ocrx_word' id='word_1_255' title='bbox 777 4101 943 4151; x_wconf 88' lang='lat' dir='ltr'><strong>instar</strong></span> <span class='ocrx_word' id='word_1_256' title='bbox 982 4101 1218 4165; x_wconf 78' lang='lat' dir='ltr'><strong>pecuniae</strong></span> <span class='ocrx_word' id='word_1_257' title='bbox 1254 4101 1367 4165; x_wconf 89' lang='lat' dir='ltr'><strong>ejus</strong></span> <span class='ocrx_word' id='word_1_258' title='bbox 1404 4108 1571 4152; x_wconf 88' lang='lat' dir='ltr'><strong>morte</strong></span> 
     </span>
     <span class='ocr_line' id='line_1_44' title="bbox 514 4177 1574 4246; baseline -0.004 -13"><span class='ocrx_word' id='word_1_259' title='bbox 514 4183 580 4233; x_wconf 87' lang='lat' dir='ltr'><strong>ad</strong></span> <span class='ocrx_word' id='word_1_260' title='bbox 616 4181 814 4246; x_wconf 88' lang='lat' dir='ltr'><strong>aliquos</strong></span> <span class='ocrx_word' id='word_1_261' title='bbox 845 4177 1104 4244; x_wconf 84' lang='lat' dir='ltr'><strong>pervenit,</strong></span> <span class='ocrx_word' id='word_1_262' title='bbox 1134 4177 1333 4228; x_wconf 85' lang='lat' dir='ltr'><strong>idcirco</strong></span> <span class='ocrx_word' id='word_1_263' title='bbox 1357 4185 1574 4229; x_wconf 85' lang='lat' dir='ltr'><strong>vocatur</strong></span> 
     </span>
     <span class='ocr_line' id='line_1_45' title="bbox 510 4253 1572 4325; baseline -0.003 -16"><span class='ocrx_word' id='word_1_264' title='bbox 510 4259 748 4325; x_wconf 87' lang='lat' dir='ltr'><strong>ejusdem</strong></span> <span class='ocrx_word' id='word_1_265' title='bbox 759 4257 860 4308; x_wconf 79' lang='lat' dir='ltr'><strong>‘hoe</strong></span> <span class='ocrx_word' id='word_1_266' title='bbox 867 4256 1065 4307; x_wconf 86' lang='lat' dir='ltr'><strong>reditas</strong></span> <span class='ocrx_word' id='word_1_267' title='bbox 1072 4253 1103 4316; x_wconf 90' lang='lat'><strong>,’</strong></span> <span class='ocrx_word' id='word_1_268' title='bbox 1115 4254 1297 4319; x_wconf 89' lang='lat' dir='ltr'><strong>partiti</strong></span> <span class='ocrx_word' id='word_1_269' title='bbox 1312 4263 1434 4306; x_wconf 86' lang='lat' dir='ltr'><strong>sunt</strong></span> <span class='ocrx_word' id='word_1_270' title='bbox 1444 4256 1572 4320; x_wconf 88' lang='lat' dir='ltr'><strong>Epi-</strong></span> 
     </span>
     <span class='ocr_line' id='line_1_46' title="bbox 512 4333 1576 4402; baseline -0.001 -15"><span class='ocrx_word' id='word_1_271' title='bbox 512 4337 656 4388; x_wconf 87' lang='lat' dir='ltr'><strong>curei</strong></span> <span class='ocrx_word' id='word_1_272' title='bbox 680 4350 741 4387; x_wconf 89' lang='lat' dir='ltr'><strong>ac</strong></span> <span class='ocrx_word' id='word_1_273' title='bbox 764 4334 944 4401; x_wconf 88' lang='lat' dir='ltr'><strong>Stoici,</strong></span> <span class='ocrx_word' id='word_1_274' title='bbox 974 4348 1190 4401; x_wconf 88' lang='lat' dir='ltr'><strong>quorum</strong></span> <span class='ocrx_word' id='word_1_275' title='bbox 1220 4333 1298 4384; x_wconf 92' lang='lat' dir='ltr'><strong>illi</strong></span> <span class='ocrx_word' id='word_1_276' title='bbox 1327 4334 1576 4402; x_wconf 86' lang='lat' dir='ltr'><strong>Epicuro,</strong></span> 
     </span>
    </p>
   </div>
   <div class='ocr_carea' id='block_1_10' title="bbox 1637 2178 2711 3780">
    <p class='ocr_par' dir='ltr' id='par_1_10' title="bbox 1637 2178 2711 3690">
     <span class='ocr_line' id='line_1_47' title="bbox 1639 2178 2699 2248; baseline -0.008 -14"><span class='ocrx_word' id='word_1_277' title='bbox 1639 2184 1755 2234; x_wconf 82' lang='lat' dir='ltr'><strong>duae</strong></span> <span class='ocrx_word' id='word_1_278' title='bbox 1801 2183 2079 2248; x_wconf 79' lang='lat' dir='ltr'><strong>praecipuae</strong></span> <span class='ocrx_word' id='word_1_279' title='bbox 2120 2189 2241 2231; x_wconf 86' lang='lat' dir='ltr'><strong>sunt</strong></span> <span class='ocrx_word' id='word_1_280' title='bbox 2279 2178 2699 2245; x_wconf 84' lang='lat' dir='ltr'><strong>philosophorum</strong></span> 
     </span>
     <span class='ocr_line' id='line_1_48' title="bbox 1637 2256 2696 2325; baseline -0.005 -16"><span class='ocrx_word' id='word_1_281' title='bbox 1637 2259 1964 2325; x_wconf 89' lang='lat' dir='ltr'><strong>antiquorum</strong></span> <span class='ocrx_word' id='word_1_282' title='bbox 2003 2265 2182 2323; x_wconf 80' lang='lat' dir='ltr'><strong>sectae,</strong></span> <span class='ocrx_word' id='word_1_283' title='bbox 2215 2271 2246 2307; x_wconf 90' lang='lat' dir='ltr'><strong>a</strong></span> <span class='ocrx_word' id='word_1_284' title='bbox 2284 2256 2467 2323; x_wconf 86' lang='lat' dir='ltr'><strong>quihus</strong></span> <span class='ocrx_word' id='word_1_285' title='bbox 2505 2260 2696 2305; x_wconf 63' lang='lat' dir='ltr'><strong>cetera:</strong></span> 
     </span>
     <span class='ocr_line' id='line_1_49' title="bbox 1637 2332 2700 2402; baseline -0.006 -16"><span class='ocrx_word' id='word_1_286' title='bbox 1637 2342 2038 2402; x_wconf 82' lang='lat' dir='ltr'><strong>promanarunt:</strong></span> <span class='ocrx_word' id='word_1_287' title='bbox 2092 2348 2279 2398; x_wconf 88' lang='lat' dir='ltr'><strong>nempe</strong></span> <span class='ocrx_word' id='word_1_288' title='bbox 2316 2333 2518 2396; x_wconf 88' lang='lat' dir='ltr'><strong>Ionica,</strong></span> <span class='ocrx_word' id='word_1_289' title='bbox 2552 2332 2700 2395; x_wconf 84' lang='lat' dir='ltr'><strong>cujus</strong></span> 
     </span>
     <span class='ocr_line' id='line_1_50' title="bbox 1639 2408 2702 2472; baseline -0.004 -11"><span class='ocrx_word' id='word_1_290' title='bbox 1639 2421 1820 2463; x_wconf 84' lang='lat' dir='ltr'><strong>auctor</strong></span> <span class='ocrx_word' id='word_1_291' title='bbox 1836 2412 2025 2462; x_wconf 87' lang='lat' dir='ltr'><strong>dicitur</strong></span> <span class='ocrx_word' id='word_1_292' title='bbox 2038 2412 2230 2461; x_wconf 85' lang='lat' dir='ltr'><strong>Thales</strong></span> <span class='ocrx_word' id='word_1_293' title='bbox 2244 2410 2479 2460; x_wconf 86' lang='lat' dir='ltr'><strong>Milesius</strong></span> <span class='ocrx_word' id='word_1_294' title='bbox 2492 2427 2505 2472; x_wconf 78' lang='lat'><em>3</em></span> <span class='ocrx_word' id='word_1_295' title='bbox 2523 2415 2581 2458; x_wconf 89' lang='lat' dir='ltr'><strong>et</strong></span> <span class='ocrx_word' id='word_1_296' title='bbox 2591 2408 2702 2457; x_wconf 85' lang='lat' dir='ltr'><strong>Ita·</strong></span> 
     </span>
     <span class='ocr_line' id='line_1_51' title="bbox 1639 2487 2702 2556; baseline -0.005 -16"><span class='ocrx_word' id='word_1_297' title='bbox 1639 2490 1760 2556; x_wconf 85' lang='lat' dir='ltr'><strong>lica,</strong></span> <span class='ocrx_word' id='word_1_298' title='bbox 1809 2491 1953 2555; x_wconf 88' lang='lat' dir='ltr'><strong>cujus</strong></span> <span class='ocrx_word' id='word_1_299' title='bbox 1998 2496 2158 2554; x_wconf 82' lang='lat' dir='ltr'><strong>capnt</strong></span> <span class='ocrx_word' id='word_1_300' title='bbox 2202 2487 2305 2539; x_wconf 87' lang='lat' dir='ltr'><strong>fuit</strong></span> <span class='ocrx_word' id='word_1_301' title='bbox 2352 2488 2702 2552; x_wconf 84' lang='lat' dir='ltr'><strong>Pythagoras.</strong></span> 
     </span>
     <span class='ocr_line' id='line_1_52' title="bbox 1640 2564 2704 2638; baseline -0.006 -21"><span class='ocrx_word' id='word_1_302' title='bbox 1640 2567 1834 2638; x_wconf 64' lang='lat' dir='ltr'><strong>Ionica:</strong></span> <span class='ocrx_word' id='word_1_303' title='bbox 1871 2567 1988 2618; x_wconf 86' lang='lat' dir='ltr'><strong>duae</strong></span> <span class='ocrx_word' id='word_1_304' title='bbox 2022 2565 2375 2618; x_wconf 77' lang='lat' dir='ltr'><strong>celeberrima.-</strong></span> <span class='ocrx_word' id='word_1_305' title='bbox 2412 2564 2704 2614; x_wconf 83' lang='lat' dir='ltr'><strong>extiterunt</strong></span> 
     </span>
     <span class='ocr_line' id='line_1_53' title="bbox 1643 2639 2702 2709; baseline -0.006 -15"><span class='ocrx_word' id='word_1_306' title='bbox 1643 2643 1853 2695; x_wconf 83' lang='lat' dir='ltr'><strong>familiae</strong></span> <span class='ocrx_word' id='word_1_307' title='bbox 1860 2680 1875 2709; x_wconf 92' lang='lat'><strong>,</strong></span> <span class='ocrx_word' id='word_1_308' title='bbox 1884 2657 2068 2708; x_wconf 87' lang='lat' dir='ltr'><strong>nempe</strong></span> <span class='ocrx_word' id='word_1_309' title='bbox 2079 2641 2525 2703; x_wconf 86' lang='lat' dir='ltr'><strong>Academicorum,</strong></span> <span class='ocrx_word' id='word_1_310' title='bbox 2538 2646 2593 2690; x_wconf 83' lang='lat' dir='ltr'><strong>et</strong></span> <span class='ocrx_word' id='word_1_311' title='bbox 2603 2639 2702 2688; x_wconf 87' lang='lat' dir='ltr'><strong>Pe·</strong></span> 
     </span>
     <span class='ocr_line' id='line_1_54' title="bbox 1646 2716 2704 2787; baseline -0.008 -15"><span class='ocrx_word' id='word_1_312' title='bbox 1646 2723 2074 2787; x_wconf 82' lang='lat' dir='ltr'><strong>ripateticorum:</strong></span> <span class='ocrx_word' id='word_1_313' title='bbox 2109 2719 2310 2770; x_wconf 61' lang='lat' dir='ltr'><strong>Italicas</strong></span> <span class='ocrx_word' id='word_1_314' title='bbox 2349 2718 2544 2781; x_wconf 85' lang='lat' dir='ltr'><strong>pariter</strong></span> <span class='ocrx_word' id='word_1_315' title='bbox 2564 2716 2704 2778; x_wconf 74' lang='lat' dir='ltr'><strong>dnae,</strong></span> 
     </span>
     <span class='ocr_line' id='line_1_55' title="bbox 1643 2794 2705 2858; baseline -0.008 -10"><span class='ocrx_word' id='word_1_316' title='bbox 1643 2799 1881 2849; x_wconf 87' lang='lat' dir='ltr'><strong>nimirum</strong></span> <span class='ocrx_word' id='word_1_317' title='bbox 1904 2797 2211 2857; x_wconf 78' lang='lat' dir='ltr'><strong>Stoicorum,</strong></span> <span class='ocrx_word' id='word_1_318' title='bbox 2233 2799 2289 2844; x_wconf 89' lang='lat' dir='ltr'><strong>et</strong></span> <span class='ocrx_word' id='word_1_319' title='bbox 2311 2794 2705 2858; x_wconf 84' lang='lat' dir='ltr'><strong>Epicureorum,</strong></span> 
     </span>
     <span class='ocr_line' id='line_1_56' title="bbox 1646 2869 2706 2940; baseline -0.008 -14"><span class='ocrx_word' id='word_1_320' title='bbox 1646 2875 1810 2940; x_wconf 43' lang='lat' dir='ltr'><strong>iqui?</strong></span> <span class='ocrx_word' id='word_1_321' title='bbox 1842 2882 1900 2925; x_wconf 89' lang='lat' dir='ltr'><strong>nt</strong></span> <span class='ocrx_word' id='word_1_322' title='bbox 1930 2874 2163 2940; x_wconf 89' lang='lat' dir='ltr'><strong>loquitur</strong></span> <span class='ocrx_word' id='word_1_323' title='bbox 2197 2871 2249 2920; x_wconf 85' lang='lat' dir='ltr'><strong>S.</strong></span> <span class='ocrx_word' id='word_1_324' title='bbox 2272 2869 2494 2933; x_wconf 79' lang='lat' dir='ltr'><strong>August.</strong></span> <span class='ocrx_word' id='word_1_325' title='bbox 2515 2869 2552 2918; x_wconf 91' lang='lat'><strong>1.</strong></span> <span class='ocrx_word' id='word_1_326' title='bbox 2576 2876 2706 2919; x_wconf 74' lang='lat' dir='ltr'><strong>vm.</strong></span> 
     </span>
     <span class='ocr_line' id='line_1_57' title="bbox 1645 2944 2705 3013; baseline -0.006 -12"><span class='ocrx_word' id='word_1_327' title='bbox 1645 2952 1712 3002; x_wconf 87' lang='lat' dir='ltr'><strong>de</strong></span> <span class='ocrx_word' id='word_1_328' title='bbox 1734 2952 1847 3003; x_wconf 86' lang='lat' dir='ltr'><strong>Civ.</strong></span> <span class='ocrx_word' id='word_1_329' title='bbox 1873 2951 1941 3001; x_wconf 88' lang='lat' dir='ltr'><strong>D.</strong></span> <span class='ocrx_word' id='word_1_330' title='bbox 1966 2962 2017 3000; x_wconf 87' lang='lat' dir='ltr'><strong>c.</strong></span> <span class='ocrx_word' id='word_1_331' title='bbox 2034 2954 2084 3001; x_wconf 83' lang='grc'><strong>7.</strong></span> <span class='ocrx_word' id='word_1_332' title='bbox 2114 2948 2132 2978; x_wconf 75' lang='lat'><strong><em>⁴</em></strong></span> <span class='ocrx_word' id='word_1_333' title='bbox 2150 2944 2705 3013; x_wconf 76' lang='lat' dir='ltr'><strong>posueruntJudicium</strong></span> 
     </span>
     <span class='ocr_line' id='line_1_58' title="bbox 1647 3024 2708 3087; baseline -0.008 -8"><span class='ocrx_word' id='word_1_334' title='bbox 1647 3029 1886 3079; x_wconf 81' lang='lat' dir='ltr'><strong>veritatis</strong></span> <span class='ocrx_word' id='word_1_335' title='bbox 1905 3027 1955 3077; x_wconf 89' lang='lat' dir='ltr'><strong>in</strong></span> <span class='ocrx_word' id='word_1_336' title='bbox 1980 3025 2212 3076; x_wconf 86' lang='lat' dir='ltr'><strong>sensibus</strong></span> <span class='ocrx_word' id='word_1_337' title='bbox 2235 3024 2484 3087; x_wconf 74' lang='lat' dir='ltr'><strong>corporiS,</strong></span> <span class='ocrx_word' id='word_1_338' title='bbox 2505 3034 2708 3073; x_wconf 84' lang='lat' dir='ltr'><strong>eornm·</strong></span> 
     </span>
     <span class='ocr_line' id='line_1_59' title="bbox 1647 3101 2705 3171; baseline -0.005 -16"><span class='ocrx_word' id='word_1_339' title='bbox 1647 3121 1750 3171; x_wconf 91' lang='lat' dir='ltr'><strong>que</strong></span> <span class='ocrx_word' id='word_1_340' title='bbox 1786 3105 1957 3156; x_wconf 86' lang='lat' dir='ltr'><strong>infidis</strong></span> <span class='ocrx_word' id='word_1_341' title='bbox 1995 3111 2052 3156; x_wconf 88' lang='lat' dir='ltr'><strong>et</strong></span> <span class='ocrx_word' id='word_1_342' title='bbox 2078 3102 2353 3154; x_wconf 84' lang='lat' dir='ltr'><strong>fallacibus</strong></span> <span class='ocrx_word' id='word_1_343' title='bbox 2385 3101 2578 3165; x_wconf 79' lang='lat' dir='ltr'><strong>regulis</strong></span> <span class='ocrx_word' id='word_1_344' title='bbox 2600 3115 2705 3150; x_wconf 89' lang='lat' dir='ltr'><strong>om-</strong></span> 
     </span>
     <span class='ocr_line' id='line_1_60' title="bbox 1643 3178 2708 3248; baseline -0.004 -16"><span class='ocrx_word' id='word_1_345' title='bbox 1643 3183 1732 3233; x_wconf 90' lang='lat' dir='ltr'><strong>nia</strong></span> <span class='ocrx_word' id='word_1_346' title='bbox 1775 3197 1893 3248; x_wconf 84' lang='lat' dir='ltr'><strong>quae</strong></span> <span class='ocrx_word' id='word_1_347' title='bbox 1937 3182 2228 3244; x_wconf 86' lang='lat' dir='ltr'><strong>discuntur,</strong></span> <span class='ocrx_word' id='word_1_348' title='bbox 2284 3178 2551 3230; x_wconf 86' lang='lat' dir='ltr'><strong>metienda</strong></span> <span class='ocrx_word' id='word_1_349' title='bbox 2592 3190 2708 3229; x_wconf 89' lang='lat' dir='ltr'><strong>esse</strong></span> 
     </span>
     <span class='ocr_line' id='line_1_61' title="bbox 1646 3255 2710 3323; baseline -0.003 -14"><span class='ocrx_word' id='word_1_350' title='bbox 1646 3265 1960 3309; x_wconf 87' lang='lat' dir='ltr'><strong>censuerunt</strong></span> <span class='ocrx_word' id='word_1_351' title='bbox 1983 3257 2016 3320; x_wconf 71' lang='grc' dir='ltr'><strong>ς’</strong></span> <span class='ocrx_word' id='word_1_352' title='bbox 2048 3258 2237 3323; x_wconf 87' lang='lat' dir='ltr'><strong>quique</strong></span> <span class='ocrx_word' id='word_1_353' title='bbox 2275 3261 2555 3322; x_wconf 86' lang='lat' dir='ltr'><strong>propterea</strong></span> <span class='ocrx_word' id='word_1_354' title='bbox 2589 3255 2608 3285; x_wconf 84' lang='lat'>‘</span> <span class='ocrx_word' id='word_1_355' title='bbox 2628 3270 2710 3306; x_wconf 86' lang='lat' dir='ltr'><strong>re·</strong></span> 
     </span>
     <span class='ocr_line' id='line_1_62' title="bbox 1646 3330 2711 3397; baseline -0.002 -13"><span class='ocrx_word' id='word_1_356' title='bbox 1646 3335 1953 3384; x_wconf 87' lang='lat' dir='ltr'><strong>clamantem</strong></span> <span class='ocrx_word' id='word_1_357' title='bbox 1990 3330 2435 3397; x_wconf 85' lang='lat' dir='ltr'><strong>renitentemque’</strong></span> <span class='ocrx_word' id='word_1_358' title='bbox 2469 3331 2711 3382; x_wconf 81' lang='lat' dir='ltr'><strong>Philoso-</strong></span> 
     </span>
     <span class='ocr_line' id='line_1_63' title="bbox 1648 3409 2710 3476; baseline -0.002 -16"><span class='ocrx_word' id='word_1_359' title='bbox 1648 3412 1819 3476; x_wconf 90' lang='lat' dir='ltr'><strong>phiam</strong></span> <span class='ocrx_word' id='word_1_360' title='bbox 1837 3411 2062 3476; x_wconf 86' lang='lat' dir='ltr'><strong>experti,</strong></span> <span class='ocrx_word' id='word_1_361' title='bbox 2076 3409 2478 3475; x_wconf 82' lang='lat' dir='ltr'><strong>philosophicam</strong></span> <span class='ocrx_word' id='word_1_362' title='bbox 2493 3417 2710 3474; x_wconf 85' lang='lat' dir='ltr'><strong>vestem,</strong></span> 
     </span>
     <span class='ocr_line' id='line_1_64' title="bbox 1648 3483 2710 3551; baseline -0.002 -14"><span class='ocrx_word' id='word_1_363' title='bbox 1648 3487 1701 3538; x_wconf 90' lang='lat' dir='ltr'><strong>id</strong></span> <span class='ocrx_word' id='word_1_364' title='bbox 1728 3494 1828 3550; x_wconf 89' lang='lat' dir='ltr'><strong>est,</strong></span> <span class='ocrx_word' id='word_1_365' title='bbox 1855 3487 2134 3549; x_wconf 87' lang='lat' dir='ltr'><strong>dictiones,</strong></span> <span class='ocrx_word' id='word_1_366' title='bbox 2170 3487 2353 3551; x_wconf 88' lang='lat' dir='ltr'><strong>quibus</strong></span> <span class='ocrx_word' id='word_1_367' title='bbox 2377 3483 2710 3551; x_wconf 80' lang='lat' dir='ltr'><strong>tegerentur,</strong></span> 
     </span>
     <span class='ocr_line' id='line_1_65' title="bbox 1651 3563 2709 3630; baseline -0.001 -16"><span class='ocrx_word' id='word_1_368' title='bbox 1651 3565 1669 3594; x_wconf 86' lang='lat'>‘</span> <span class='ocrx_word' id='word_1_369' title='bbox 1686 3563 2037 3615; x_wconf 87' lang='lat' dir='ltr'><strong>disciderunt&#39;</strong></span> <span class='ocrx_word' id='word_1_370' title='bbox 2083 3578 2336 3630; x_wconf 84' lang='lat' dir='ltr'><strong>verosque</strong></span> <span class='ocrx_word' id='word_1_371' title='bbox 2378 3564 2709 3630; x_wconf 84' lang='lat' dir='ltr'><strong>philosophos</strong></span> 
     </span>
     <span class='ocr_line' id='line_1_66' title="bbox 1649 3640 2014 3690; baseline -0.003 0"><span class='ocrx_word' id='word_1_372' title='bbox 1649 3640 1853 3690; x_wconf 87' lang='lat' dir='ltr'><strong>mentiti</strong></span> <span class='ocrx_word' id='word_1_373' title='bbox 1873 3648 2014 3690; x_wconf 87' lang='lat' dir='ltr'><strong>snut.</strong></span> 
     </span>
    </p>

    <p class='ocr_par' dir='ltr' id='par_1_11' title="bbox 1713 3713 2709 3780">
     <span class='ocr_line' id='line_1_67' title="bbox 1713 3713 2709 3780; baseline 0 -15"><span class='ocrx_word' id='word_1_374' title='bbox 1713 3713 1738 3750; x_wconf 82' lang='lat'><strong>‘¹</strong></span> <span class='ocrx_word' id='word_1_375' title='bbox 1767 3713 2280 3778; x_wconf 76' lang='lat' dir='ltr'><strong>Anaxagoroesugam]</strong></span> <span class='ocrx_word' id='word_1_376' title='bbox 2310 3714 2375 3764; x_wconf 87' lang='lat' dir='ltr'><strong>In</strong></span> <span class='ocrx_word' id='word_1_377' title='bbox 2393 3713 2709 3780; x_wconf 80' lang='lat' dir='ltr'><strong>Anaxagora</strong></span> 
     </span>
    </p>
   </div>
   <div class='ocr_carea' id='block_1_11' title="bbox 1650 3792 2797 3857">
    <p class='ocr_par' dir='ltr' id='par_1_12' title="bbox 1650 3792 2797 3857">
     <span class='ocr_line' id='line_1_68' title="bbox 1650 3792 2797 3857; baseline 0.001 -16"><span class='ocrx_word' id='word_1_378' title='bbox 1650 3793 1810 3842; x_wconf 88' lang='lat' dir='ltr'><strong>etiam</strong></span> <span class='ocrx_word' id='word_1_379' title='bbox 1831 3800 1955 3842; x_wconf 90' lang='lat' dir='ltr'><strong>ante</strong></span> <span class='ocrx_word' id='word_1_380' title='bbox 1973 3792 2209 3842; x_wconf 86' lang='lat' dir='ltr'><strong>Platonis</strong></span> <span class='ocrx_word' id='word_1_381' title='bbox 2226 3798 2435 3843; x_wconf 80' lang='lat' dir='ltr'><strong>aetatem</strong></span> <span class='ocrx_word' id='word_1_382' title='bbox 2453 3792 2712 3857; x_wconf 88' lang='lat' dir='ltr'><strong>sapientia</strong></span> <span class='ocrx_word' id='word_1_383' title='bbox 2796 3850 2797 3853; x_wconf 8' lang='grc' dir='ltr'><strong>Ἴ</strong></span> 
     </span>
    </p>
   </div>
   <div class='ocr_carea' id='block_1_12' title="bbox 1647 3865 2715 4394">
    <p class='ocr_par' dir='ltr' id='par_1_13' title="bbox 1647 3865 2715 4394">
     <span class='ocr_line' id='line_1_69' title="bbox 1649 3865 2710 3933; baseline 0.002 -15"><span class='ocrx_word' id='word_1_384' title='bbox 1649 3871 1785 3918; x_wconf 87' lang='lat' dir='ltr'><strong>male</strong></span> <span class='ocrx_word' id='word_1_385' title='bbox 1808 3874 2034 3933; x_wconf 80' lang='lat' dir='ltr'><strong>excepta</strong></span> <span class='ocrx_word' id='word_1_386' title='bbox 2055 3865 2175 3920; x_wconf 83' lang='lat' dir='ltr'><strong>fuit.</strong></span> <span class='ocrx_word' id='word_1_387' title='bbox 2218 3867 2554 3933; x_wconf 85' lang='lat' dir='ltr'><strong>Anaxagoras</strong></span> <span class='ocrx_word' id='word_1_388' title='bbox 2573 3868 2710 3920; x_wconf 87' lang='lat' dir='ltr'><strong>enim</strong></span> 
     </span>
     <span class='ocr_line' id='line_1_70' title="bbox 1647 3945 2713 4011; baseline -0.001 -16"><span class='ocrx_word' id='word_1_389' title='bbox 1647 3945 1766 4010; x_wconf 91' lang='lat' dir='ltr'><strong>ipso</strong></span> <span class='ocrx_word' id='word_1_390' title='bbox 1786 3946 2005 3995; x_wconf 88' lang='lat' dir='ltr'><strong>Socrate</strong></span> <span class='ocrx_word' id='word_1_391' title='bbox 2037 3945 2314 4011; x_wconf 88' lang='lat' dir='ltr'><strong>antiquior,</strong></span> <span class='ocrx_word' id='word_1_392' title='bbox 2349 3945 2573 3996; x_wconf 87' lang='lat' dir='ltr'><strong>docente</strong></span> <span class='ocrx_word' id='word_1_393' title='bbox 2592 3946 2713 3995; x_wconf 84' lang='lat' dir='ltr'><strong>Tul-</strong></span> 
     </span>
     <span class='ocr_line' id='line_1_71' title="bbox 1651 4020 2712 4087; baseline -0.003 -13"><span class='ocrx_word' id='word_1_394' title='bbox 1651 4025 1743 4087; x_wconf 87' lang='lat' dir='ltr'><strong>lio,</strong></span> <span class='ocrx_word' id='word_1_395' title='bbox 1758 4023 1894 4072; x_wconf 86' lang='lat' dir='ltr'><strong>dixit</strong></span> <span class='ocrx_word' id='word_1_396' title='bbox 1909 4025 2180 4072; x_wconf 81' lang='lat' dir='ltr'><strong>materiam</strong></span> <span class='ocrx_word' id='word_1_397' title='bbox 2197 4020 2466 4087; x_wconf 85' lang='lat' dir='ltr'><strong>infinitam,</strong></span> <span class='ocrx_word' id='word_1_398' title='bbox 2481 4022 2572 4072; x_wconf 86' lang='lat' dir='ltr'><strong>sed</strong></span> <span class='ocrx_word' id='word_1_399' title='bbox 2596 4022 2712 4086; x_wconf 88' lang='lat' dir='ltr'><strong>ejus</strong></span> 
     </span>
     <span class='ocr_line' id='line_1_72' title="bbox 1650 4097 2713 4165; baseline -0.002 -16"><span class='ocrx_word' id='word_1_400' title='bbox 1650 4099 1937 4165; x_wconf 85' lang='lat' dir='ltr'><strong>particulas</strong></span> <span class='ocrx_word' id='word_1_401' title='bbox 1974 4097 2168 4147; x_wconf 85' lang='lat' dir='ltr'><strong>similes</strong></span> <span class='ocrx_word' id='word_1_402' title='bbox 2205 4098 2342 4148; x_wconf 89' lang='lat' dir='ltr'><strong>inter</strong></span> <span class='ocrx_word' id='word_1_403' title='bbox 2381 4113 2438 4149; x_wconf 90' lang='lat' dir='ltr'><strong>se</strong></span> <span class='ocrx_word' id='word_1_404' title='bbox 2467 4099 2713 4160; x_wconf 86' lang='lat' dir='ltr'><strong>minutas,</strong></span> 
     </span>
     <span class='ocr_line' id='line_1_73' title="bbox 1653 4172 2715 4240; baseline -0.004 -12"><span class='ocrx_word' id='word_1_405' title='bbox 1653 4192 1740 4228; x_wconf 86' lang='lat' dir='ltr'><strong>eas</strong></span> <span class='ocrx_word' id='word_1_406' title='bbox 1764 4177 1984 4240; x_wconf 89' lang='lat' dir='ltr'><strong>primum</strong></span> <span class='ocrx_word' id='word_1_407' title='bbox 2006 4172 2263 4237; x_wconf 88' lang='lat' dir='ltr'><strong>confusas,</strong></span> <span class='ocrx_word' id='word_1_408' title='bbox 2296 4182 2477 4239; x_wconf 88' lang='lat' dir='ltr'><strong>postea</strong></span> <span class='ocrx_word' id='word_1_409' title='bbox 2499 4176 2552 4225; x_wconf 88' lang='lat' dir='ltr'><strong>in</strong></span> <span class='ocrx_word' id='word_1_410' title='bbox 2575 4176 2715 4225; x_wconf 87' lang='lat' dir='ltr'><strong>ordi-</strong></span> 
     </span>
     <span class='ocr_line' id='line_1_74' title="bbox 1652 4250 2713 4317; baseline -0.001 -15"><span class='ocrx_word' id='word_1_411' title='bbox 1652 4268 1769 4303; x_wconf 87' lang='lat' dir='ltr'><strong>nem</strong></span> <span class='ocrx_word' id='word_1_412' title='bbox 1791 4251 2046 4302; x_wconf 85' lang='lat' dir='ltr'><strong>adductas</strong></span> <span class='ocrx_word' id='word_1_413' title='bbox 2067 4257 2243 4301; x_wconf 89' lang='lat' dir='ltr'><strong>mente</strong></span> <span class='ocrx_word' id='word_1_414' title='bbox 2264 4250 2455 4302; x_wconf 87' lang='lat' dir='ltr'><strong>divina.</strong></span> <span class='ocrx_word' id='word_1_415' title='bbox 2505 4253 2586 4301; x_wconf 81' lang='lat' dir='ltr'><strong>Ex</strong></span> <span class='ocrx_word' id='word_1_416' title='bbox 2608 4266 2713 4317; x_wconf 88' lang='lat' dir='ltr'><strong>qno</strong></span> 
     </span>
     <span class='ocr_line' id='line_1_75' title="bbox 1655 4326 2713 4394; baseline -0.006 -12"><span class='ocrx_word' id='word_1_417' title='bbox 1655 4328 1900 4394; x_wconf 85' lang='lat' dir='ltr'><strong>confecit,</strong></span> <span class='ocrx_word' id='word_1_418' title='bbox 1928 4328 2102 4379; x_wconf 86' lang='lat' dir='ltr'><strong>Solem</strong></span> <span class='ocrx_word' id='word_1_419' title='bbox 2133 4341 2236 4376; x_wconf 87' lang='lat' dir='ltr'><strong>non</strong></span> <span class='ocrx_word' id='word_1_420' title='bbox 2258 4340 2373 4376; x_wconf 85' lang='lat' dir='ltr'><strong>esse</strong></span> <span class='ocrx_word' id='word_1_421' title='bbox 2395 4328 2587 4394; x_wconf 87' lang='lat' dir='ltr'><strong>Deum,</strong></span> <span class='ocrx_word' id='word_1_422' title='bbox 2620 4326 2713 4379; x_wconf 82' lang='lat' dir='ltr'><strong>sed</strong></span> 
     </span>
    </p>
   </div>
  </div>
 </body>
</html>
