3049 4928
539 395 669 465 568
1014 412 1327 463 Nori-ru
1380 409 1804 461 ιιτηκᾼηιιι
1858 412 1954 460 nn
2004 411 2349 462 sommo.

621 573 714 631 De
737 569 1074 634 Geometria
1105 565 1264 627 Libri
1298 583 1372 626 ιῐ.
1402 586 1451 626 e
1476 566 1691 644 quibus
1721 566 2011 648 posterior
2051 567 2475 645 podismorum,
2506 578 2575 628 ut
2618 587 2717 627 vo-

543 675 659 741 cat,
690 667 953 726 notitiam
984 666 1104 725 sive
1135 664 1543 726 Gromaticam
1572 666 1780 744 tangit.

621 765 927 849 Allegatur
956 767 1189 829 Boethii
1232 768 1683 830 commentarius
1709 787 1888 849 super
1913 767 2299 846 Porphyrium
2330 767 2409 829 ad
2450 767 2721 838 Fabium,

427 943 434 950 ,
539 869 618 929 ab
650 867 918 927 Honorio
959 864 1480 942 Augustodunensi
1509 866 1578 924 L.
1609 883 1657 926 1.
1688 881 1943 934 c.„xx1.
1985 864 2060 924 de
2091 864 2470 942 Philosophia
2499 864 2724 935 mundi,

540 972 604 1023 et
631 983 666 1024 a
716 961 993 1022 Zacharia
1034 960 1535 1039 chrysopolitano
1580 961 1653 1020 T.
1684 970 1776 1022 10.
1819 960 1970 1021 Bibl.
2001 962 2238 1021 Petrum
2268 960 2412 1021 edit.
2441 960 2637 1039 Lugd.
2663 952 2722 1038 p.

543 1057 684 1129 736.
1898 1063 1905 1067 ’

625 1154 864 1215 Librum
905 1151 1257 1212 divisionum
1290 1151 1491 1213 laudat
1516 1153 1613 1214 Jo.
1661 1154 2105 1215 Sarisberieusis
2134 1168 2245 1212 ιιι.
2275 1161 2336 1224 9.
2380 1151 2722 1230 Metalogici

541 1269 606 1330 p.
635 1249 767 1311 165.
797 1251 993 1328 aitque
1021 1269 1154 1309 eum
1175 1250 1529 1331 compendio
1556 1253 1865 1312 verborum
1884 1261 1943 1313 et
1962 1250 2246 1329 elegantia
2274 1270 2550 1310 sensuum
2580 1249 2729 1309 inter

543 1365 724 1426 opera
747 1346 999 1418 Boe‘thii,
1028 1367 1163 1425 quae
1194 1346 1469 1425 Logicam
1496 1356 1790 1425 spectant,
1821 1347 2166 1427 singularem
2195 1346 2439 1425 gratiam
2485 1355 2721 1406 nactum

545 1461 697 1503 esse.

622 1540 786 1602 Libri
825 1556 921 1600 vr.
968 1541 1026 1600 in
1057 1539 1286 1619 Topica
1315 1541 1617 1603 Ciceronis
1646 1550 1964 1602 occurrunt
1991 1542 2165 1601 etiam
2198 1540 2256 1599 in
2300 1541 2490 1619 primo
2532 1541 2725 1600 Tomo

545 1638 813 1716 Operum
845 1639 1146 1698 Ciceronis
1164 1658 1301 1697 cum
1332 1636 1731 1698 Manutiorum
1752 1638 2181 1697 commentariis
2203 1637 2495 1697 editorum
2520 1639 2725 1696 Venet.

547 1742 722 1796 1582.
764 1734 866 1794 fol.
949 1733 1183 1795 Boethii
1214 1734 1541 1794 Dialectica
1568 1734 1631 1793 in
1660 1734 2069 1813 compendium
2101 1735 2277 1794 missa
2303 1743 2362 1793 et
2384 1735 2444 1792 in
2470 1734 2725 1812 linguam

543 1831 818 1890 Graecam
849 1832 1125 1891 translata
1160 1830 1251 1889 usi
1284 1840 1419 1890 sunt
1441 1830 1617 1890 etiam
1658 1832 1877 1890 Graeci.
1961 1831 2111 1890 Vide
2152 1830 2535 1891 Lambecium
2570 1846 2727 1890 vul.

542 1945 603 2003 p.
655 1935 794 1988 385.
840 1927 1207 1988 Scholiorum
1259 1928 1605 1987 Graecorum
1651 1926 1708 1985 in
1758 1927 1939 1986 libros
1985 1926 2060 1987 de
2090 1927 2434 1987 differentiis
2462 1926 2732 2004 Topicis.

539 2022 776 2081 Auctor
800 2032 886 2082 est
918 2023 1216 2083 Maximus
1243 2022 1560 2095 Planudes,
1594 2039 1661 2084 ut
1704 2033 1937 2083 constat
1981 2044 2052 2082 ex
2084 2024 2307 2084 Codice
2351 2025 2576 2084 Groeco
2611 2025 2726 2082 Ms.

541 2119 829 2179 Bavarico
854 2135 1164 2179 Lxxxnl.
2490 2133 2501 2140 '

621 2215 694 2272 V.
744 2224 842 2276 22.
872 2223 1014 2292 post
1060 2216 1266 2276 Venet.
1320 2225 1494 2288 1559.
1540 2217 1646 2277 fol.
1689 2216 1885 2277 adde:
1929 2222 2037 2276 ‘ex
2064 2216 2298 2275 officina
2326 2214 2732 2294 Valgrisiana.’

543 2309 772 2369 Boethii
794 2311 1093 2371 sententiae
1121 2313 1295 2372 editae
1325 2323 1463 2373 sunt
1489 2314 1566 2373 ab
1598 2313 1857 2373 Henrico
1881 2313 2144 2384 Ernstio,
2172 2312 2356 2371 forma
2388 2313 2636 2371 minore.

543 2421 546 2426 ⁴
620 2405 908 2467 Libellum
938 2407 1014 2468 de
1040 2407 1346 2488 disciplina
1390 2408 1753 2470 Scholarium
1798 2409 2008 2469 Colou.
2062 2417 2234 2481 1493.
2279 2417 2336 2468 4.
2379 2428 2519 2468 cum
2571 2427 2731 2468 com-

541 2495 820 2564 mentatio
844 2505 1067 2583 pridem
1088 2507 1336 2578 editum,
1355 2507 1609 2568 Boethio
1625 2507 1812 2566 minus
1842 2516 2003 2567 recte
2031 2504 2212 2566 tribui
2240 2506 2297 2564 in
2321 2505 2462 2564 edit.
2507 2506 2735 2564 Veneta

545 2596 719 2660 1516.
769 2610 827 2663 8.
871 2602 1120 2681 aliisque
1169 2622 1344 2681 quam
1396 2602 1680 2682 plurimis,
1715 2603 1844 2679 jam
1902 2602 2211 2663 Murmeiio
2260 2602 2732 2661 animadversum

539 2686 647 2755 est.
734 2697 1090 2775 Opinionem
1117 2699 1370 2771 Labbei,
1415 2699 1515 2777 qui
1547 2700 1705 2760 illum
1742 2699 2031 2778 Dionysio
2081 2699 2476 2758 Carthusiano
2506 2691 2734 2769 tribuit,

536 2791 749 2852 refellit
767 2794 942 2853 etiam
972 2795 1408 2873 Papebrochius
1431 2796 1507 2855 T.
1539 2795 1599 2856 6.
1630 2792 1774 2855 Act.
1797 2795 2065 2855 Sanctor.
2097 2795 2243 2854 Maii
2262 2814 2320 2872 p.
2349 2790 2491 2862 706.

618 2888 694 2946 Et
722 2908 863 2948 sane
889 2891 949 2948 in
979 2890 1131 2951 libro
1158 2911 1374 2951 excuso
1405 2896 1478 2950 A.
1515 2899 1689 2962 1509.
1719 2900 1782 2951 4.
1802 2889 1915 2968 qui
1951 2891 2290 2951 inscribitur
2319 2891 2731 2951 Auctoritates

537 2982 874 3045 Aristotelis
902 2994 964 3046 et
990 2987 1234 3047 aliorum
1265 2988 1774 3066 Philosophorum,
1794 2988 1924 3066 jam
1967 2997 2236 3048 notatum
2264 2988 2496 3066 reperio
2527 2995 2546 3020 ⁸
2568 2984 2729 3065 quod

535 3077 684 3140 liber
740 3081 817 3140 de
865 3082 1224 3143 institutione
1272 3084 1641 3144 Scholastica
1688 3083 1938 3145 Boethio
1991 3085 2333 3143 humilitatis
2381 3091 2444 3144 et
2492 3082 2733 3160 majoris

538 3179 905 3240 auctoritatis
950 3199 1127 3240 causa
1173 3180 1466 3259 ascriptus
1526 3181 1599 3240 sit
1636 3200 1671 3240 a
1716 3181 1952 3243 Thoma
1998 3181 2352 3240 Brabantino
2396 3181 2615 3240 Graece
2663 3201 2731 3241 ac

539 3278 828 3338 Hebraice
856 3277 1061 3349 docto,
1093 3277 1193 3356 qui
1235 3298 1306 3337 ex
1361 3280 1584 3337 Graeco
1631 3279 1930 3338 transtulit
1970 3278 2149 3338 libros
2196 3277 2552 3349 Aristotelis,
2600 3298 2731 3356 quae

535 3372 840 3455 translatio
869 3373 1030 3452 apud
1058 3393 1166 3434 nos
1196 3376 1442 3434 habetur
1489 3384 1553 3435 ut
1580 3385 1827 3436 testatur
1855 3376 2057 3435 Abbas
2095 3374 2501 3450 (Trithemins)
2529 3375 2586 3433 in
2618 3375 2731 3435 Ca-

541 3468 742 3546 talogo
771 3469 1057 3549 Scriptor.
1089 3472 1341 3530 Eccles.'
2706 3539 2711 3544 .

619 3565 882 3645 Vetelegi
926 3568 982 3627 in
1033 3569 1280 3627 eundem
1328 3568 1619 3627 Libellum
1660 3569 2113 3628 commentarius
2161 3578 2517 3627 memoratur
2556 3588 2593 3628 a
2633 3571 2730 3631 Jo.

540 3660 799 3720 Lelando
847 3682 910 3740 p.
956 3662 1095 3723 360.
1150 3663 1224 3722 de
1270 3660 1675 3740 Scripto'ribus
1707 3664 2089 3724 Britannicis.
2134 3664 2353 3722 ‘Erant
2399 3682 2472 3721 eo
2518 3665 2728 3724 saeculo

539 3755 1035 3834 quemadmodum
1083 3766 1144 3817 et
1192 3758 1337 3816 hoc·
1358 3759 1600 3837 quidem
1645 3769 1848 3820 nostro
1901 3759 2134 3820 Boethii
2174 3758 2618 3820 lucubrationes
2671 3762 2725 3820 in

537 3871 747 3930 magna
774 3853 974 3931 gloria,
1003 3873 1182 3931 quare
1210 3856 1490 3933 Vetelego
1515 3857 1845 3917 Boethiano
1895 3876 2093 3934 operae
2122 3857 2376 3934 pretium
2407 3857 2598 3916 visum
2628 3868 2717 3918 est

537 3944 664 4021 ejus
687 3949 974 4010 Libellum
994 3950 1069 4010 de
1097 3950 1408 4030 disciplina
1436 3953 1916 4013 scholasticorum
1948 3953 2378 4012 commentariis
2408 3953 2468 4012 in
2487 3954 2723 4031 gratiam

538 4042 714 4125 pubis
741 4043 1049 4105 illustrare.
1130 4048 1421 4126 Frequens
1437 4059 1529 4109 est
1555 4049 1612 4108 in
1642 4049 2028 4110 Bibliothecis
2055 4048 2285 4112 libellus
2315 4048 2453 4107 olim
2498 4068 2535 4107 a
2581 4048 2726 4107 mul-

533 4138 609 4197 tis
639 4139 872 4201 curiose
919 4142 1127 4218 lectus,
1173 4155 1235 4205 at
1275 4164 1430 4207 nunc
1473 4146 1811 4228 eloquentia
1846 4166 1976 4208 eam
2025 4145 2286 4210 excrevit
2335 4143 2616 4210 foecunda
2657 4144 2716 4205 iu
