3049 4928
538 430 672 497 442

538 591 875 656 corrigendus
907 606 972 641 ex
994 591 1097 642 Ms.
1130 595 1308 644 nostro
1333 594 1600 645 Cassiodo-

542 683 631 720 rus
653 670 785 720 libro
808 670 971 733 primo
1004 670 1206 720 Variar.
1230 670 1397 734 Epist.
1420 676 1470 721 2.
1504 672 1519 700 ‘
1541 672 1598 722 Si

542 751 597 794 te
641 746 824 796 salutis
867 746 1093 810 propriae
1146 748 1317 809 tangit
1361 746 1601 811 affectus,

541 820 679 871 intra
713 823 848 873 illum
885 822 1021 871 diem
1052 823 1350 873 imminente
1384 824 1478 873 tibi
1512 825 1600 873 ha·

541 912 652 947 rum
673 899 946 962 portitore,
969 914 1087 948 cum
1107 899 1289 957 blatta,
1310 915 1462 965 quam
1483 916 1600 950 nos-

542 978 624 1022 tro
646 974 888 1024 cubiculo
909 974 1037 1024 dare
1061 976 1207 1025 aunis
1243 976 1454 1039 siugulis
1477 991 1599 1026 con·

543 1050 720 1111 suesti,
747 1051 921 1100 venire
942 1049 1168 1101 festina.'
1204 1051 1371 1102 Sitzm.

612 1127 836 1176 [euveum
871 1126 1007 1190 urbe]
1057 1128 1120 1177 In
1165 1143 1264 1192 qua
1320 1128 1466 1192 regui
1520 1129 1598 1178 sui

538 1203 718 1253 sedem
756 1212 877 1267 post
919 1205 1210 1255 Odoacrem
1249 1205 1600 1256 Theodericus

542 1281 926 1343 constitueram
973 1296 1232 1347 quamque
1273 1297 1598 1332 successores

540 1371 745 1421 quoque
778 1358 898 1422 ejus
952 1372 1100 1421 reges
1148 1358 1308 1408 Gothi
1349 1358 1598 1408 inhabita·

542 1440 685 1483 runt.
725 1434 897 1484 Vallia.

607 1509 833 1560 Ravenna
854 1510 966 1561 urbe
983 1510 1281 1574 decederent]
1336 1512 1472 1562 Sede
1506 1511 1597 1561 im·

538 1585 673 1648 perii
697 1586 924 1637 Gothici.
963 1587 1168 1639 Aretin.
1193 1588 1279 1637 lib.
1298 1602 1340 1638 1.
1371 1589 1437 1637 de
1462 1589 1599 1639 bello

536 1660 762 1712 Italico:
799 1665 814 1691 ‘
835 1664 1074 1714 Ceterum
1095 1665 1336 1714 civitates
1352 1680 1447 1729 per
1463 1666 1599 1729 seip-

539 1753 642 1801 sas,
667 1754 727 1789 ac
752 1755 842 1803 per
864 1741 1006 1790 cives
1038 1757 1154 1791 suos
1186 1742 1462 1805 gubernari
1487 1758 1603 1807 per·

539 1816 700 1867 misit.
763 1818 885 1881 Ipse
937 1818 1078 1868 vero'
1114 1820 1493 1884 (Theodericus
1523 1822 1600 1870 vi-

538 1890 759 1957 delicet)
789 1894 804 1922 ‘
821 1895 997 1944 sedem
1018 1897 1166 1959 regni
1189 1898 1454 1948 Ravennae
1476 1914 1600 1949 con·

536 1970 738 2033 stituit,
758 1970 931 2037 ibique
953 1972 1298 2023 inhabitavit.’
1334 1975 1565 2025 Ber-nort.

611 2048 763 2097 Notas
797 2048 1024 2110 insigniti
1042 2042 1312 2113 frontibus]
1348 2051 1516 2100 Notas
1540 2053 1599 2100 il·

536 2126 615 2174 las
653 2125 920 2175 Threicias
964 2133 1118 2176 vocat
1161 2128 1348 2178 Cicero
1392 2129 1484 2178 lib.
1534 2144 1597 2181 ιι.

538 2200 864 2266 officiorum,
885 2217 952 2253 ex
971 2218 1113 2253 more
1129 2206 1414 2255 Thracibus
1426 2207 1599 2258 solito.

537 2278 720 2330 ‚Genus
755 2279 878 2329 illud
906 2281 1146 2345 supplicii
1181 2282 1466 2347 antiquum,
1490 2298 1597 2332 ser-

541 2371 721 2405 vorum
758 2357 994 2421 primum,
1030 2359 1148 2409 hinc
1181 2359 1448 2410 ,Iuvenalis
1489 2362 1597 2412 Sat.

535 2446 659 2489 xlv,
683 2434 698 2461 ‘
719 2433 851 2483 Tum
876 2433 1022 2492 felix.
1055 2436 1259 2502 quoties
1284 2436 1466 2503 aliquis
1493 2444 1597 2488 tor·

540 2517 657 2561 tore
705 2520 884 2561 vocato
919 2513 1099 2562 Uritur
1138 2512 1344 2565 ardenti
1381 2522 1599 2579 propter

504 2585 641 2649 „duo
674 2586 838 2636 lintea
871 2586 1048 2638 ferro?
1113 2590 1241 2654 Ejus
1287 2598 1404 2654 post
1440 2593 1598 2641 Plau.

541 2669 648 2712 tum
670 2664 902 2714 meminit
919 2664 1102 2715 Cicero
1120 2666 1235 2716 loco
1257 2666 1438 2729 citato,
1456 2668 1599 2717 Mar-

540 2739 676 2790 tialis
700 2741 786 2791 lib.
811 2754 873 2790 ιι.
898 2742 1265 2806 Epignmus
1309 2743 1513 2793 Deinde
1548 2754 1602 2795 et

537 2818 886 2881 quorumlibet
925 2835 1129 2870 reorum
1174 2820 1437 2872 infamium
1486 2823 1599 2873 vili-

541 2908 746 2960 umque,
768 2902 825 2945 ut
847 2895 931 2946 hic
952 2904 1008 2946 et
1031 2896 1166 2960 apud
1185 2898 1346 2948 Guill.
1373 2899 1600 2950 Neubri-

530 2985 748 3034 gensem
789 2971 929 3023 Hist.
961 2972 1121 3036 Augl.
1156 2974 1244 3024 lib.
1284 2988 1349 3023 11.
1382 2990 1430 3024 c.
1469 2989 1600 3026 xm.

539 3046 629 3096 nbi
649 3047 884 3098 haeretici
907 3048 1180 3098 Publicani
1201 3056 1442 3115 tanquam
1470 3051 1598 3101 infa-

534 3138 649 3174 mes
673 3125 822 3175 clave
844 3125 1089 3176 candenti
1112 3133 1357 3176 notantur
1381 3128 1431 3176 in
1457 3127 1601 3178 fron·

542 3207 617 3265 te,
663 3216 940 3268 eorumque
975 3210 1232 3267 praeterea
1265 3205 1510 3267 magister
1542 3214 1600 3257 et

536 3279 592 3329 in
615 3286 802 3330 mento.
871 3280 971 3329 His
1000 3281 1328 3344 stigmatibus
1362 3296 1454 3331 seu
1478 3297 1601 3332 cau·

539 3355 673 3405 terio
712 3356 908 3407 inustos
944 3363 1095 3406 vocat
1135 3356 1321 3408 Cicero
1354 3359 1601 3423 ‘stigma-

534 3430 673 3489 ‚tiasss
738 3433 808 3481 Et
838 3431 960 3497 quia
982 3432 1226 3496 quasdam
1262 3434 1425 3484 veluti
1457 3435 1600 3484 litte-

539 3523 622 3557 ras
668 3506 967 3557 referebant
1004 3508 1256 3570 ejusmodi
1289 3517 1446 3572 notae,
1487 3510 1598 3559 ‘in-

536 3584 843 3651 scriptiones
897 3581 1102 3633 frontis'
1170 3591 1325 3635 vocat
1384 3586 1602 3639 Seneca.

548 3661 722 3711 Vallia.

536 3786 541 3791 ,
607 3736 764 3784 Notus
794 3734 1019 3796 insigniti
1029 3735 1276 3796 frontibus
1289 3738 1603 3807 pellerentur]

539 3811 785 3877 Cujacius
809 3811 1249 3861 Observationum
1281 3813 1416 3863 libro
1439 3817 1601 3879 septi-

534 3903 647 3952 vmo,
690 3903 806 3950 cap.
841 3891 920 3937 13.
961 3887 1027 3936 de
1062 3889 1417 3952 Fugitivorum
1461 3895 1599 3943 notis

542 3971 598 4014 et
623 3964 927 4028 suppliciis:
965 3965 981 3992 ‘
999 3964 1250 4021 Solebant
1272 3978 1327 4018 et
1350 3969 1424 4019 ita
1445 3970 1601 4034 pleri-

535 4054 636 4106 que
680 4055 882 4089 reorum
917 4038 1177 4091 frontibus
1209 4045 1397 4107 notari,
1439 4045 1602 4094 veluti

537 4119 656 4181 lege
680 4117 898 4166 Remnia
913 4116 1479 4185 calumniatores,quod
1502 4121 1599 4170 tol-

538 4194 665 4243 litur
689 4195 722 4242 l.
757 4192 800 4240 si
824 4192 937 4257 quis
960 4192 1019 4243 C.
1042 4192 1108 4241 de
1134 4195 1328 4245 Poenis.
1379 4194 1600 4246 Boetius

538 4269 605 4320 de
639 4268 1010 4319 Consolatione
1043 4270 1347 4334 Philosoph.
1387 4272 1603 4322 ‘Edixit

539 4353 599 4397 nt
633 4353 781 4398 notas
808 4344 1040 4410 insigniti
1063 4343 1318 4398 frontibus
1342 4345 1600 4414 pelleren-

1246 449 1464 501 Nom
1510 425 1912 504 unionum
1961 454 2042 504 ιιι

1677 596 1801 648 tur.’
1863 599 2064 648 Seneca
2090 597 2158 648 de
2186 597 2309 648 Ira:
2344 602 2360 628 ‘
2378 596 2535 648 Varia
2555 596 2723 648 viucu-

1675 673 1841 722 lorum
1868 688 2079 738 genera,
2102 673 2249 723 varia
2276 688 2566 737 poenarum,
2594 674 2726 723 lace-

1676 751 1903 801 rationes
1966 752 2328 813 membrorum,
2376 750 2728 814 inscriptiones

1676 825 1884 888 frontis,
1922 834 1977 877 et
2015 827 2294 876 bestiarum
2332 826 2625 875 immanium
2649 840 2729 875 ca-

1676 901 1889 952 vernae.'
1909 901 1924 924 ’
1958 902 2092 952 Haec
2116 903 2220 952 ille.
2253 902 2425 951 Sitzm.

1745 980 1898 1028 Notas
1944 978 2170 1041 insigniti
2209 976 2475 1042 frontibus]
2523 977 2734 1037 Ἕλληνι-

1674 1057 1783 1116 aas,
1828 1070 1922 1119 pro
1968 1057 2137 1106 ‘notis
2176 1056 2438 1119 insigniti?
2484 1056 2731 1119 Papinius

1673 1131 1837 1182 Theb.
1862 1147 1926 1183 ιι.
1969 1135 1985 1162 ‘
2007 1134 2074 1183 Di
2115 1133 2247 1183 bene
2281 1134 2420 1198 quod
2458 1135 2588 1183 tales
2621 1134 2733 1183 stir-

1676 1223 1896 1274 pemque
1920 1210 2216 1273 animosque
2239 1208 2461 1260 venitis!
2492 1203 2734 1259 accusan-

1674 1282 1729 1331 di
1753 1299 1876 1333 casu
1898 1299 1991 1348 pro
2006 1284 2292 1348 auferendi,
2311 1284 2326 1311 ‘
2343 1285 2609 1350 stirpeque
2631 1285 2735 1334 ani-

1675 1359 1895 1424 moque!
1924 1361 2157 1411 Ber-nari.

1737 1437 1920 1486 Eodem
1940 1437 2041 1500 die]
2096 1439 2212 1489 Quo
2236 1452 2390 1494 auno,
2411 1436 2605 1487 nedum
2629 1437 2734 1500 die,

1674 1510 1726 1560 id
1746 1512 2015 1573 acciderit,
2035 1527 2137 1563 non
2158 1512 2313 1564 facile
2332 1514 2603 1578 quisquam
2621 1527 2738 1562 con·

1664 1587 1880 1651 jectura
1936 1595 2260 1653 assequatur.
2350 1590 2497 1639 Filiis
2565 1596 2738 1640 tamen

1672 1664 1992 1726 consulibus,
2013 1665 2110 1715 hoc
2137 1673 2235 1729 est,
2261 1681 2395 1716 anno
2420 1679 2609 1716 nxxn.
2634 1665 2738 1716 fac·

1676 1746 1783 1789 tum
1808 1742 1992 1804 voluit,
2016 1742 2247 1808 quisquis
2278 1743 2511 1807 quaedam
2539 1743 2607 1792 de
2634 1744 2741 1793 vita

1675 1816 1788 1881 ejus
1824 1817 2076 1881 praefatus
2110 1829 2192 1869 est
2227 1819 2277 1868 in
2312 1826 2419 1869 vet.
2453 1820 2575 1870 cod.
2605 1820 2738 1870 Con-

1676 1894 1771 1942 sol.
1797 1894 2145 1959 Philosophiae
2189 1896 2247 1945 S.
2289 1896 2541 1957 Victoris,
2585 1897 2737 1946 ‘Duo

1674 1969 1768 2019 filii
1789 1970 1941 2035 ejus,'
1965 1972 2154 2037 inquit,
2185 1972 2203 2000 ‘
2219 1973 2270 2021 in
2299 1972 2586 2021 Consulatu
2621 1988 2738 2036 per-

1674 2053 1976 2095 manserunt
1997 2047 2095 2096 sub
2120 2046 2262 2110 regia
2284 2046 2591 2111 potestate.’
2645 2048 2737 2097 Cui

1672 2122 1935 2173 consentit
1978 2122 2111 2187 quod
2152 2130 2209 2173 et
2250 2123 2317 2172 de
2359 2137 2421 2172 ea
2459 2137 2516 2172 re
2563 2122 2742 2172 scribit

1673 2197 2007 2248 Rioobaidus.
2050 2198 2225 2249 Vallia.

1739 2273 2000 2323 Proemissu
2022 2273 2285 2336 damnatio]
2309 2272 2584 2338 Significat
2606 2274 2738 2324 Boe·

1677 2349 1778 2399 tius
1793 2358 1848 2399 et
1869 2349 2247 2414 quodammodo
2269 2351 2436 2398 innuit
2452 2362 2556 2399 non
2577 2352 2737 2399 solum

1672 2433 2000 2477 accusatores
2023 2428 2072 2476 in
2095 2442 2150 2477 se
2170 2426 2233 2477 ad
2258 2434 2493 2477 senatum
2522 2428 2737 2478 Romam

1674 2518 1849 2568 regem
1875 2505 2094 2568 misisse,
2112 2504 2203 2555 sed
2227 2505 2359 2554 clam
2382 2504 2591 2555 dedisse
2616 2520 2735 2570 quo·

1673 2595 1775 2647 que
1809 2595 2039 2645 operam,
2073 2581 2211 2632 forte
2244 2589 2300 2632 et
2333 2589 2392 2632 ut
2426 2582 2736 2634 condemna·

1675 2665 1818 2707 retur
1842 2658 2129 2708 mandasse.
2153 2657 2315 2717 Idem.

1673 2784 1680 2785 ff
1737 2734 1809 2782 At
1852 2734 1985 2795 cuius
2026 2734 2240 2784 criminis
2284 2733 2579 2796 arguimur?
2617 2749 2737 2785 σιω-

1672 2825 1798 2859 mam
1818 2807 2029 2873 quavis?
2061 2810 2287 2860 Senatum
2320 2812 2527 2860 dicimur
2562 2813 2737 2862 salvum

1673 2902 1771 2936 esse
1807 2888 2030 2953 voluisse]
2096 2889 2314 2949 Causam
2366 2888 2574 2952 injustae
2625 2901 2737 2952 pro·

1673 2964 1973 3028 scriptionis
2009 2964 2093 3014 hic
2141 2964 2341 3028 aperit:
2377 2963 2515 3028 quod
2560 2963 2735 3014 videli-

1673 3047 1764 3091 cet
1796 3042 2131 3092 innocentem
2170 3041 2413 3090 Senatum
2450 3041 2736 3103 majestatis

1673 3117 1892 3168 crimine
1919 3117 2236 3182 postulatum
2272 3114 2569 3164 defenderit
2596 3131 2658 3166 ac
2681 3117 2736 3165 li·

1676 3196 1971 3249 beraverit:
2005 3194 2143 3260 quod
2177 3193 2493 3242 calumniose
2521 3208 2621 3256 per
2653 3195 2752 3244 ad·

1674 3271 1931 3321 versarios
1948 3269 2166 3332 factum,
2188 3276 2249 3317 ut
2271 3283 2363 3317 suo
2382 3270 2590 3318 nomine
2609 3271 2742 3319 litte—

1674 3362 1747 3396 rae
1781 3349 2132 3411 vulgarentur,
2161 3345 2345 3410 quibus
2380 3344 2741 3407 significaban-

1675 3432 1762 3474 tur
1804 3425 1919 3489 ejus
1959 3429 2174 3472 conatus
2211 3421 2281 3471 de
2322 3421 2652 3474 restituenda
2689 3424 2740 3474 in

1675 3509 1867 3552 statum
1922 3500 2195 3565 pristinum
2246 3500 2475 3562 collapsa
2525 3494 2741 3562 jacente

1676 3579 1910 3628 Romana
1951 3575 2259 3640 Republica.
2324 3574 2427 3624 Hae
2452 3577 2600 3626 exilii
2620 3593 2741 3627 cau·

1676 3669 1778 3704 sae:
1828 3660 1883 3703 at
1918 3668 2035 3718 quae
2073 3651 2293 3701 mortis?
2331 3651 2534 3700 Dicam.
2568 3652 2743 3703 Ticini

1676 3732 1729 3782 in
1752 3745 1963 3781 carcere
1987 3729 2250 3792 detentus,
2280 3742 2383 3776 non
2408 3730 2741 3792 praeclarissia

1674 3825 1784 3873 mos
1807 3810 1970 3859 solum
2008 3807 2212 3856 libellos
2248 3806 2336 3854 De
2373 3805 2743 3856 Consolatione

1676 3886 2025 3949 Philosophiae
2069 3882 2302 3945 scripsit,
2362 3882 2454 3931 sed
2494 3883 2743 3933 adversus

1675 3964 1924 4021 Arrianos
1939 3974 2144 4026 quoque
2158 3959 2401 4024 (quorum
2419 3958 2539 4009 labe
2563 3968 2618 4010 et
2639 3961 2746 4025 ple-

1676 4041 1822 4106 rique
1847 4038 2156 4096 Gothorum,
2180 4042 2236 4084 et
2260 4036 2369 4098 ipse
2390 4036 2740 4086 Theodericus

1677 4104 1771 4168 rex
1788 4115 2040 4176 infectus)
2055 4112 2394 4162 clarissimum
2412 4113 2741 4163 Commenta·

1679 4195 1830 4255 rium,
1870 4193 2018 4257 cujus
2052 4191 2261 4239 titulus:
2300 4191 2613 4241 ‘Quomodo
2635 4191 2740 4240 Tri-

1677 4272 1814 4321 nitas
1858 4269 1928 4318 sit
1972 4283 2105 4317 unus
2148 4267 2289 4315 Deus
2316 4266 2348 4316 ε’
2403 4282 2508 4331 qua
2556 4267 2738 4317 illustri

1677 4346 2002 4400 confessione
2025 4342 2303 4411 haercticus
2342 4357 2437 4394 rex
2469 4343 2629 4408 magis
2652 4357 2734 4393 ex·
