3049 4928
503 399 638 474 222

1196 416 1283 463 Bo
1297 411 1506 462 a'rnn
1558 412 1656 461 DE
1705 410 2013 462 CONSOL.

1023 560 1226 641 Quod
1253 561 1622 646 pugnantia
1652 559 1912 625 semina

1027 664 1285 732 Foedus
1313 667 1709 748 perpetuum
1736 666 1997 742 tenent3

1024 766 1227 847 Quod
1256 764 1562 832 Phoebus
1602 783 1865 830 roseum
1893 764 2071 829 diem
2660 764 2705 826 5

1025 871 1242 937 Curru
1272 869 1584 955 provehit
1611 888 1814 934 aureo
1838 887 1857 950 ;

1021 974 1121 1040 Ut
1146 993 1317 1059 quas
1347 974 1617 1039 duxerit
1647 972 1993 1056 Hesperus

1024 1079 1283 1144 Phoebe
1310 1078 1626 1143 noctibus
1654 1077 1971 1161 imperet3

1021 1182 1119 1248 Ut
1146 1182 1396 1248 fluctus
1424 1182 1696 1248 avidum
1723 1198 1908 1245 mare

1025 1285 1226 1353 Certo
1253 1286 1384 1351 fine
1415 1285 1765 1365 coiir‘ceat3

2627 1278 2713 1343 10

1021 1388 1135 1453 Ne
1161 1390 1353 1454 terris
1380 1388 1588 1453 liceat
1608 1386 1799 1469 vagis

1018 1491 1232 1556 Latos
1260 1491 1540 1556 tundere
1570 1489 1889 1555 terminos
1908 1507 1927 1569 3
1949 1494 1993 1555 ².

1018 1593 1225 1660 Hanc
1251 1614 1474 1660 rerum
1502 1594 1749 1662 scriem
1781 1591 1971 1674 ligat,

499 1763 739 1813 contrariu
760 1762 931 1812 habent
948 1762 1076 1810 inter
1089 1776 1141 1811 se
1159 1776 1320 1823 pacem
1335 1766 1564 1809 eternam
1579 1774 1600 1817 ‚⁰
1630 1758 1754 1822 quod
1783 1757 1871 1807 Sol
1900 1755 2056 1816 defert
2080 1756 2229 1805 lucem
2247 1753 2539 1817 splendidam
2570 1766 2716 1802 curru

501 1839 674 1885 aureo,·
707 1829 829 1891 quod
867 1827 1005 1875 Luna
1041 1826 1311 1875 dominatur
1345 1824 1566 1884 tenebris,
1600 1836 1715 1887 quas
1748 1822 1991 1885 Hesperus
2013 1820 2151 1880 egit,-
2183 1822 2303 1883 quod
2339 1834 2469 1868 mare
2489 1818 2715 1881 cupidum

501 1907 728 1956 aquarum
765 1892 1002 1941 contineat
1026 1889 1207 1957 fimus
1242 1889 1399 1940 limite
1426 1888 1707 1953 proescripto
1718 1902 1739 1947 ,·
1771 1902 1830 1936 ne
1858 1886 2030 1936 iisdem
2062 1884 2257 1950 diffusis
2292 1884 2435 1934 liceat
2449 1898 2537 1947 per
2558 1887 2719 1933 terras

569 2104 601 2149 2
635 2100 814 2149 ‘Latos
848 2102 1046 2151 tundere
1073 2100 1321 2164 terminos]
1367 2101 1472 2151 Ma.
1513 2098 1718 2151 Erfurt.
1752 2105 1808 2147 ct
1853 2097 1935 2147 ed.
1976 2096 2212 2147 Norimb.
2255 2097 2405 2145 Latos
2443 2093 2636 2142 tendere
2674 2097 2718 2142 t.

506 2163 744 2215 Alteram
769 2172 943 2214 tamen
964 2166 1244 2216 lectionem
1271 2171 1466 2216 rectam
1505 2179 1642 2226 esse,
1682 2163 1848 2227 probo
1884 2161 2061 2227 hiscc‚’
2097 2164 2197 2212 ὅτε.
2230 2160 2403 2212 Sitzm.
2434 2158 2558 2208 Vid.
2585 2158 2722 2207 Not.

504 2229 631 2279 Var.
687 2230 900 2280 Tundere
920 2232 1105 2296 legunt
1127 2231 1246 2282 edd.
1263 2232 1462 2296 Delph.
1487 2237 1543 2281 et
1567 2229 1742 2281 Hack.

1503 2358 1721 2411 No'rAE

511 2456 621 2508 thio
663 2456 868 2521 adesse,
916 2458 1135 2510 eundem
1178 2458 1452 2510 Boiitbium
1483 2474 1572 2508 ex·

507 2534 641 2583 citat
679 2534 742 2584 ad
782 2535 1123 2599 spectandum
1160 2551 1408 2599 amorem,
1443 2536 1576 2600 ejus·

509 2625 611 2676 qne
635 2609 840 2663 effecta.
904 2611 1068 2662 Amor
1089 2621 1262 2663 autem
1296 2628 1402 2663 non
1425 2628 1574 2663 secus

504 2701 567 2737 ac
593 2687 842 2751 quaelibet
860 2688 1083 2738 bominis
1116 2686 1324 2738 affectio
1348 2687 1578 2752 spectari

505 2769 684 2827 polest
701 2764 900 2814 duobus
923 2765 1105 2814 modis.
1140 2766 1320 2815 Primo
1343 2765 1575 2831 quidem,

505 2846 567 2888 ut
588 2840 872 2904 loquuntur
890 2841 1212 2905 Philosophi,
1228 2841 1578 2906 inudaequatc‚

504 2922 762 2979 quatenus
778 2916 989 2980 quidam
1012 2917 1246 2981 corporis
1269 2918 1452 2968 modus
1475 2925 1577 2981 cst,

505 3004 557 3039 v.
582 3006 632 3055 g.
653 2993 930 3042 commotio
963 2994 1246 3056 sanguinis,
1280 2994 1576 3058 spirituum,

506 3071 901 3133 ceterarumque
936 3070 1170 3132 corporis
1207 3070 1418 3119 humani
1452 3084 1573 3134 par-

506 3142 635 3192 tium
693 3143 758 3192 ad
802 3145 1208 3195 conservandum
1262 3147 1573 3196 societatem

506 3219 821 3269 naturaliter
862 3219 1124 3272 instituta.
1207 3221 1470 3286 Secundo,
1511 3228 1575 3273 ut

508 3293 656 3342 aiunt
708 3292 867 3343 iidem
919 3295 1237 3361 Philosophi,
1277 3296 1571 3362 adaequate,

506 3374 781 3433 quatenus,
800 3377 996 3433 praeter
1019 3373 1326 3437 praedictum
1342 3373 1573 3438 corporis

505 3445 739 3508 modum,
758 3453 997 3497 versatur
1036 3449 1089 3497 in
1112 3450 1384 3499 voluntate
1414 3450 1575 3499 homi-

507 3521 588 3570 nis
633 3521 945 3572 adhaerentis
990 3525 1087 3585 rei,
1121 3526 1266 3575 velut
1301 3526 1454 3576 alteri
1491 3540 1575 3575 so·

503 3599 733 3660 cictatis,
755 3599 908 3662 cujus
928 3601 1040 3663 ipsc
1054 3599 1209 3651 horno
1229 3603 1430 3666 reliqua
1452 3617 1575 3665 pars

506 3676 596 3738 sit,
622 3675 778 3739 parti.
844 3676 985 3726 Hinc
1021 3692 1116 3740 pro
1156 3678 1351 3741 triplici
1385 3692 1577 3742 genere

506 3751 786 3814 opinionis,
809 3767 960 3814 quam
995 3753 1148 3802 homo
1179 3754 1372 3804 habere
1397 3762 1577 3819 potest
1602 3764 1606 3769 '

507 3828 574 3877 de
607 3834 758 3891 purte
797 3828 906 3893 illa,
932 3829 1117 3893 <pluris
1149 3830 1368 3896 scilieet,
1417 3833 1574 3894 tanti,

510 3905 593 3953 vel
616 3904 846 3964 minoris,
875 3920 1028 3970 quam
1061 3907 1305 3971 seipsum,
1325 3906 1573 3958 faciendo

505 3978 642 4029 hanc
660 3981 908 4045 partcm‚)
925 3994 1067 4039 amor
1081 3982 1300 4046 triplicis
1319 3990 1401 4033 cst
1416 3997 1577 4047 genc-

511 4055 603 4117 ris,
623 4056 872 4107 videlicet
895 4057 1081 4122 pietas,
1101 4059 1349 4123 amicitia,
1363 4067 1418 4108 et
1435 4073 1579 4109 amor

508 4131 820 4196 simpliciter
871 4133 1062 4187 dictus,
1144 4135 1209 4185 In
1264 4134 1575 4198 corporibus

510 4223 612 4259 non
636 4214 718 4259 est
760 4223 922 4272 amor,
954 4210 1053 4263 nisi
1089 4217 1346 4275 quatenus
1378 4210 1462 4260 hic
1495 4217 1577 4260 est

509 4285 688 4337 modus
741 4284 989 4351 corporis.
1055 4286 1120 4335 In
1173 4286 1294 4335 Deo
1339 4299 1443 4335 non
1493 4293 1578 4334 est

1655 2472 1817 2520 amor,
1838 2454 1935 2506 nisi
1960 2462 2214 2521 quatenus
2247 2462 2331 2505 est
2363 2451 2543 2503 modus
2574 2466 2723 2503 men-

1655 2533 1744 2583 tis.
1812 2533 1874 2582 In
1919 2533 2123 2582 homine
2158 2538 2240 2583 est
2272 2544 2437 2593 umor,
2459 2534 2725 2594 quatenus

1657 2617 1739 2660 est
1761 2609 1943 2660 modus
1961 2616 2018 2659 ct
2037 2608 2266 2672 corporis
2286 2614 2339 2656 et
2357 2605 2563 2655 mentis.
2596 2604 2727 2668 Agi-

1658 2692 1744 2736 tur
1763 2684 1849 2736 hic
1882 2685 2048 2750 primo
2071 2685 2137 2734 de
2163 2697 2335 2733 amore
2356 2680 2609 2745 corpori8‚
2635 2680 2729 2745 qui

1654 2776 1759 2811 uon
1791 2768 1898 2811 tam
1932 2777 2093 2825 amor,
2113 2776 2265 2826 quam
2298 2757 2481 2808 amoris
2514 2756 2730 2806 simula·

1655 2853 1836 2899 crum3
1889 2837 2121 2887 secundo
2162 2836 2229 2886 dc
2262 2848 2435 2886 amore
2472 2833 2731 2895 bominis;

1655 2913 1813 2964 tertio
1837 2913 1902 2963 de
1925 2928 2099 2963 umore
2120 2913 2245 2964 Dei.

1720 2997 1757 3023 ¹¹
1793 2991 1931 3047 Quod
1963 2991 2163 3039 mundus
2197 2988 2361 3039 stabili
2381 2988 2506 3054 fide,
2543 2987 2655 3052 mn]
2688 3000 2728 3037 1.

1657 3065 1849 3129 Agitur
1880 3067 1947 3115 de
1970 3067 2246 3116 simulacro
2268 3064 2473 3128 amoris,
2494 3063 2638 3130 quod
2675 3063 2729 3114 in

1654 3143 1955 3206 corporibus
1972 3142 2313 3192 animadverti
2333 3147 2510 3205 potest
2530 3157 2544 3189 τ
2579 3140 2731 3190 huic·

1653 3233 1753 3283 que
1774 3218 2001 3269 refertur
2025 3226 2333 3282 acceptum:
2356 3231 2396 3267 1.
2417 3216 2557 3281 quod
2579 3230 2731 3267 mun·

1653 3297 1769 3358 dus,
1791 3297 1879 3362 qui
1901 3297 2026 3346 nihil
2051 3303 2133 3346 cst
2166 3295 2307 3345 aliud
2341 3309 2497 3359 quam
2517 3294 2731 3345 univer-

1654 3373 1782 3423 situs
1803 3387 2078 3437 corporum
2112 3370 2335 3421 materia
2356 3369 2565 3434 quidem
2598 3384 2729 3419 con-

1657 3449 1994 3511 venientium,
2013 3447 2182 3498 forma
2212 3454 2388 3496 antem
2421 3446 2728 3510 discrepan-

1657 3525 1807 3587 tium,
1829 3525 1882 3574 in
1904 3540 1998 3577 sua
2022 3524 2277 3574 varietate
2299 3535 2521 3573 concors
2545 3536 2732 3585 perse·

1655 3607 1824 3651 vetet.
1870 3604 1922 3649 2.
1946 3600 2083 3664 quod
2122 3599 2397 3659 clementa,
2435 3612 2554 3662 quae
2596 3598 2729 3648 nihil

1657 3684 1780 3726 sunt
1803 3675 1965 3738 aliud,
1987 3690 2141 3740 quam
2172 3688 2398 3739 corpora
2426 3674 2595 3737 primo
2621 3672 2731 3722 for-

1655 3760 1817 3815 mata,
1836 3768 1905 3803 ex
1929 3754 2115 3819 quibus
2137 3759 2318 3804 cetera
2346 3759 2606 3813 constent,
2631 3753 2731 3803 foe-

1651 3829 1752 3879 dns
1793 3837 2102 3893 perpetuum
2145 3834 2381 3890 teneant,
2414 3829 2523 3878 sive
2566 3828 2730 3891 intra,

1655 3906 1762 3955 sive
1782 3913 1933 3955 extra
1953 3919 2192 3970 corpora,
2210 3919 2343 3970 quae,
2364 3904 2503 3970 quod
2527 3918 2594 3953 ex
2618 3906 2727 3954 elc-

1656 3984 1845 4032 mentis
1887 3988 2148 4046 constent,
2182 3976 2433 4032 vocantur
2470 3980 2642 4030 mista.
2675 3985 2726 4031 3.

1657 4057 1797 4122 quod
1822 4059 2009 4108 coelum
2043 4057 2216 4107 sidera
2246 4056 2362 4107 suis·
2385 4056 2730 4120 temporibus,

1659 4141 1718 4184 et
1737 4149 1881 4184 mure
1915 4133 2104 4184 fluctus
2132 4133 2237 4184 suis
2267 4133 2397 4184 locis
2432 4133 2724 4184 contineat.

1655 4211 1743 4262 Dc
1764 4211 1967 4262 Phoebo
1990 4217 2045 4261 ct
2070 4211 2316 4277 Hespero
2326 4211 2437 4274 jam
2461 4209 2703 4261 diximus.
