3049 4928
514 408 604 475 66

512 566 1202 636 trabatur·‘intuitum.⁸
1271 568 1523 635 Vestes
1553 575 1742 635 erant
1761 578 1787 611 ·
1827 568 2241 635 tenuissimis
2284 568 2441 648 filis,
2493 568 2730 636 subtili

513 672 820 749 artificio,
868 671 1539 757 indissolubilique⁶⁶
1611 675 1889 738 materia
1943 672 2303 756 perfectae;
2380 693 2575 755 quaS‚
2624 674 2727 738 uti

510 782 669 859 post
694 776 929 839 eadem
961 775 1286 859 prodente
1316 779 1623 859 cognovi,
1657 777 1802 841 suis
1845 776 2158 841 manibus
2191 777 2348 860 ipsa
2396 781 2725 841 texuerat.

514 877 813 957 Quarum
872 878 1222 962 speciem‚*
1284 879 1493 943 veluti
1539 880 1838 944 fumosas
1881 878 2207 960 imagines
2256 877 2457 955 solet,
2502 878 2725 961 caligo

509 980 821 1064 quaedam
844 981 1163 1062 neglectae
1183 982 1539 1046 vetustatis
1564 980 1963 1045 obduxerat.
2040 980 2302 1044 Harum
2329 982 2396 1043 in
2415 987 2719 1044 extremo

512 1077 847 1164 margines
885 1089 967 1158 11,
998 1082 1069 1145 in
1095 1101 1407 1166 supremo
1439 1102 1596 1147 vero
1635 1090 1685 1144 Θ
1715 1083 2054 1164 legebatur
2070 1083 2424 1147 intextum.
2495 1080 2723 1165 Atque

507 1185 687 1249 inter
716 1194 1030 1268 utrasque
1059 1185 1321 1263 literaS,
1368 1185 1439 1247 in
1468 1186 1802 1250 scalarum
1834 1184 2131 1261 modum,
2167 1183 2415 1266 gradus
2449 1184 2721 1266 quidam

508 1288 803 1371 insigniti
825 1287 847 1325 ²
886 1287 1308 1364 videbantur,
1357 1287 1600 1370 quibus
1632 1287 1720 1349 ab
1767 1285 2080 1349 inferiore
2131 1285 2216 1349 ad
2246 1285 2559 1369 superius
2588 1285 2724 1350 ele·

506 1397 801 1455 mentum
823 1402 864 1428 ⁹¹·
907 1395 1088 1454 esset
1134 1407 1481 1453 ascensus.
1574 1387 1873 1452 Eandem
1920 1394 2145 1452 tamen
2186 1393 2441 1452 vestem
2470 1388 2725 1452 violen-

508 1499 728 1557 torum
777 1491 1197 1577 quorundam
1261 1489 1602 1554 sciderant
1652 1509 1916 1568 manus,
1972 1496 2038 1554 et
2092 1490 2475 1574 particulaS,
2547 1510 2721 1575 quas

1223 420 1548 472 non'rnn·
1579 420 1678 472 ΒΕ
1728 421 2037 474 00148012.

568 1673 596 1708 ¹⁵
629 1676 869 1738 Fugiebat
896 1681 1150 1739 aspectum.
1216 1672 1527 1726 ‘Indicum
1608 1671 1634 1711 Ι*
1665 1673 1907 1726 Formam.
1985 1674 2004 1711 Ι
2037 1675 2283 1741 Inscripti.
2350 1682 2388 1708 ¹¹·
2421 1673 2499 1726 Ab
2530 1674 2629 1727 ima
2660 1676 2724 1725 ad

503 1755 732 1791 summam
756 1743 965 1791 literam.

1435 1817 1791 1841 meoet„

502 1883 637 1934 Mss.
672 1885 946 1935 inexhausti
967 1884 1168 1946 vigoris.
1206 1883 1436 1940 Quamvis
1472 1884 1546 1937 ita
1576 1886 1783 1938 oevi.—6
1817 1885 2145 1937 Indissolubili
2175 1886 2358 1949 legunt
2382 1884 2487 1935 duo
2510 1884 2720 1935 codices

500 1948 778 2016 Victorini,
796 1957 932 2000 teste
955 1949 1180 2012 Vallino,
1199 1947 1285 2017 qui
1307 1949 1398 2011 ait,
1418 1949 1562 2014 prior
1581 1958 1661 2000 est
1685 1966 1713 2000 e
1732 1951 2041 2002 bibliotheca
2061 1952 2116 2004 S.
2135 1950 2363 2000 Victoris
2386 1949 2718 2003 Parisiensis.

1510 2065 1728 2116 NOTAE

567 2161 592 2196 ¹¹
612 2161 814 2212 Statura
852 2162 1151 2212 discretionis
1186 2160 1448 2224 ambiguae]
1480 2174 1572 2212 111.
1654 2161 1781 2213 tium
1799 2163 2059 2213 hominum
2079 2161 2726 2213 frustrabatur-intuitum?

501 2239 824 2303 Proponitur
841 2238 1570 2302 SubjectaPhilosophiaeMa·
1716 2245 1740 2273 ⁶
1766 2241 1929 2290 Vestes
1948 2239 2108 2303 erant]
2162 2254 2239 2289 xv.
2272 2240 2447 2288 Voces
2483 2237 2721 2287 Philoso-

503 2317 662 2366 teries
688 2333 700 2365 ε
760 2316 1096 2380 Philosophia
1153 2316 1290 2365 enim
1351 2316 1569 2379 primurn
1650 2317 1785 2381 phiae
1808 2316 1938 2366 mira
1959 2317 2044 2366 hic
2060 2323 2172 2364 arte
2192 2319 2574 2379 proponuntur:
2599 2328 2717 2363 nam

498 2399 737 2442 versatur
769 2392 910 2442 circa
944 2393 1112 2457 ipsum
1144 2392 1420 2456 homiuem,
1444 2407 1566 2442 con·

500 2469 777 2521 siderando
800 2470 1039 2521 Mentem
1058 2476 1112 2519 et
1134 2470 1357 2534 Corpus,
1374 2483 1441 2518 ex
1459 2469 1569 2534 qui·

498 2549 595 2599 bus
619 2549 769 2598 homo
791 2556 1030 2616 constat:
1071 2549 1215 2598 notio
1251 2549 1445 2613 quippe
1479 2548 1567 2598 ho·

499 2624 648 2674 minis
683 2625 906 2674 omnium
944 2625 1151 2675 videtur
1182 2626 1379 2689 prima:
1413 2640 1567 2689 prop·

499 2710 642 2753 terea
667 2703 920 2766 praedicta
943 2703 1128 2753 mulier
1159 2704 1175 2732 ‘
1192 2718 1326 2752 nunc
1343 2703 1408 2752 ad
1428 2718 1565 2753 com-

496 2792 704 2829 munem
729 2793 842 2828 sese
872 2780 1132 2829 homiuum
1166 2795 1458 2830 mensuram
1481 2794 1565 2829 co·

495 2854 744 2907 bibebat!
812 2856 1021 2905 Deinde
1058 2856 1408 2921 Philosophia,
1443 2871 1565 2919 cog·

495 2932 607 2981 nito
628 2933 848 2981 humano
883 2945 1120 2995 corpore,
1152 2937 1393 2982 versatur
1425 2932 1565 2982 circa

493 3007 693 3072 reliqua
716 3020 952 3070 corpora,
987 3008 1141 3056 etiam
1180 3007 1320 3058 circa
1341 3007 1560 3058 coelum:

495 3091 749 3152 quatenus
790 3079 977 3133 horum
1014 3098 1291 3147 corporum
1330 3084 1563 3147 cognitio

493 3160 560 3210 ad
583 3160 740 3209 vitam
778 3159 993 3209 hominis
1013 3159 1417 3210 conservandam
1440 3173 1563 3208 con-

493 3234 687 3284 ducere
727 3241 935 3298 potest:
980 3236 1118 3285 unde
1161 3234 1344 3285 eadem
1380 3234 1566 3283 mulier

486 3313 658 3362 ‘nunc
690 3313 895 3377 pulsare
926 3314 1113 3363 coelum
1149 3311 1334 3361 summi
1358 3312 1567 3360 verticis

493 3386 761 3437 cacumine
780 3386 1091 3439 videbatur?
1144 3387 1421 3436 Postremo
1439 3386 1560 3435 Phi·

490 3463 749 3526 losophia,
791 3464 1004 3527 cognita
1044 3461 1339 3526 praesertim
1381 3468 1561 3511 mente

488 3541 730 3604 humana,
767 3546 1007 3589 versatur
1031 3537 1174 3588 circa
1193 3538 1431 3587 Mentem
1455 3552 1562 3587 om·

490 3617 630 3666 nium
654 3615 1086 3682 perfectissimam
1135 3615 1335 3666 Deum:
1385 3628 1418 3663 a
1458 3629 1563 3679 quo

489 3693 567 3743 ita
593 3692 837 3744 docemur
856 3692 1190 3754 intrinsecus,
1225 3698 1283 3739 ut
1314 3691 1564 3755 quamdiu

489 3784 593 3820 non
625 3769 959 3834 cognoscitur
989 3780 1187 3817 summe
1226 3781 1409 3829 verax,
1431 3773 1561 3817 tam-

489 3844 579 3895 diu
597 3845 864 3909 ignoretur
883 3844 1050 3908 prima
1069 3843 1325 3894 Veritatis
1344 3845 1558 3908 regula:

489 3923 610 3973 hinc
646 3923 749 3973 ista
784 3922 989 3984 mulier,
1026 3920 1177 3969 ‘cum
1219 3926 1381 3984 caput
1403 3922 1559 3972 altius

490 4000 787 4054 extulisset.
808 3998 976 4061 ipsum
1003 3996 1163 4045 etiam
1186 3998 1372 4045 coelum
1398 4012 1557 4061 pene,

490 4074 699 4125 trabat!
763 4075 962 4123 Verum
1002 4072 1139 4137 quod
1181 4073 1325 4121 Deus
1356 4073 1558 4138 percipi

490 4155 716 4213 nequeat
757 4161 933 4212 sensu,
973 4163 1075 4213 quo
1126 4149 1357 4200 homines
1400 4151 1557 4214 vulgo

488 4224 763 4290 percipere
811 4224 1079 4286 dicuutur,
1117 4224 1316 4276 idcirco
1368 4226 1556 4276 eadem

488 4301 672 4356 mulier
707 4304 990 4369 cogitando
1018 4304 1191 4355 Deum
1230 4305 1246 4331 ‘
1272 4304 1556 4371 respicien-

1650 2407 1690 2445 1.
1744 2396 1918 2444 Voces
1963 2392 2339 2457 Philosophicae
2391 2398 2511 2441 sunt
2555 2392 2720 2455 ipsius

1647 2470 1998 2535 Philosophiae
2054 2474 2071 2499 ‘
2108 2468 2331 2520 vestesz'
2385 2470 2504 2535 quia
2565 2484 2721 2519 voces

1645 2554 1767 2598 sunt
1802 2549 2156 2611 integumenta
2194 2553 2249 2596 et
2288 2546 2557 2595 involucra
2579 2548 2719 2610 cogi·

1648 2624 1899 2673 tatiouum
1922 2640 1935 2673 ε
1973 2623 2309 2688 Philosophia
2324 2629 2518 2683 autem,
2536 2629 2718 2688 utpote

1648 2701 1896 2766 cognitio,
1951 2700 2208 2765 quoddam
2256 2707 2338 2750 est
2388 2699 2718 2763 cogitationis

1647 2792 1827 2842 genus.
1881 2783 1931 2829 2.
1965 2779 2137 2827 Voces
2175 2777 2553 2840 Philosophicae
2596 2783 2721 2827 sunt

1647 2856 1663 2882 ‘
1689 2855 2003 2903 tenuissimis
2027 2852 2148 2914 filis,
2178 2852 2354 2902 subtili
2379 2851 2620 2915 artificio,
2640 2853 2718 2903 in·

1647 2929 2038 2994 dissolubilique
2116 2928 2336 2978 materia
2412 2926 2718 2991 perfectaet'

1646 3006 1885 3071 quoniam
1925 3006 2001 3054 hae
2042 3005 2299 3054 dictiones
2323 3011 2441 3054 sunt
2477 3004 2716 3068 humiles,

1646 3082 1713 3132 ad
1761 3082 2157 3146 intelligentiam
2210 3081 2406 3145 potius,
2449 3096 2601 3146 quam
2645 3081 2713 3132 ad

1642 3174 1885 3223 pompam
1925 3159 2347 3218 accommodatas,
2372 3165 2427 3208 et
2450 3159 2717 3211 individua

1641 3235 1779 3284 inter
1830 3250 1885 3285 se
1943 3234 2327 3284 necessitudine
2392 3235 2719 3299 conjunctae;

1643 3326 1769 3377 quas
1794 3326 1909 3361 cum
1950 3312 2249 3376 Philosophi
2290 3312 2406 3375 ipsi,
2438 3312 2715 3363 maximam

1642 3395 1869 3452 partem,
1889 3389 2180 3439 invenerint
2199 3406 2213 3451 ;
2236 3390 2355 3439 ideo
2377 3388 2716 3454 Philosophia

1642 3467 1733 3514 has
1754 3466 1771 3493 ⁴
1790 3466 1895 3515 suis
1919 3466 2152 3515 manibus
2179 3466 2404 3517 texuisse
2429 3464 2574 3530 ipsa’
2597 3481 2715 3532 per-

1642 3540 1871 3606 hibetur,
1901 3556 2185 3608 earumque
2229 3550 2514 3606 propterea
2554 3542 2571 3570 ‘
2595 3557 2714 3607 spe-

1645 3618 1799 3681 ciem,
1836 3620 1996 3668 veluti
2019 3618 2249 3669 fumosas
2282 3621 2533 3684 imagines
2559 3623 2712 3683 solet,

1642 3693 1811 3757 caligo
1855 3695 2095 3759 quaedam
2139 3696 2393 3759 neglectae
2441 3696 2714 3747 vetustatis

1642 3767 1957 3821 obduxisse.'
2021 3768 2140 3822 Quo
2155 3769 2233 3832 fit,
2254 3777 2315 3821 ut
2333 3771 2602 3836 Boethius,
2622 3786 2712 3822 eu·

1627 3847 1716 3912 jus
1733 3847 1923 3897 eximia
1934 3849 2184 3899 Latinitas
2196 3850 2249 3898 in
2266 3850 2493 3899 versibus
2505 3851 2717 3914 emicat,

1640 3923 1883 3973 barbaras
1906 3924 2152 3990 quasdam
2187 3924 2463 3989 dictiones,
2486 3941 2586 3976 uon
2609 3927 2714 3978 nisi

1638 3999 1777 4063 apud
1813 4000 2154 4063 Philosophus
2193 4000 2428 4063 usitatas,
2451 4002 2501 4050 in
2539 4003 2712 4052 soluta

1640 4091 1736 4125 sua
1757 4077 1991 4127 oratioue
2016 4091 2268 4141 usurpare
2300 4091 2403 4127 non
2439 4077 2713 4127 dubitave-

1640 4153 1728 4201 rit.
2545 4167 2548 4176 ³

1701 4225 1723 4261 f
1740 4228 1931 4277 Harum
1950 4228 2001 4277 in
2019 4232 2228 4277 extremo
2245 4225 2487 4289 margine]
2513 4241 2560 4276 v·
2578 4226 2709 4290 Spe·

1637 4305 1746 4355 cles
1785 4303 2129 4371 Philosophiae
2169 4317 2306 4356 nunc
2330 4309 2708 4370 proponuntur.
