3049 4928
537 406 668 474 492

534 553 783 627 tissimus,
807 563 972 630 etqui
996 571 1101 615 tam
1124 565 1419 630 cognitione
1440 579 1598 630 quam

1243 421 1461 471 No'rAE
1509 419 1911 472 VARIORUM
1965 423 2045 471 m

1674 573 1853 616 rentur
1875 565 2027 630 eique
2049 564 2293 629 fiderent,
2329 569 2485 631 quam
2519 568 2730 617 necessi-

541 642 870 706 expositione
893 643 1088 703 Legum
1112 657 1289 692 omnes
1317 648 1439 692 ante
1463 642 1598 706 pari}
1670 650 1799 706 tate,
1823 649 1878 693 et
1899 644 2035 707 quod
2060 658 2122 693 eo
2157 651 2394 708 tempore
2432 644 2488 694 id
2523 646 2731 710 expedi-

537 725 621 769 ter
638 726 693 769 et
716 725 835 783 post
849 733 906 769 se
925 720 1182 769 Romanos
1192 719 1228 771 J
1233 720 1597 769 iurisconsultus

540 795 822 859 superavit.
888 794 1046 844 Hunc
1080 800 1253 845 antem
1297 796 1348 844 in
1394 796 1601 845 cothur-

541 885 663 920 num
729 884 926 934 magnae
1003 872 1280 935 potestatis
1345 878 1599 934 erectum,

540 945 898 1012 Praefectique
934 948 1191 998 Praetorio
1234 962 1445 997 munere
1486 946 1600 996 fun·

544 1031 777 1087 gentem,
813 1031 1110 1087 suspectum
1135 1023 1429 1073 Antoninus
1450 1023 1602 1073 babe-

543 1099 656 1161 bat,
679 1100 782 1149 alia
814 1101 954 1149 nulla
975 1100 1040 1149 de
1065 1114 1264 1158 caussa,
1288 1115 1441 1165 quam
1464 1098 1601 1165 quod

543 1176 862 1240 Papinianus
902 1178 1319 1227 animadvertens
1372 1191 1489 1226 eum
1526 1178 1602 1227 in·

541 1250 677 1303 festu
699 1267 826 1317 erga
842 1254 1032 1304 Getam
1051 1252 1265 1303 fratrem
1285 1253 1452 1304 animo
1469 1268 1603 1317 esse,

544 1344 647 1394 quo
668 1329 745 1380 illi
768 1330 934 1380 minus
971 1330 1327 1394 insidiaretur,
1367 1347 1461 1396 pro
1482 1333 1601 1381 viri-

544 1407 661 1470 bus,
704 1407 999 1472 impediret.
1079 1408 1231 1462 Quod
1268 1410 1603 1474 impedimen-

543 1488 652 1533 tum
690 1497 720 1532 e
764 1484 936 1534 medio
992 1500 1258 1535 removere
1315 1488 1510 1550 volens,
1551 1495 1607 1538 et

544 1575 782 1625 magnum
803 1562 943 1612 illum
961 1564 1149 1626 virum,
1165 1563 1455 1629 mttltosque
1480 1564 1607 1614 alios

543 1637 631 1700 qui
657 1638 738 1686 vel
760 1638 1051 1688 concordiae
1084 1637 1344 1703 faverant,
1381 1642 1464 1690 vel
1488 1656 1607 1705 par-

544 1715 675 1765 tium
716 1715 872 1766 Getae
909 1714 1138 1778 fuerant,
1173 1732 1269 1782 per
1302 1718 1492 1769 milites
1537 1720 1609 1768 in-

546 1792 781 1843 teremit:
827 1794 902 1843 ita
924 1799 982 1842 ut
1004 1794 1278 1859 utriusque
1295 1795 1488 1844 ordinis
1509 1795 1606 1845 viri

547 1874 602 1918 et
627 1869 677 1918 in
711 1869 897 1919 balneo
918 1876 1207 1932 coenanteS,
1246 1878 1300 1920 et
1326 1871 1377 1919 in
1400 1871 1608 1935 publico

542 1952 983 2011 percuterentur:
1023 1946 1343 2009 Papinianus
1377 1948 1489 2011 ipse
1527 1962 1609 1997 se-

544 2021 657 2072 curi
700 2020 828 2087 (non
863 2023 1050 2086 gladio,
1090 2030 1150 2073 ut
1182 2030 1363 2073 noster
1401 2024 1607 2074 Auctor

545 2097 733 2161 tradit)
776 2112 1051 2161 percussus
1095 2100 1375 2164 interierit,
1417 2101 1608 2167 impro-

544 2174 704 2224 bante
725 2175 999 2236 Bassiano,
1037 2176 1173 2240 quod
1205 2192 1305 2225 non
1326 2178 1500 2242 gladio
1526 2194 1608 2228 res

519 2253 522 2264 ⁴
549 2258 763 2313 peracta
787 2257 937 2301 esset.
1014 2253 1291 2303 Enimvero
1328 2254 1535 2317 gravior
1555 2262 1610 2305 et

545 2327 925 2391 quodammodo
944 2328 1329 2392 ignominiosior
1341 2338 1473 2395 erat,
1488 2346 1609 2381 cen-

545 2412 791 2470 seturque
825 2405 994 2456 adhuc
1033 2408 1229 2458 securis
1267 2423 1420 2474 poena
1456 2405 1610 2474 quam

547 2484 725 2549 gladii.
791 2485 948 2534 Multi
993 2486 1175 2536 dicunt
1224 2486 1350 2538 Ant.
1403 2488 1611 2536 Bassia-

545 2575 667 2611 num
691 2562 864 2612 occiso
881 2561 1044 2612 fratre
1067 2565 1140 2613 illi
1165 2565 1458 2628 mandasse,
1479 2573 1540 2616 ut
1556 2566 1609 2616 in

505 2638 513 2658 ⁸
544 2638 740 2689 Senatu
776 2645 832 2690 et
869 2640 1006 2704 apud
1032 2643 1279 2705 populum
1311 2641 1509 2692 facinus
1533 2643 1608 2692 di-

543 2716 734 2778 lueret,
801 2718 945 2766 illum
1002 2725 1175 2768 autem
1230 2720 1559 2783 respondisse
1592 2734 1605 2768 :

542 2793 558 2819 ‘
577 2793 990 2858 Haudquaquam
1026 2796 1138 2859 pari
1161 2793 1420 2845 facilitate
1447 2795 1611 2844 velari

546 2868 901 2931 parricidium,
936 2886 1036 2934 qua
1074 2870 1261 2921 fieret!
1326 2874 1422 2922 Est
1448 2873 1609 2923 etiam

544 2943 680 2994 hoc:
716 2944 851 3008 quod
896 2946 1101 2996 dictare
1142 2948 1371 2997 noluerit
1403 2947 1611 2997 Oratio·

545 3034 687 3082 nem,
721 3036 822 3086 qua
862 3021 1211 3072 invehendum
1254 3031 1368 3072 erat
1410 3023 1462 3072 in
1505 3021 1610 3073 fra-

548 3104 705 3162 trem,
745 3107 805 3148 ut
842 3115 1026 3150 caussa
1063 3100 1178 3165 ejus
1219 3100 1403 3150 melior
1442 3100 1613 3164 fieret,

550 3176 640 3239 qui
682 3176 983 3227 occiderat:
1018 3177 1160 3227 illum
1202 3183 1379 3228 autem
1418 3192 1614 3241 negan-

547 3260 655 3302 tem
678 3254 1008 3317 respondisse
1030 3270 1045 3303 ε
1080 3255 1096 3282 ‘
1117 3253 1273 3303 Aliud
1293 3260 1377 3304 est
1398 3255 1614 3318 parrici-

549 3329 712 3391 dium,
737 3344 982 3380 accusare
1001 3331 1328 3381 innocentem
1347 3331 1614 3382 occisum!

548 3406 686 3454 Utut
717 3406 802 3467 sit,
845 3412 1056 3457 constat
1099 3420 1214 3454 eum
1257 3407 1403 3469 quasi
1445 3405 1614 3457 fauto-

549 3497 660 3531 rem
700 3482 853 3532 Getoe
888 3483 1133 3533 occisum.
1202 3482 1273 3531 Et
1300 3481 1469 3532 fertur
1504 3483 1616 3548 qui-

546 3557 667 3608 dem
692 3557 1058 3622 Papinianum,
1082 3573 1197 3607 cum
1234 3565 1416 3621 raptus
1457 3574 1490 3608 a
1519 3560 1617 3609 rui-¹

545 3633 730 3685 litibus
778 3632 844 3682 ad
900 3632 1149 3697 palatium
1200 3633 1495 3683 traheretur
1537 3636 1614 3684 in-

546 3709 905 3771 terficiendus,
940 3709 1307 3773 praedivinasse
1329 3708 1614 3775 dicentem,

546 3789 565 3844 ‘y
581 3787 953 3839 Stultissimum
977 3783 1089 3834 fore
1114 3784 1203 3849 qui
1237 3784 1288 3833 in
1324 3800 1470 3835 suum
1495 3787 1615 3837 sub·

550 3871 762 3927 rogatur
795 3863 987 3926 loc-tun,
1043 3861 1136 3909 nisi
1175 3861 1459 3925 appetitam
1501 3878 1616 3916 cru·

548 3941 741 3990 deliter
813 3937 1192 3988 Praefecturam
1281 3938 1618 3990 vindicaret.'

551 4017 702 4077 Quod
744 4015 943 4066 factum
986 4024 1084 4065 est.
1162 4016 1297 4066 Nam
1344 4017 1616 4066 Macrinus

550 4092 873 4144 Antoninum
907 4093 1121 4156 occidit,
1152 4094 1218 4143 ad
1255 4109 1406 4158 quem
1433 4100 1618 4158 postea

551 4171 765 4221 devenit
811 4171 1106 4235 imperium,
1159 4184 1258 4219 non
1314 4177 1420 4221 tam
1476 4170 1616 4234 quod

552 4261 669 4298 eum
711 4246 898 4300 milites
934 4245 1300 4305 benevolentia
1334 4258 1618 4312 proseque-

1674 727 1772 770 ret.
1818 720 1953 769 Vide
1977 719 2297 784 Xiphilinum
2325 720 2372 771 in
2398 720 2598 780 Anton.
2644 724 2735 773 Ca·

1673 797 1862 845 raealla
1884 815 1898 857 ;
1931 796 2119 846 Zosim.
2142 797 2235 847 lib.
2253 811 2292 846 ι.
2316 797 2458 848 Hist.
2475 798 2736 861 spartian.

1674 874 1726 922 in
1760 872 1954 922 Anton.
1980 873 2162 924 Carae.
2189 883 2244 922 et
2266 874 2321 923 in
2342 872 2547 924 Antou.
2571 875 2736 935 Geta;

1675 948 1857 998 Aurel.
1892 950 2162 999 Victorem
2217 951 2282 1000 de
2329 950 2588 1001 Caesarib.
2629 951 2739 1000 Pet.

1676 1026 1898 1078 Fabi-nm
1922 1039 1960 1075 1.
1984 1026 2229 1077 Semestr.
2263 1028 2414 1077 Idem.

1742 1102 2034 1166 Antoninus]
2112 1104 2390 1152 Bassianus
2449 1101 2741 1152 Antoninus

1679 1179 1965 1240 Caracalla,
2005 1179 2195 1242 Imper.
2235 1180 2587 1228 Romanorum
2629 1184 2742 1241 post

1680 1257 1742 1306 C.
1763 1256 1870 1306 Jul.
1899 1258 2154 1305 Caesarem
2186 1269 2308 1304 xxt.
2361 1255 2538 1319 Hujus
2565 1255 2738 1315 vitam,

1679 1347 1867 1393 mores,
1889 1329 2138 1392 facinora,
2159 1333 2377 1391 exitum,
2397 1329 2656 1394 ejusmodi
2674 1331 2743 1380 in-

1681 1408 1834 1462 clusit
1854 1408 2159 1457 terrasticho
2195 1406 2453 1456 Ausonius
2477 1408 2745 1469 Burdega·

1679 1485 1854 1547 lensis‚
1886 1484 2199 1533 ‘Dissimilis
2244 1484 2440 1533 virtute
2487 1485 2653 1547 patri,
2694 1491 2746 1535 et

1680 1560 1845 1609 multo
1864 1560 2025 1622 magis
2063 1560 2158 1623 illi,
2191 1560 2351 1623 Cujus
2378 1560 2638 1625 adoptivo
2661 1575 2746 1618 no·

1682 1638 1817 1685 mine
1841 1644 1894 1685 te
1919 1635 2192 1697 perhibes:
2226 1637 2422 1686 Fratris
2459 1645 2636 1688 morte
2661 1652 2746 1687 no·

1682 1727 1839 1774 cens;
1874 1712 2082 1775 punitus
2113 1712 2214 1762 fine
2238 1720 2474 1763 cruento.
2542 1713 2610 1763 In
2645 1714 2747 1762 risu

1682 1789 1860 1854 populi
1885 1796 1941 1838 tu
1965 1790 2234 1840 Caracalla
2251 1789 2454 1854 magis!
2489 1790 2650 1840 Idem.

1750 1868 1960 1924 Quorum
1995 1868 2172 1918 Seneca
2202 1884 2311 1933 opes
2342 1869 2490 1919 etiam
2510 1884 2627 1918 suas
2649 1876 2745 1918 tra-

1681 1947 1792 1995 dere
1836 1945 2034 2002 Neroni,
2077 1960 2214 2009 seque
2254 1947 2308 1995 in
2349 1946 2502 1994 otium
2536 1944 2748 2005 conferre

1681 2028 1874 2074 conotus
1895 2022 1990 2085 est]
2027 2022 2087 2071 In
2111 2029 2284 2073 mente
2322 2022 2506 2072 habuit
2529 2023 2747 2072 Senecae

1684 2100 1986 2162 orationem,
2024 2114 2140 2163 quae
2167 2099 2306 2164 apud
2327 2100 2573 2150 Tacitum
2599 2104 2749 2149 extat

1684 2174 1876 2225 Annal.
1921 2176 2010 2225 lib.
2044 2189 2160 2227 xlv·
2229 2177 2405 2240 Digna
2435 2184 2494 2227 ut
2529 2192 2638 2227 non
2677 2176 2749 2226 ibi

1685 2253 1846 2302 solum
1863 2254 2095 2317 legatur:
2123 2254 2204 2301 vel
2230 2259 2285 2303 ut
2298 2254 2557 2318 juventus
2580 2254 2749 2303 discat

1685 2345 1786 2379 non
1808 2333 2030 2379 suasisse
2059 2332 2221 2379 solum
2246 2332 2472 2395 Sophum
2498 2337 2752 2391 nostrum,

1686 2406 1779 2457 sed
1817 2407 2054 2472 exemplo
2093 2406 2352 2469 docuisse,
2383 2407 2653 2472 sapientes
2677 2407 2751 2454 di-

1687 2486 1838 2535 vitias
1872 2485 1924 2533 in
1960 2485 2164 2533 domum
2198 2485 2405 2549 quidem
2440 2486 2535 2535 sed
2571 2501 2677 2536 non
2699 2486 2749 2534 in

1682 2563 1908 2611 animum
1949 2562 2204 2624 recipere.
2242 2561 2750 2614 ‘Quartusdecimus

1685 2653 1848 2688 annus
1882 2647 1980 2699 est,
2021 2638 2216 2700 Caesar,
2251 2652 2315 2686 ex
2353 2653 2455 2701 quo
2491 2638 2606 2702 spei
2642 2645 2746 2688 tuae

1686 2715 1922 2764 admotus
1959 2728 2088 2777 sum,
2131 2721 2348 2764 octavus
2383 2720 2441 2763 ut
2476 2715 2750 2778 imperium

1686 2792 1909 2842 obtines.
1961 2792 2138 2841 Medio
2163 2792 2408 2855 temporis
2434 2799 2640 2841 tantum
2664 2792 2750 2841 ho·

1684 2883 1864 2918 norum
1899 2875 2056 2932 atque
2087 2883 2239 2932 opum
2273 2869 2324 2916 in
2348 2882 2430 2917 me
2452 2869 2749 2931 cumulasti,

1688 2951 1748 2994 nt
1769 2945 1892 2994 nihil
1916 2942 2156 2994 felicitati
2179 2958 2308 2992 meae
2332 2944 2490 3001 desit,
2526 2945 2625 2994 nisi
2648 2959 2749 2993 mo-

1687 3021 1888 3072 deratio
1910 3022 2040 3086 ejus.
2107 3020 2240 3070 Utar
2262 3020 2460 3081 magnis
2475 3022 2745 3085 exemplis,

1689 3113 1787 3148 nec
1819 3113 1946 3147 meae
1980 3095 2205 3147 fortunus
2241 3096 2329 3146 sed
2356 3104 2481 3148 tuae.
2551 3096 2748 3146 Atavus

1684 3181 1802 3226 tuus
1827 3175 2115 3237 Augustus,
2148 3173 2227 3222 M.
2253 3173 2504 3237 Agrippae
2528 3175 2746 3239 Mityle·

1688 3267 1846 3303 nense
1869 3259 2129 3302 secretum
2150 3267 2167 3311 ;
2204 3252 2266 3301 C.
2291 3252 2601 3312 Maecenati,
2625 3251 2747 3300 urbe

1687 3330 1741 3380 in
1765 3331 1893 3393 ipsa,
1927 3330 2065 3379 velut
2089 3331 2419 3393 peregrinum
2443 3329 2612 3379 otium
2637 3344 2748 3393 per·

1687 3407 1856 3457 misitt
1894 3420 2107 3471 quorum
2133 3407 2267 3455 alter
2291 3406 2542 3456 bellorum
2568 3407 2746 3466 socius,

1689 3483 1826 3535 alter
1848 3484 2025 3533 Romae
2052 3482 2284 3546 pluribus
2309 3482 2575 3537 laboribus
2585 3483 2750 3547 jacta·

1689 3568 1788 3617 tus,
1811 3559 1981 3623 ampla
2005 3558 2232 3622 quidem,
2270 3559 2359 3609 sed
2398 3574 2494 3624 pro
2530 3546 2749 3626 ingenti·

1688 3636 1784 3685 bus
1802 3635 1998 3684 meritis
2018 3636 2227 3699 praemia
2244 3645 2576 3700 acceperant.
2644 3639 2746 3700 Ego

1691 3712 1817 3778 quid
1840 3711 1980 3761 aliud
2004 3710 2369 3762 munificentias
2391 3712 2644 3762 adhibere
2664 3727 2746 3775 po·

1692 3788 1767 3838 tui
1791 3802 1940 3852 quam
1976 3787 2166 3848 studia,
2210 3793 2271 3839 ut
2308 3788 2383 3837 sic
2422 3787 2665 3850 dixerim,
2697 3787 2747 3837 in

1691 3863 1873 3913 umbra
1915 3862 2172 3912 educata?
2204 3878 2234 3911 e
2269 3862 2461 3927 quibus
2497 3861 2749 3913 claritudo

1691 3940 1857 4002 venit,
1881 3939 2019 4004 quod
2050 3939 2288 4002 juvrentae
2317 3946 2420 3988 tuae
2445 3939 2746 3988 rudimentis

1690 4015 1902 4068 affuisse
1925 4016 2121 4078 videor,
2142 4016 2340 4080 grande
2369 4017 2516 4079 hujus
2537 4018 2614 4066 rei
2638 4029 2751 4081 pre·

1693 4095 1840 4144 tium.
1926 4093 2002 4142 At
2054 4098 2109 4142 tu
2163 4091 2375 4155 gratiam
2431 4094 2746 4154 immensam,

1687 4168 2007 4220 innumeram
2052 4168 2324 4231 pecuniam
2363 4167 2578 4230 dedisti,
2617 4167 2743 4217 adeo

1688 4252 1750 4297 ut
1791 4246 2094 4312 plerumque
2136 4245 2273 4296 intra
2309 4258 2391 4295 me
2424 4245 2595 4310 ipsum
2640 4243 2743 4293 vol·
