3049 4928
524 403 658 473 326
1227 423 1530 474 non‘rmr
1580 423 1677 473 mr
1723 412 2034 475 censos.

527 570 712 641 illius
735 567 1120 636 corollarii!
1153 568 1336 654 quod
1365 569 1580 655 paulo
1611 577 1764 636 aute
1792 570 2213 655 praecipuum
2256 570 2456 654 dedi:
2500 591 2584 638 ac
2615 576 2722 641 ⁴sic

529 675 812 759 collige:
858 672 1032 739 Cum
1058 674 1281 759 ipsum
1308 676 1558 739 bonum
1585 673 1939 739 beatitudo
1967 675 2087 753 sit,
2114 676 2335 741 bonos
2379 696 2614 742 omnes
2642 697 2724 743 eo

528 782 683 862 ipso
712 779 896 864 quod
923 779 1086 844 boni
1116 781 1270 857 sint,
1285 778 1433 844 fieri
1459 779 1697 844 beatos
1718 777 1955 862 liquet.
2021 779 2159 843 Sed
2190 780 2306 863 qui
2332 781 2518 845 beati
2546 786 2725 859 sunt,

532 885 724 950 Deos
765 903 920 949 esse
962 882 1295 948 convenit.
1386 881 1513 946 Est
1539 882 1739 964 igitur
1765 881 2114 966 praemium
2143 883 2491 960 bonorum,
2539 884 2725 968 quod

507 986 759 1052 *nullus
783 985 1034 1050 deterat
1059 984 1229 1062 dieS‚
1259 983 1512 1049 nullius
1538 984 1801 1048 minuat
1825 990 2153 1069 potestas,
2184 985 2431 1061 nullius
2461 986 2730 1052 suscet‘

525 1089 952 1173 improbita3‚
1006 1089 1196 1153 Deos
1224 1086 1390 1151 fieri.
1480 1085 1658 1165 Quae
1703 1106 1859 1153 cum
1914 1088 2011 1153 ita
2061 1086 2214 1166 sint,
2261 1088 2347 1152 de
2397 1088 2728 1152 malorum

532 1211 805 1278 qnoque
863 1191 1300 1277 inseparabili
1373 1209 1583 1275 poena
1599 1198 1625 1225 ’
1698 1190 2007 1255 dubitare
2077 1190 2357 1274 sapiens
2402 1198 2723 1275 nequeat.

536 1295 720 1360 Nam
748 1315 901 1360 cum
928 1296 1175 1360 bonum
1203 1294 1612 1376 malumque,
1639 1294 1803 1357 item
1832 1291 2086 1377 poena⁶
2131 1297 2330 1376 atque
2375 1292 2729 1377 proemium

533 1398 810 1465 adversa
835 1398 1050 1463 fronte
1076 1398 1473 1476 dissideant,
1502 1417 1656 1482 quae
1685 1398 1755 1461 in
1776 1396 1936 1462 boni
1965 1398 2244 1480 praemio
2272 1396 2584 1461 videmus
2615 1415 2733 1460 ac·

536 1500 778 1579 cidere,
827 1501 1065 1566 eadem
1093 1520 1370 1566 necesse
1399 1510 1504 1567 est
1532 1500 1601 1564 in
1632 1500 1794 1565 mali
1823 1518 2027 1584 poena
2057 1499 2390 1564 contraria
2413 1503 2599 1583 parte
2628 1517 2738 1563 re-

534 1604 928 1688 spondeant.
1017 1604 1214 1669 Sicut
1239 1604 1439 1688 igitur
1464 1603 1701 1689 probis
1728 1602 2040 1686 probitas
2068 1603 2222 1686 ipsa
2247 1600 2326 1668 fit
2349 1601 2735 1686 praemium:

537 1707 634 1773 ita
686 1708 1014 1793 improbis
1069 1707 1374 1793 nequitia
1425 1708 1585 1792 ipsa
1636 1706 2042 1791 supplicium
2086 1710 2248 1771 est.⁷
2354 1704 2402 1770 J
2406 1724 2518 1768 am
2577 1723 2739 1769 vero

538 1812 848 1896 quisquis
879 1811 1160 1877 afficitur
1180 1812 1623 1896 poena‚·malo
1651 1831 1727 1875 se
1756 1811 2059 1876 affectum
2085 1828 2238 1875 esse
2270 1828 2399 1875 non
2439 1808 2734 1874 dubitat.

538 1914 616 1979 Si
637 1915 835 1996 igitur
855 1933 1010 1979 sese
1036 1914 1172 1999 ipsi
1199 1914 1588 1979 existimare
1606 1914 1633 1952 ἦ
1651 1912 1677 1952 ⁸
1723 1913 1954 1993 velint,
1995 1917 2372 1998 possuntne
2402 1912 2538 1978 sibi
2570 1932 2737 1996 snp-

539 2017 729 2102 plicii
760 2023 1068 2101 expertes
1099 2016 1333 2096 videri,
1364 2037 1538 2102 quos
1586 2018 1880 2083 omnium
1917 2019 2244 2083 malorum
2291 2023 2595 2082 extrema
2623 2035 2737 2080 ne-

537 2119 755 2202 quitia
781 2138 917 2184 non
950 2118 1160 2185 afficit
1187 2120 1411 2199 modo,
1454 2141 1683 2186 verum
1727 2121 1935 2186 etiam
1983 2121 2401 2186 vehementer
2427 2117 2685 2183 inficit:
2707 2127 2740 2168 ⁹

540 2220 724 2287 Vide
784 2228 1011 2288 autem
1070 2243 1159 2288 ex
1215 2224 1498 2290 adversa
1547 2233 1738 2309 parte
1793 2226 2139 2303 bonorum,
2188 2243 2346 2308 quae
2389 2222 2738 2307 improbos

544 2345 756 2409 poena
789 2326 1160 2393 comitetur.
1249 2325 1466 2392 Omne
1496 2348 1786 2412 namque
1815 2327 1995 2412 quod
2028 2328 2141 2406 sit,
2183 2346 2383 2391 unum
2422 2345 2603 2403 esse,
2634 2326 2737 2408 ip·

539 2436 827 2513 sumque
855 2448 1063 2495 unum
1093 2431 1345 2496 bonum
1374 2451 1524 2498 esse
1555 2432 1759 2517 paulo
1788 2436 1940 2498 aute
1977 2429 2312 2497 didicisti:
2357 2429 2466 2495 cui
2496 2444 2736 2493 conse-

546 2552 761 2618 quens
785 2537 891 2598 est
918 2541 992 2601 ut
1018 2555 1213 2600 omne
1255 2536 1435 2620 quod
1463 2537 1578 2615 sit,
1609 2535 1680 2601 id
1720 2536 1925 2601 etiam
1946 2537 2201 2600 bonum
2226 2553 2380 2600 esse
2409 2531 2736 2598 videatur.

549 2634 711 2699 Hoc
734 2635 935 2718 igitur
963 2637 1187 2717 modo,
1207 2637 1526 2722 quicquid
1558 2658 1600 2702 a
1619 2639 1801 2702 bono
1827 2635 2073 2713 deficit,
2101 2656 2252 2700 esse
2280 2634 2586 2699 desistit:
2611 2652 2740 2717 quo

545 2736 621 2802 fit
647 2745 726 2802 ut
745 2740 901 2804 mali
936 2740 1244 2807 desinant
1270 2761 1425 2806 esse
1453 2741 1639 2827 quod
1668 2741 1945 2806 fuerant.
2033 2738 2167 2804 Sed
2191 2738 2405 2803 fuisse
2435 2737 2740 2801 homines

597 2948 631 2992 s
658 2952 971 3005 Consectan‘i.
1099 2962 1127 2996 τ
1161 2953 1464 3004 Oba-arabit.
1593 2952 1621 2987 ¹¹
1649 2955 1902 3005 dedicare.

1452 3083 1515 3102 θ’

1790 3084 1820 3103 0

540 3164 814 3215 Rath—6
848 3166 1009 3215 Poenoe
1046 3163 1168 3215 edd.
1208 3165 1520 3216 caedente-⁷
1559 3166 1790 3230 Nequitia
1828 3165 2109 3229 supplicium
2145 3169 2217 3215 est
2264 3162 2387 3214 edd.
2430 3162 2741 3212 eaedem.—8

539 3232 802 3281 AEstimare
822 3230 944 3281 edd.
967 3231 1290 3282 eaedem.—9
1319 3232 1462 3283 Vict.
1480 3231 1769 3283 secundus:
1808 3231 2128 3294 infecit—1⁰
2162 3230 2374 3282 Plenius
2407 3229 2515 3278 ΜΒ.
2549 3225 2743 3277 Erfurt.

1537 3366 1749 3417 NOTAE

540 3476 689 3526 Deos
704 3483 1112 3530 convertuntur:
1146 3482 1453 3548 quicumque
1468 3481 1606 3533 enim
1752 3488 1776 3513 '
1795 3481 1870 3531 De
1890 3482 2117 3530 malorum
2134 3492 2310 3543 quoque
2331 3474 2636 3541 mepmbih'
2650 3489 2743 3538 γα·

539 3554 681 3603 beati
725 3563 865 3617 sunt,
898 3555 977 3604 his
1012 3557 1155 3607 Deos
1177 3572 1293 3607 esse
1327 3558 1605 3610 convenit:
1684 3573 1766 3622 aa,
1784 3558 1892 3621 lfa]
1927 3572 2008 3609 lv.
2029 3555 2265 3621 Improbi
2288 3570 2319 3605 e
2342 3553 2610 3604 contrario
2632 3565 2748 3615 sup·

539 3644 643 3679 uon
657 3630 862 3694 quidem
879 3637 1082 3695 natura,
1097 3632 1189 3682 sed
1204 3634 1607 3697 necessitudine,
1687 3635 1858 3698 pliciis
1900 3635 1977 3685 ita
2011 3632 2305 3684 afficiuntur
2333 3632 2662 3691 intrinsecus,
2694 3635 2749 3678 ut

542 3720 645 3771 qua
677 3707 918 3757 nimirum
947 3722 1124 3758 eorum
1159 3723 1326 3771 mens,
1356 3724 1460 3760 non
1483 3726 1605 3778 eog-
1685 3712 1738 3761 in
1778 3711 1975 3762 bestias
2020 3718 2430 3762 convertantur:
2480 3722 2603 3758 nan
2631 3719 2747 3757 con·

542 3783 803 3833 noscendo
833 3785 1017 3846 solum,
1051 3785 1143 3835 sed
1167 3785 1325 3835 etiam
1366 3788 1608 3851 volendo,
1686 3788 1983 3851 trariorum,
2020 3788 2191 3854 inquit
2227 3787 2446 3848 Tullius,
2488 3781 2747 3835 contraris

540 3857 603 3908 fit
625 3873 781 3908 uuum
804 3859 996 3926 aliquid
1031 3875 1146 3910 cum
1172 3864 1319 3912 Deo:
1354 3863 1488 3913 sicut
1519 3878 1606 3914 co·
1685 3873 1808 3915 sunt
1830 3864 2231 3930 consequentia:
2285 3862 2430 3929 atqui
2458 3861 2660 3914 bonum
2694 3864 2748 3909 et

541 3935 736 3984 rollarii
755 3936 920 3987 instar
939 3952 1005 3988 ex
1026 3939 1294 4001 praedictis
1315 3956 1476 4005 supra
1492 3942 1605 3991 ills·
1685 3941 1876 3992 malum
1916 3947 2038 3992 sunt
2070 3940 2332 3992 contraria
2363 3936 2745 3997 antecedentia,

542 4019 652 4061 tum
676 4020 774 4063 est.
809 4014 975 4080 Atqui
995 4014 1116 4066 boni
1133 4031 1330 4080 omnes,
1349 4024 1605 4083 quatenus
1687 4020 1958 4083 premium
1991 4033 2114 4070 vero
2134 4025 2190 4070 et
2211 4017 2526 4083 supplicium
2547 4022 2747 4066 contn-

544 4089 694 4152 hi,ut
731 4091 1081 4157 probavimus,
1116 4095 1333 4159 praemio
1372 4093 1605 4145 afficiuu-
1688 4095 1765 4145 ria
1787 4096 2182 4161 consequentia,
2196 4095 2324 4152 sive,
2339 4094 2480 4161 quod
2498 4093 2636 4144 idem
2652 4097 2746 4152 est,

542 4175 628 4216 tur
659 4168 987 4235 intrinsecus,
1021 4179 1144 4222 sunt
1178 4172 1323 4224 beati
1354 4173 1464 4223 sive
1485 4188 1605 4224 cum
1684 4173 1701 4202 ‘
1726 4173 1945 4224 adversa
1989 4171 2167 4223 fronte
2209 4171 2498 4222 dissident-³
2583 4169 2744 4232 Igitur

542 4257 741 4294 summo
797 4245 930 4296 bono
982 4264 1077 4299 sus
1116 4249 1438 4313 cogitatione
1481 4264 1606 4300 con·
1687 4258 1748 4302 ut
1771 4251 1919 4302 bonis
1937 4251 2226 4315 premium,
2240 4250 2316 4300 sie
2334 4248 2481 4299 malis
2502 4261 2649 4297 suum
2667 4247 2741 4294 est

537 4320 730 4383 juncti.
1684 4329 2012 4393 supplicium.
2101 4328 2242 4382 Quin
2304 4327 2442 4379 sicut
2501 4325 2741 4376 bonorum
