3049 4928
514 369 603 436 8⁰

1214 383 1538 439 nonunt
1565 385 1673 435 ’ΒΕ
1720 384 1857 434 ΟΟΝ
1869 385 2027 435 SOL3

517 538 701 614 gum*
743 527 1077 613 patimur
1112 542 1544 597 communem>
1581 531 1931 596 illusarum
2007 532 2331 598 mentium
2393 533 2715 599 morbum.

519 634 641 699 Sui
669 633 1013 718 paulisper
1056 634 1314 700 oblitus
1346 639 1487 715 θεῖ’,
1548 635 2007 701 recordabitur
2052 635 2271 713 facile,
2295 635 2362 700 si
2390 636 2668 720 quidem
2689 637 2717 674 ⁴

516 757 645 802 nos
673 744 828 802 ante
853 739 1366 821 recognoverit.4
1426 738 1633 817 Quod
1657 745 1731 804 ut
1750 740 2022 822 possit,⁸
2065 739 2679 823 paulisperlumina
2695 749 2717 779 ·

583 971 604 996 ⁶
638 965 904 1028 Lethon-gia
923 966 1102 1030 sopitus
1120 971 1207 1017 est.

1335 964 1363 999 ἆ
1396 963 1680 1015 Dummodo.

1812 971 1831 996 e
1868 964 2057 1013 Oculos.

1439 1104 1761 1127 &OOOOOOOOOO
1770 1105 1797 1124 O

517 1153 643 1203 verit
661 1154 853 1219 Delph.
879 1155 1050 1207 Hack.

1509 1219 1723 1302 NoTAE

515 1368 531 1391 ‘
565 1362 849 1412 *admovere
895 1362 1099 1425 pectori
1114 1361 1148 1412 ε’
1203 1368 1386 1426 pectus
1440 1361 1579 1411 enim

517 1439 776 1504 significat
838 1440 1192 1488 voluntatem:
1248 1436 1578 1502 quemadmo-

517 1515 641 1566 dum
663 1514 800 1579 apud
835 1515 1143 1564 Ciceronem
1164 1532 1176 1563 ε
1210 1516 1226 1543 ‘
1248 1514 1461 1564 Amicus
1485 1528 1581 1578 per

516 1608 576 1649 se
597 1600 802 1642 amatur
824 1597 936 1641 toto
961 1590 1216 1656 pectore!

585 1669 775 1730 fNihil,
786 1668 962 1730 inquit,
970 1669 1170 1731 periculi
1185 1666 1279 1729 est]
1310 1680 1387 1716 lv.
1403 1667 1579 1716 Philo·

519 1746 700 1809 sophia
720 1745 1028 1795 „consolatur
1057 1743 1356 1806 Boethium,
1379 1750 1438 1793 ut
1465 1744 1581 1809 ipse

521 1820 791 1883 Boethius,
812 1833 905 1882 spe
944 1819 1125 1868 salutis
1158 1825 1432 1882 concepta,
1461 1835 1579 1884 quae

518 1897 592 1947 illi
607 1895 856 1959 deinceps
869 1897 1226 1957 proponentur
1241 1893 1490 1956 remedia,
1500 1895 1581 1944 his

516 1979 696 2023 utatur
715 1970 1013 2021 lubentius:
1048 1976 1328 2034 propterea
1351 1969 1583 2019 Philoso-

518 2053 643 2118 phia
663 2051 738 2101 ait
760 2056 807 2100 1.
828 2049 844 2078 ‘
866 2049 993 2098 nihil
1012 2063 1129 2097 esse
1152 2047 1372 2112 periculi
1393 2046 1427 2097 :'
1461 2048 1585 2113 quia

517 2145 638 2180 eum
661 2143 808 2177 mens
829 2135 1008 2176 nostra
1029 2127 1098 2176 sit
1129 2125 1451 2187 immortalis,
1470 2125 1583 2176 haec

517 2205 692 2266 nullis,
725 2203 826 2252 nisi
849 2215 1083 2250 errorum
1115 2199 1480 2264 vitiorumque,
1500 2204 1583 2249 est

515 2280 746 2330 obnoxia
789 2277 1066 2342 perieulist
1107 2277 1192 2326 hic
1231 2283 1405 2325 autem
1450 2276 1579 2325 nihil

520 2359 827 2419 advertitur,
843 2357 944 2407 nisi
976 2356 1166 2408 oblivio
1188 2349 1444 2421 quaedam,
1461 2371 1578 2421 quae

514 2435 835 2486 imminentis
858 2434 1047 2484 erroris
1081 2436 1173 2484 aut
1196 2433 1309 2484 vitii
1331 2440 1453 2483 nota
1475 2446 1580 2483 non

515 2517 635 2561 est:
675 2515 723 2561 2.
766 2516 990 2560 mentem
1034 2510 1244 2561 Boethii
1290 2509 1580 2573 generatim

516 2590 534 2616 ¹
559 2588 670 2652 pati
687 2586 1025 2651 lethargum?
1057 2601 1178 2636 nam
1210 2587 1474 2649 lethargus
1496 2591 1581 2635 est

512 2664 747 2715 violenta
804 2662 1010 2713 cerebri
1061 2662 1394 2727 compressio,
1442 2660 1583 2710 unde

504 2748 705 2803 ‘torpor
740 2747 796 2790 et
825 2738 1241 2803 inexpugnabilis
1267 2736 1380 2788 fere
1414 2738 1581 2787 somni

514 2815 819 2873 necessitas,
843 2828 1013 2863 rerum
1038 2813 1264 2863 omnium
1297 2812 1508 2876 oblivio,
1526 2818 1583 2862 et

510 2892 708 2943 'mentis
752 2890 983 2941 defectio
1028 2890 1289 2940 nascitur:
1328 2889 1450 2938 hinc
1491 2888 1582 2953 qui

512 2969 616 3018 hoc
657 2967 839 3017 morbo
882 2964 1198 3029 afficiuntur,
1239 2967 1331 3015 hos
1380 2964 1578 3014 Medici

520 3043 716 3093 tamdiu
731 3049 918 3093 curant
934 3044 1156 3108 percuti,
1178 3045 1361 3106 pungi,
1379 3042 1581 3104 uri,ali-

514 3120 667 3185 isque
689 3118 851 3169 modis
872 3121 1110 3183 cruciari,
1131 3120 1318 3180 donec,
1342 3120 1580 3168 relaxato

514 3195 750 3255 cerebro,
769 3195 964 3259 vigilia,
986 3196 1232 3258 attentio,
1250 3199 1309 3243 et
1330 3194 1583 3243 memoria

516 3272 572 3321 in
614 3270 799 3321 iisdem
832 3277 1083 3321 renovata
1116 3276 1395 3320 nascatur:
1422 3284 1578 3334 ,mens

514 3348 682 3411 igitur
729 3355 948 3413 propter
990 3348 1250 3413 quandam
1293 3346 1583 3396 similitudi-

511 3439 636 3474 nem
660 3431 769 3474 tum
790 3425 986 3475 dieitur
1008 3424 1117 3487 pati
1137 3424 1445 3487 lethargum,
1461 3438 1580 3473 cum

509 3515 692 3550 rerum
719 3507 843 3549 ante
865 3500 1188 3563 cognitarum
1205 3499 1475 3547 immemor
1491 3500 1579 3548 he-

510 3577 645 3627 bere
675 3576 914 3625 videtur:
951 3574 1086 3639 quod
1120 3578 1136 3603 ‘
1156 3574 1469 3623 communis'
1501 3575 1579 3623 di·

507 3654 658 3703 titur
685 3652 1001 3701 >‘illusa-rum
1045 3650 1294 3699 mentium
1339 3651 1583 3715 morbus,’

509 3736 775 3795 quatenus
815 3734 1020 3777 mentes
1063 3742 1325 3792 nunquam
1381 3737 1580 3794 errant,

510 3807 638 3874 iuisi,
668 3808 992 3855 immemores
1024 3805 1306 3869 primorum
1342 3806 1583 3857 veritatis

510 3882 910 3946 principiorum,
928 3881 1345 3945 praecipitatione
1370 3888 1426 3932 et
1446 3898 1582 3946 prae·

509 3957 711 4024 judicio
737 3956 1007 4019 judicent:
1043 3960 1091 4007 8.
1114 3964 1340 4007 mentem
1369 3959 1581 4009 Boethii

512 4032 793 4097 speciatim
802 4045 924 4083 esse
938 4032 954 4060 ‘
966 4034 1182 4083 oblitam
1199 4034 1276 4083 sui
1289 4034 1323 4083 ε’
1344 4042 1428 4085 est
1445 4036 1580 4085 enim

514 4111 649 4160 ‘vel
696 4111 1014 4174 maximum,'
1073 4112 1245 4178 inquit
1304 4113 1501 4161 Tullius
1538 4126 1577 4162 1.

510 4180 670 4235 misc.
687 4187 703 4213 ‘
724 4188 893 4238 animo
915 4190 1029 4253 ipso
1047 4190 1266 4240 animum
1286 4188 1466 4238 videre
1485 4205 1500 4238 ι
1526 4196 1581 4238 et

514 4263 757 4314 nimirum
779 4265 914 4317 hanc
935 4266 1096 4317 habet
1117 4267 1224 4316 vim
1254 4273 1581 4329 praeceptum

1660 1359 1938 1425 Apollinis,
1969 1372 2074 1426 quo
2107 1368 2284 1413 monet
2322 1370 2380 1413 ut
2413 1379 2471 1430 se
2499 1364 2717 1430 quisque

1659 1446 1869 1489 noscat:
1904 1454 2006 1489 non
2038 1441 2173 1489 enim
2195 1441 2353 1491 credo
2376 1441 2428 1491 id
2461 1444 2719 1507 praecipit,

1660 1521 1720 1564 ut
1751 1515 1982 1564 membra
2014 1512 2210 1578 nostra,
2232 1527 2324 1566 aut
2362 1524 2639 1581 staturam,
2658 1517 2717 1567 fi-

1661 1605 1904 1654 guramve
1918 1606 2222 1654 noscamus3
2237 1607 2405 1657 neque
2421 1609 2515 1642 nos
2532 1608 2719 1659 corpo-

1659 1680 1719 1715 ra
1746 1681 1939 1731 sumus,
1958 1681 2126 1732 neque
2151 1683 2250 1731 ego
2290 1669 2385 1729 tibi
2420 1670 2597 1719 dicens
2619 1671 2718 1720 hoc

1660 1743 1870 1803 corpori
1894 1748 1986 1791 tuo
2022 1742 2141 1792 dico
2165 1761 2177 1790 ε
2210 1757 2326 1793 cum
2354 1743 2533 1808 igitur,
2561 1758 2718 1794 nosce

1660 1824 1733 1880 te,
1772 1817 1921 1881 dicit,
1962 1819 2063 1869 hoc
2102 1819 2255 1880 dicit,
2299 1835 2453 1870 nosce
2495 1821 2720 1869 animum

1660 1900 1833 1943 tuum:
1869 1909 1985 1944 num
2007 1909 2197 1959 corpus
2222 1896 2431 1960 quidem
2453 1896 2597 1960 quasi
2629 1911 2719 1946 vas

1661 1976 1765 2034 est,
1781 1977 1871 2020 aut
1893 1971 2104 2036 aliquod
2121 1972 2278 2021 animi
2297 1973 2684 2036 receptaculum
2705 1990 2719 2024 ε

1659 2047 1725 2097 ab
1747 2047 1917 2096 animo
1940 2048 2030 2099 t'uo
2053 2048 2296 2113 quicquid
2316 2049 2512 2112 agitur,
2536 2049 2588 2098 id
2612 2051 2722 2114 agi·

1659 2134 1746 2179 tur
1768 2143 1798 2177 a
1821 2134 1876 2178 te
1895 2145 1910 2177 ε
1945 2127 2081 2178 hunc
2105 2127 2268 2191 igitur
2295 2140 2448 2177 nosse
2469 2127 2570 2176 nisi
2593 2127 2722 2176 divi·

1659 2217 1782 2252 num
1808 2208 1966 2263 esset,
1987 2216 2089 2252 non
2112 2205 2248 2250 esset
2277 2202 2375 2252 hoe
2400 2201 2615 2252 acrioris
2637 2217 2725 2252 cu·

1652 2278 1865 2342 jusdam
1888 2277 2046 2327 animi
2065 2283 2406 2341 praeceptum,
2428 2278 2525 2341 sic,
2548 2285 2607 2328 ut
2630 2279 2724 2328 tri-

1661 2355 1841 2404 butum
1864 2355 1979 2403 Deo
2002 2354 2089 2414 sit,
2108 2354 2207 2403 hoc
2228 2360 2331 2415 est,
2357 2354 2583 2423 seipsum
2607 2368 2724 2418 pos-

1659 2446 1717 2481 se
1739 2429 2090 2494 cognoscere?
2153 2430 2235 2480 Ex
2260 2430 2446 2496 quibus
2470 2431 2723 2497 sequitur,

1660 2517 1885 2572 mentem
1927 2509 2197 2558 humanam
2234 2522 2335 2558 non
2382 2508 2525 2571 prius
2568 2523 2723 2572 posse

1661 2584 2033 2650 philosophari,
2065 2598 2219 2649 quam
2255 2581 2478 2648 seipsam
2503 2592 2723 2645 noscat3

1656 2667 1736 2725 ut,
1764 2677 1881 2725 quae
1901 2661 2065 2711 oblita
2086 2661 2165 2710 sui
2189 2666 2293 2723 est,
2314 2660 2425 2709 haec
2448 2660 2723 2723 speciatim

1655 2738 1894 2801 lethargo
1927 2735 2164 2787 laborare
2183 2737 2373 2786 merito
2396 2736 2634 2786 dicaturz
2670 2739 2721 2785 4.

1656 2823 1885 2863 mentem
1925 2813 2131 2865 Boethii
2153 2816 2171 2843 ‘
2197 2812 2462 2876 paulisper
2481 2812 2497 2836 '
2518 2818 2721 2861 tantum

1654 2891 1670 2919 ‘
1694 2904 1807 2940 esse
1850 2890 2067 2940 oblitam
2112 2887 2230 2947 sui,’
2267 2888 2405 2953 quod
2437 2894 2724 2952 antecepta

1659 2967 1832 3017 animo
1868 2967 2012 3016 notio
2035 2967 2116 3015 sui
2149 2966 2218 3015 sit
2244 2966 2457 3015 innata:
2493 2963 2631 3013 unde
2653 2964 2722 3013 ad

1659 3042 1876 3106 primam
1919 3042 2270 3106 Philosophiae
2317 3039 2721 3089 admonitionem

1658 3119 1842 3170 eadem
1867 3134 2011 3169 mens
2034 3118 2394 3169 recordabitur
2414 3118 2512 3167 sui.

1725 3202 1752 3238 Β
1786 3196 1921 3251 Quod
1941 3200 1995 3244 ut
2016 3194 2185 3259 possit]
2218 3193 2458 3258 Denique
2489 3193 2724 3243 Philoso-

1661 3271 1802 3336 phia,
1846 3271 2124 3321 Boethium
2166 3271 2419 3334 deinceps
2458 3276 2726 3329 curatura,

1661 3347 1896 3413 ejusdem
1941 3350 1957 3377 ‘
1981 3348 2176 3411 oculos,
2215 3348 2505 3396 mortalium
2553 3359 2723 3395 rerum

1661 3424 1799 3475 nube
1810 3422 2726 3489 caligantes,fletibusqueundantes,

1660 3508 1933 3554 contracta
1946 3503 1997 3551 in
2018 3517 2198 3566 rugam
2218 3507 2363 3550 veste
2380 3499 2650 3560 abstersit,
2672 3506 2726 3547 et

1660 3581 1876 3630 siccavit
1894 3578 1926 3627 :'
1967 3594 2104 3645 quae,
2123 3578 2431 3628 continuato
2471 3576 2727 3639 praedicto

1661 3655 2012 3720 Philosophiae
2059 3654 2314 3718 symbolo,
2364 3666 2463 3701 non
2508 3657 2617 3700 tam
2657 3651 2725 3700 de

1658 3745 1898 3797 corpore,
1919 3744 2073 3796 quam
2093 3730 2161 3779 de
2184 3738 2358 3779 mente
2390 3728 2727 3791 intelligenda

1660 3816 1799 3860 sunt.
1865 3808 2095 3858 Primum
2116 3806 2302 3870 igitur‘
2323 3806 2458 3855 oculi
2480 3804 2496 3827 '
2518 3803 2728 3855 Boethii

1660 3888 1677 3916 ‘
1699 3886 1995 3935 mortalium
2028 3896 2197 3933 rerum
2221 3882 2360 3931 nube
2389 3879 2724 3944 caligabant,’

1656 3961 1800 4027 quod
1845 3961 1960 4024 ejus
2004 3973 2151 4009 mens
2195 3958 2508 4014 cadulcamm
2553 3971 2724 4007 rerum

1658 4037 2159 4103 perturbationibus,
2180 4050 2355 4086 amore
2376 4050 2428 4085 v.
2454 4050 2504 4099 g.
2526 4042 2619 4084 aut
2636 4035 2726 4084 de-

1657 4116 1875 4177 siderio,
1889 4115 2167 4164 obscurata
2186 4113 2484 4163 videbatur.
2502 4113 2726 4162 'Deinde

1656 4191 1817 4241 iidem
1835 4191 1973 4240 oculi
1989 4189 2229 4240 ‘fletibus
2245 4189 2513 4239 undabant
2520 4188 2556 4253 3’
2583 4189 2722 4254 quod

1657 4267 1895 4331 ejusdem
1937 4280 2083 4317 mens
2129 4272 2345 4332 propter
2386 4266 2598 4317 amissas
2641 4277 2722 4317 res
