3049 4928
501 402 634 470 234

1202 413 1290 462 10
1301 409 1507 463 ss‘rml
1561 411 1658 461 DE
1704 407 2018 461 CONSUL.

500 564 703 631 varias
733 560 1276 644 dissidentesque
1304 553 1714 633 sententiae,¹¹
1758 561 1976 622 tamen
2021 553 2096 619 in
2140 549 2506 636 deligendo
2533 549 2717 617 boni

499 666 664 733 fine·
694 660 1156 732 consentiunt)

563 842 584 868 θ
614 834 804 885 Summo
827 833 961 884 bono.

1496 909 1546 961 N
1558 909 1720 960 0⁰1·AE

560 1015 586 1052 ²¹
599 1018 735 1068 Licet
749 1013 895 1065 vurioe
909 1013 1278 1075 dissidentesque
1289 1007 1561 1072 sententioe]

498 1094 781 1147 Praedicta
805 1090 1043 1141 nimirum
1068 1089 1431 1138 assumtionem

562 1171 579 1205 ¹
597 1172 659 1222 In
687 1171 938 1233 deligendo
976 1168 1085 1218 boni
1103 1167 1209 1233 fine
1241 1164 1563 1228 consentiunt]

496 1248 729 1313 Propter
743 1246 1043 1311 praedictam
1061 1245 1242 1294 summi
1260 1243 1378 1293 boni
1395 1243 1564 1292 ideam

498 1324 772 1390 unicuique
796 1323 1022 1387 insitam,
1042 1321 1247 1373 ratione
1265 1321 1563 1386 cnjus-prae·

1644 1008 1799 1059 dictae
1824 1003 2203 1071 propositiones
2221 1001 2381 1052 fiunt:
2420 1006 2481 1050 nt
2519 1000 2728 1064 saepins

1644 1085 1841 1136 dietum
1864 1089 1973 1133 est:
2006 1096 2172 1146 usque
2194 1079 2327 1130 sdeo
2348 1084 2410 1128 ut
2427 1078 2480 1127 in
2503 1078 2733 1139 ceteris,

1645 1164 1722 1214 sic
1756 1162 1809 1212 in
1847 1160 2053 1211 homine
2083 1157 2201 1208 finis
2243 1155 2309 1208 ad
2335 1161 2515 1240 ‘ortum
2551 1153 2730 1206 debet

1644 1253 1767 1290 recu
1774 1253 1853 1288 l'l'e
1860 1252 1936 1289 re·

1309 1788 1742 1857 METRUM
1789 1789 1893 1855 11.

929 1966 1307 2046 QUANTAS
1340 1983 1557 2029 rerum
1588 1961 1821 2027 flectat
1848 1960 2151 2026 habenas
2174 1954 2199 1995 ¹‘

928 2070 1192 2135 Natura
1220 2064 1499 2154 potens,¹
1543 2067 1788 2151 quibus
1819 2065 2219 2129 immensum

923 2171 1276 2255 Legibusm
1320 2171 1551 2237 orbem
1582 2168 1868 2253 provida
1898 2173 2141 2245 servet,

924 2276 1361 2359 Stringatque
1387 2274 1604 2357 ligans
1633 2273 1981 2338 irresoluto
2411 2335 2416 2338 ,

926 2378 1212 2462 Singula
1242 2397 1449 2456 nexu,
1479 2377 1712 2462 placet
1742 2383 2000 2460 arguto.
2673 2373 2721 2437 5

860 2564 866 2569 ¹
924 2482 1213 2548 Fidibus
1242 2483 1441 2562 lentis
1470 2500 1771 2566 promere
1801 2487 2031 2547 cantu.

563 2683 681 2734 Volo
700 2689 871 2747 argute
890 2699 1055 2735 canem
1077 2684 1263 2735 chordis
1280 2684 1454 2747 tardis,
1473 2688 1679 2748 quantas
1700 2681 2032 2732 inclinationes
2044 2695 2199 2730 rerum
2219 2683 2393 2728 natura
2402 2683 2578 2741 potens
2601 2692 2714 2730 ver·

490 2751 583 2814 tat,
601 2754 651 2800 et
670 2746 838 2814 quibus
863 2750 1216 2813 legibus-odem
1229 2755 1399 2800 notura
1417 2749 1712 2814 prospiciens
1724 2752 1905 2798 tutetur
1926 2747 2149 2796 mnndum
2163 2745 2422 2809 ingenim»,
2438 2745 2716 2795 emineat·

1490 2862 1703 2914 NOrAE

551 2977 578 3011 Β
612 2978 863 3044 Habeam]
888 2980 1126 3030 Habenae
1144 2979 1353 3044 proprie
1373 2979 1554 3029 dicun·

488 3059 575 3104 tur
597 3054 663 3103 de
687 3055 856 3121 equis,
875 3056 1068 3121 quippe
1099 3070 1227 3121 qnos
1261 3056 1338 3106 his
1360 3055 1553 3105 instru-

487 3131 678 3184 mentis
725 3132 792 3182 sd
838 3139 1021 3183 nutum
1061 3131 1306 3182 babemus
1357 3137 1551 3181 tracta·

489 3223 727 3275 nmsque.
794 3209 949 3262 Quod
984 3217 1157 3261 sutem
1193 3209 1312 3274 equi
1335 3208 1548 3259 habenis

484 3285 589 3341 huo
621 3285 846 3350 illucque
882 3285 1179 3348 flectantur,
1211 3285 1406 3336 factum
1447 3290 1551 3349 est,

486 3369 546 3411 nt
567 3362 783 3411 habenae
808 3362 1050 3412 dicantur
1066 3361 1219 3413 modo
1242 3356 1317 3413 de¹
1332 3362 1550 3428 legibus,

487 3437 676 3503 quibus
712 3452 795 3488 res
831 3446 1022 3489 ceterae
1059 3445 1343 3503 reguntur3
1393 3438 1548 3488 modo

485 3511 697 3578 deipsis
712 3528 883 3564 rerum
904 3514 1345 3576 inclinationibus,
1358 3515 1547 3580 quibus

488 3596 732 3654 tanquam
756 3589 957 3654 fraenis,
988 3606 1073 3641 res
1096 3592 1226 3655 ipsse
1247 3588 1545 3642 flectuntur.

481 3666 570 3718 Sic
600 3667 802 3717 Tullius
835 3668 902 3718 de
938 3669 1107 3720 Amic.
1147 3658 1544 3718 ‘'commodissi-

482 3756 623 3794 mum
647 3743 767 3806 est‚’
811 3743 996 3809 inquit,
1032 3745 1048 3772 ‘
1071 3757 1219 3808 quam
1253 3743 1545 3795 laxissimas

482 3819 714 3870 habenas
751 3820 944 3871 habere
984 3821 1244 3884 amicitiae,
1281 3836 1410 3887 quas
1456 3823 1543 3871 vel

479 3897 712 3949 adducas
729 3913 846 3948 eum
868 3898 1013 3959 velis,
1035 3898 1116 3948 vel
1138 3897 1410 3950 remittas?
1454 3898 1543 3949 Sic

477 3975 635 4026 etiam
648 3976 792 4040 Virg.
810 3974 1010 4025 AEneid.
1028 3989 1130 4027 ιιι.
1150 3990 1225 4025 vs.
1243 3979 1359 4027 498.
1382 3976 1539 4026 ‘Ter-

478 4051 646 4104 ribilis
663 4067 856 4103 saevarn
871 4053 1015 4103 nullo
1029 4053 1322 4103 discrimine
1340 4052 1542 4103 caedem

477 4129 732 4194 Suscitat,
762 4129 1059 4195 irarumque
1096 4144 1273 4181 omnes
1315 4126 1542 4181 effundit

478 4204 740 4255 habenas?

542 4279 555 4312 ¹
586 4283 782 4333 Natura
800 4285 987 4348 potens]
1027 4284 1252 4350 Natura,
1284 4282 1425 4350 quod
1461 4284 1540 4334 di·

1634 2984 1785 3028 catur
1808 2992 1839 3026 a
1859 2975 2023 3038 nasci,
2053 2974 2190 3024 idem
2215 2979 2313 3035 est,
2329 2971 2468 3037 quod
2503 2972 2712 3036 princi-

1632 3054 1778 3119 pium
1803 3069 1816 3103 :
1854 3067 2034 3117 quare,
2049 3057 2109 3100 ut
2132 3049 2468 3114 principium,
2504 3048 2580 3097 sie
2608 3063 2709 3099 nn-

1633 3138 1750 3180 tnra
1780 3128 2083 3192 multiplicis
2121 3125 2344 3192 generis.
2408 3125 2516 3175 Hic
2551 3124 2712 3177 Deus

1632 3215 1729 3272 est,
1766 3224 1799 3259 a
1831 3224 1935 3274 quo
1965 3209 2148 3273 primae
2171 3221 2344 3257 rernm
2368 3204 2597 3255 omnium
2625 3205 2713 3256 in-

1632 3288 1940 3339 clinationes
1966 3293 2024 3337 ut
2048 3301 2080 3336 a
2108 3285 2277 3352 primo
2307 3283 2566 3349 principio
2595 3283 2707 3336 ori·

1632 3371 1808 3417 untur.
1875 3364 1965 3414 Sic
2006 3363 2206 3413 Tullius
2245 3376 2309 3411 11.
2351 3360 2419 3410 de
2452 3360 2586 3410 Nat.
2628 3362 2707 3412 D.

1629 3443 1646 3473 ‘
1665 3441 1908 3505 Natura,’
1929 3441 2115 3507 inquit,
2133 3440 2151 3469 ‘
2168 3446 2395 3504 est,quae
2421 3436 2710 3489 continent

1627 3520 1875 3571 mundum
1911 3533 2118 3570 omnem
2168 3531 2392 3582 eumque
2444 3520 2708 3569 tuentur.⁹

1625 3600 1713 3650 Sic
1735 3600 1946 3649 Lueret.
1961 3597 1997 3649 1.
2018 3611 2058 3647 1.
2075 3596 2092 3625 ‘
2109 3595 2356 3660 Denique
2378 3593 2432 3643 ni
2453 3592 2705 3645 minimas

1626 3675 1682 3725 in
1706 3680 1885 3739 partes
1909 3680 2106 3724 cuncta
2129 3671 2318 3722 resolvi
2344 3672 2547 3734 Cogere
2572 3684 2707 3722 con·
2749 3702 2756 3709 ,

1626 3759 1830 3803 suesset
1854 3766 2024 3802 rernm
2047 3757 2234 3803 natura
2253 3747 2525 3799 creatrix.’

1688 3836 1724 3862 ¹¹¹
1762 3829 1945 3886 Quibus
1962 3864 1977 3880 .
2002 3864 2017 3880 .
2036 3859 2051 3876 .
2071 3825 2305 3891 Legibus]
2328 3825 2404 3876 Ut
2423 3824 2564 3874 enim
2581 3839 2703 3876 cor·

1624 3905 1838 3971 poribus
1869 3905 1937 3955 sd
1955 3903 2286 3967 movendum,
2320 3902 2397 3954 sic
2422 3901 2704 3955 mentibus

1623 3981 1690 4032 ad
1712 3980 2047 4046 cogitandum
2068 3995 2173 4031 suae
2197 3986 2319 4030 sunt
2339 3978 2584 4043 leges,ab
2609 3994 2702 4044 eo,

1624 4074 1657 4109 a
1688 4074 1792 4124 quo
1835 4072 1919 4108 res
1968 4058 2085 4109 istae
2124 4057 2320 4107 habent
2363 4056 2588 4122 primum
2639 4065 2701 4107 ut

1619 4143 1927 4187 moveantur
1971 4141 2029 4185 et
2083 4134 2339 4199 cogitent,
2396 4131 2700 4186 conditore

1618 4213 1956 4263 constituta:
1991 4226 2172 4276 quare,
2194 4214 2255 4260 ut
2288 4210 2437 4260 Deus
2468 4213 2556 4260 est
2594 4207 2697 4260 im·

1617 4289 1899 4356 mutabilis,
1930 4288 2007 4339 sic
2044 4289 2189 4355 leges
2210 4287 2326 4340 istae
2350 4284 2516 4339 firmae
2541 4292 2695 4351 sunt,
