3049 4928
987 390 1507 449 Pnttaosot’mAE
1559 399 1631 447 m
1646 399 1701 448 Β.
1751 401 1854 450 tv·

2392 384 2553 450 3471·

344 549 558 611 natur:
604 564 753 613 cum
779 565 935 612 vero
965 546 1052 611 ad
1075 565 1179 624 ea,
1211 564 1369 630 quae
1394 551 1622 610 movet
1642 551 1850 629 atque
1869 543 2191 630 disponit,
2216 544 2522 620 refertur,

344 644 571 714 Fatum
601 670 643 715 a
668 650 1033 716 Veteribus
1060 650 1477 735 appellatum
1510 655 1637 713 est.
1709 646 1884 727 Quae
1917 649 2188 714 diversa
2214 668 2390 726 esse,
2421 644 2522 711 fa'·

342 752 459 816 cile
512 754 814 837 liquebit,
870 755 931 819 si
987 756 1143 839 quis
1197 755 1543 838 utriusque
1592 752 1729 819 vim
1783 759 2003 817 mente
2062 749 2518 836 conspexerit.

338 851 504 919 Nam
535 856 973 924 Providentia
994 867 1020 905 Β
1060 865 1167 923 est
1195 858 1313 923 illa
1340 858 1497 942 ipsa
1527 855 1759 923 divina
1786 856 1957 921 ratio
1987 857 2057 921 in
2087 874 2352 925 summo
2364 872 2522 918 aom-

333 954 502 1022 nium
529 960 830 1045 principe
856 962 1246 1040 constituta,
1270 980 1422 1046 quae
1457 965 1699 1026 cuncta
1721 959 2022 1046 disponit
2038 980 2061 1026 z
2086 960 2333 1025 Fatum
2352 976 2519 1025 vem

330 1058 643 1127 inhaerens
661 1061 686 1101 ¹¹
733 1067 929 1131 rebus
968 1065 1332 1130 mobilibus
1360 1064 1739 1153 disposuit»,
1764 1083 1887 1148 per
1909 1083 2118 1150 quam
2136 1060 2521 1133 ‚Butuntum-

1277 1247 1356 1305 N
1361 1246 1530 1300 01·AE

327 1386 434 1423 ute
481 1379 718 1446 cmm)
751 1381 1010 1447 Μ
1063 1384 1374 1435 vocabulum

317 1451 721 1518 mium-erin
759 1459 882 1531 quia
903 1465 1071 1508 tamen
1103 1461 1372 1525 impurita-

326 1533 423 1577 tem
451 1529 501 1577 in
540 1532 792 1583 Cicerone
829 1535 1064 1601 legimus,
1092 1552 1192 1586 non
1218 1537 1373 1588 habet

325 1616 411 1653 cur
430 1607 651 1670 seipsum
678 1624 884 1677 unaque
906 1627 1080 1662 secum
1107 1614 1231 1663 aiios
1253 1614 1371 1666 doc·

324 1678 532 1733 tissimus
547 1685 814 1737 homines
801 1704 852 1737 ιιι
876 1690 1017 1755 vulgi
1037 1692 1242 1741 barbari
1266 1698 1374 1742 tur·

324 1754 432 1807 bam
467 1762 755 1826 conjiciat?
819 1765 895 1817 At
934 1768 1164 1833 quamvis
1188 1770 1371 1820 Cicero

323 1831 504 1886 dixerit
554 1840 571 1867 ‘
608 1839 941 1902 infinitatem,
945 1843 961 1866 '
1016 1847 1032 1874 ‘
1072 1844 1369 1897 infirmatio-

322 1913 466 1974 nem,'
512 1916 954 1984 'lerentiusque‘
980 1919 1369 1972 infortunium*
1334 1940 1351 1986 ς

320 1999 416 2037 non
431 1989 550 2041 inde
561 1994 819 2058 sequitur,
832 1996 848 2023 ‘
863 1995 1156 2062 finitatem‚’
1170 1998 1372 2050 ‘firma-

319 2062 538 2131 tionem‚'
576 2069 592 2096 ‘
616 2068 903 2121 fortunium
923 2071 938 2095 ’
960 2088 1117 2125 voces
1139 2090 1249 2127 ease
1270 2076 1369 2126 La-

321 2139 462 2194 tinas.

376 2220 542 2272 cNam
572 2223 905 2287 Providentia,
928 2224 1034 2290 εγω]
1084 2240 1174 2278 ιιι.
1196 2227 1369 2280 Philo·

318 2297 487 2360 sophia
546 2299 706 2352 affert
768 2301 1121 2354 definitionem
1178 2304 1366 2357 diviuae

316 2371 693 2429 Providentiae·
726 2378 742 2405 ‘
768 2379 882 2442 est}
899 2379 1122 2444 inquit,‘
1145 2380 1265 2430 ina
1250 2397 1367 2446 ipsa

314 2445 478 2502 divina
500 2454 633 2505 ratio
655 2454 709 2504 in
745 2470 940 2506 summo
978 2457 1203 2508 omnium
1227 2460 1365 2523 prin

312 2523 421 2590 cipe
443 2532 747 2595 constituta,
762 2548 879 2597 quae
894 2540 1082 2584 cuncta
1101 2534 1365 2599 disponit?

314 2601 435 2655 Quae
456 2608 663 2672 quidem
685 2608 938 2674 definitio,
956 2610 1079 2675 qnia
1113 2611 1179 2661 ab
1200 2613 1363 2662 omni-

313 2676 401 2747 bns
419 2683 690 2751 Theologis
715 2693 1089 2751 propugnatur,
1110 2687 1229 2737 ideo
1252 2688 1366 2738 diii-

309 2758 506 2819 gentius
556 2761 766 2811 videtur
809 2761 1134 2864 exponenda.
1196 2763 1368 2830 Igitur

314 2829 495 2885 dicitur
517 2841 564 2887 1.
608 2839 625 2866 ‘
655 2838 838 2888 ratioz’
868 2854 984 2889 cum
1008 2839 1181 2889 euim‘
1199 2840 1363 2891 ratio'

310 2907 583 2964 dicatura‘
602 2915 763 2979 reor,’
787 2918 1051 2981 cumque‘
1068 2931 1186 2967 reor
1196 2916 1364 2969 ’idem

309 2985 374 3037 ait
391 2992 521 3054 quod
549 2999 677 3056 puto
712 2993 823 3042 sive
856 2994 1049 3058 cogito,
1083 3000 1363 3059 propterea

309 3065 546 3127 cogitatio
570 3067 739 3117 omnis
765 3075 908 3118 recte
933 3067 1127 3119 dicitur
1146 3070 1163 3099 ‘
1188 3070 1364 3121 ratioz’

307 3137 418 3191 hinc
435 3150 604 3193 autem
641 3142 838 3194 factum
871 3144 1119 3209 arbitror,
1151 3153 1213 3196 ut
1244 3148 1259 3174 ‘
1280 3162 1363 3197 ra·

307 3215 399 3267 tio’
418 3220 574 3269 etiam
597 3220 772 3270 Tullio
794 3220 861 3270 sit
882 3235 1046 3286 mens,
1066 3222 1358 3289 intelligen-

303 3292 699 3359 tia,consilium,
720 3297 996 3362 judicium,
1032 3308 1356 3364 argumenta·

306 3370 390 3433 tio,
412 3371 727 3437 institutum,
759 3382 817 3424 et
851 3381 1030 3426 cetera
1074 3375 1128 3426 id
1175 3392 1354 3440 genua.

306 3443 479 3502 Omnis
521 3462 695 3504 autem
737 3453 1080 3504 Providentia
1117 3455 1355 3519 quaedam

305 3525 380 3576 ‘est
414 3530 701 3594 cogitatio:
759 3530 1174 3595 quandoquidem
1217 3547 1355 3596 quae·

303 3597 415 3653 dam
437 3613 516 3656 eat
548 3605 772 3672 qualitas
801 3605 968 3656 menti
1001 3605 1175 3669 insita,
1206 3608 1353 3672 cujus

303 3685 439 3730 mens
460 3682 574 3745 ipsa
598 3683 827 3747 proxime
862 3684 1071 3733 conscia
1096 3690 1194 3736 est.
1248 3685 1351 3751 lgi-

303 3761 384 3805 tur
421 3758 759 3810 Providentia
805 3766 887 3809 eat
928 3760 1078 3812 ratio.
1157 3762 1353 3814 Verum

304 3843 411 3881 cum
457 3836 705 3899 cogitatio
743 3835 966 3901 duplicis
1007 3836 1078 3885 ait
1122 3839 1352 3903 generis,

302 3907 526 3960 nimirum
560 3912 704 3962 notio
749 3918 808 3961 et
845 3913 1099 3976 voluutas,
1133 3916 1353 3980 quaestio

302 3987 379 4033 cst
418 3985 551 4037 iuter
592 3989 900 4055 Theologos‚
941 3997 1117 4040 utrum
1169 3991 1349 4041 Provi-

241 4089 244 4098 ·
299 4058 466 4112 dantia
499 4064 567 4114 ait
602 4064 746 4114 notio
780 4072 1003 4128 tantum,
1050 4073 1221 4116 utrum
1258 4082 1350 4118 vo·

302 4134 463 4187 luntas
496 4147 716 4204 tantum,
746 4151 919 4190 utrum
939 4142 1087 4191 notio
1120 4142 1352 4194 simulet

301 4214 554 4278 voiunta83
594 4217 731 4283 quod
755 4218 993 4269 ultimum
1017 4219 1167 4269 video
1191 4221 1349 4284 pluri-

302 4286 389 4339 bus
419 4293 644 4357 probari,
679 4309 972 4361 quanquam
1016 4295 1174 4347 iidem
1209 4297 1346 4348 inter

1453 1397 1512 1433 se
1531 1383 1821 1449 disputent,
1856 1387 1972 1433 utra
2010 1395 2077 1431 ex
2115 1378 2195 1430 his
2219 1378 2414 1430 duabus
2436 1392 2521 1429 co-

1453 1458 1790 1523 gitationibus
1848 1457 2122 1523 praecipua
2165 1456 2236 1506 sit
2290 1455 2343 1504 iu
2402 1455 2518 1519 ipsa

1452 1535 1809 1585 Providentia.
1834 1534 1997 1603 ⁴Hinc
2027 1531 2368 1583 Providentia
2390 1531 2520 1580 divi-

1453 1628 1517 1664 na
1536 1630 1567 1663 a
1585 1613 1850 1663 Ludovico
1872 1613 2034 1662 Vives
2056 1610 2320 1674 definitur,
2342 1609 2520 1659 volnu-

1454 1696 1537 1741 tas
1562 1690 1663 1740 Dei
1681 1690 1894 1742 consilio
1913 1688 2153 1740 universa
2168 1686 2519 1752 gubernantis.

1455 1767 1670 1817 Dicitur
1690 1772 1739 1818 2.
1783 1770 1799 1796 ‘
1823 1766 2000 1816 divina
2020 1764 2054 1815 ι’
2090 1779 2207 1814 nam
2232 1763 2516 1813 Providen-

1452 1844 1527 1894 tia
1549 1844 1654 1894 dici
1694 1850 1872 1908 potest
1905 1843 1970 1893 de
2009 1841 2148 1892 omni
2180 1839 2518 1903 mente„aive

1451 1920 1628 1970 divina
1659 1920 1769 1971 aive
1793 1920 1951 1970 etiam
1974 1927 2187 1968 creata:
2220 1917 2374 1966 immo
2395 1929 2515 1966 cum

1450 1999 1466 2027 ‘
1491 1995 1867 2061 Providentia,'
1921 2002 2136 2047 auctore
2196 1993 2391 2056 Tullio,
2446 1993 2518 2042 ait

1448 2076 1583 2139 ‘per
1602 2089 1753 2141 quam
1792 2073 2026 2125 futurum
2071 2070 2266 2136 aliquid
2307 2068 2518 2119 videtur

1448 2159 1725 2217 antequam
1748 2150 1945 2201 factum
1963 2148 2032 2198 sit
2052 2147 2086 2210 ;’
2119 2159 2342 2211 cumque
2355 2143 2517 2195 menti

1448 2227 1638 2277 divinae
1658 2225 1785 2275 nihil
1805 2223 2034 2275 futurum
2056 2223 2160 2285 ait3
2211 2228 2395 2272 contra
2429 2236 2516 2271 vc-

1448 2318 1508 2354 ro
1526 2303 1782 2354 mentibus
1801 2304 1991 2355 creatis
2008 2302 2159 2366 plura
2179 2300 2286 2351 sint
2308 2298 2514 2362 futuru

1447 2379 1644 2430 idcirco
1659 2377 1998 2429 Providentia
2011 2376 2195 2427 meiius
2216 2375 2513 2443 rectiusque

1449 2455 1646 2507 dicitur
1667 2455 1734 2507 de
1754 2455 1946 2508 ceteris
1969 2454 2250 2518 mentibus,
2272 2469 2427 2519 qnam
2446 2452 2512 2504 de

1448 2534 1638 2583 divina.
1707 2533 1812 2583 Hic
1850 2540 2023 2583 tamen
2060 2546 2163 2582 non
2204 2532 2378 2595 agitur
2413 2529 2515 2580 nisi

1448 2610 1514 2659 de
1544 2608 1890 2659 Providentia
1930 2608 2143 2668 divina3
2193 2621 2311 2671 quae
2354 2619 2511 2671 prop-

1447 2693 1591 2739 terea
1615 2688 1797 2739 debuit
1819 2688 1920 2739 dici
1958 2688 1975 2715 ‘
1998 2688 2133 2736 ratio
2155 2683 2366 2748 divina,’
2399 2683 2510 2734 aive

1446 2763 1698 2829 'cogitatio
1719 2764 1914 2815 divinae
1938 2763 2148 2814 mentis.
2215 2760 2428 2812 Dicitur
2461 2763 2510 2811 3.

1446 2844 1462 2871 ‘
1486 2841 1538 2890 in
1564 2855 1765 2891 summo
1799 2840 2023 2889 omnium
2057 2837 2297 2901 principe
2320 2835 2509 2886 conati·

1445 2917 1616 2969 tutat'
1666 2917 1786 2982 quia
1830 2915 2172 2966 Providentia
2214 2912 2390 2963 divina
2426 2919 2509 2963 eat

1443 2997 1753 3047 attributum
1797 2994 1923 3056 Dei,
1956 2998 2212 3060 quatenus
2243 2991 2401 3040 Deus·
2425 2993 2509 3037 eat

1441 3088 1664 3123 summus
1708 3071 1933 3120 omnium
1978 3068 2253 3132 princeps:
2320 3060 2509 3113 summi

1441 3151 1640 3216 quippe
1658 3148 1907 3214 principis
1931 3153 2029 3207 est,
2048 3143 2325 3210 providere
2345 3141 2507 3191 omni·

1438 3228 1554 3278 bus.
1617 3225 1897 3292 Sapientiae
1934 3229 1984 3273 6.
2032 3224 2049 3251 ⁸
2073 3220 2343 3287 aequaliter
2376 3229 2506 3269 cura

1439 3311 1523 3354 est
1545 3304 1620 3353 ilii
1643 3303 1710 3353 de
1744 3300 1982 3353 omnibus
2001 3297 2038 3350 ε’
2070 3304 2128 3348 et
2160 3312 2278 3363 cap.
2301 3301 2352 3348 8.
2382 3296 2399 3326 ⁴
2426 3301 2500 3345 at·

1438 3379 1594 3443 tingit
1615 3387 1646 3428 a
1677 3377 1782 3428 fine
1804 3376 1868 3427 ad
1891 3376 2048 3426 finem
2071 3373 2296 3437 fortiter,
2324 3379 2380 3423 et
2403 3371 2504 3438 dic-

1437 3456 1588 3522 ponit
1651 3456 1824 3506 omnia
1878 3450 2144 3504 suaviter?
2210 3449 2418 3500 Dicitur
2453 3454 2506 3501 4.

1436 3533 1453 3563 ⁴
1471 3548 1586 3598 quae
1602 3539 1792 3583 cuncta
1807 3530 2066 3596 disponit:
2079 3528 2093 3551 ’
2124 3528 2368 3594 quoniam
2384 3539 2503 3591 pro·

1436 3609 1570 3660 vidae
1609 3610 1798 3659 mentia
1835 3616 1935 3671 est,
1982 3622 2077 3671 pro
2111 3621 2175 3656 eo
2215 3621 2366 3671 quem
2402 3605 2503 3672 sibi

1433 3688 1677 3751 proponit
1712 3685 1836 3748 fine,
1872 3684 2142 3735 materiam
2178 3683 2502 3748 sibisubjec-

1436 3768 1543 3811 tam
1565 3778 1659 3812 suo
1682 3776 1937 3828 quamque
1973 3760 2153 3811 ordine
2177 3767 2234 3811 et
2255 3761 2370 3809 loco
2408 3774 2500 3824 po-

1432 3852 1583 3888 nere.
1647 3838 1788 3887 Hinc
1811 3837 2155 3887 Providentia
2176 3836 2350 3886 divina
2371 3836 2499 3888 defi·

1432 3915 1575 3964 nitur
1597 3915 1696 3965 aS.
1708 3915 1937 3965 Thoma‘
1961 3913 2097 3965 ratio
2113 3912 2308 3963 ordinis
2327 3928 2500 3965 rerum

1431 3991 1482 4041 in
1500 3990 1693 4042 finem!

1497 4065 1520 4099 ¹¹
1543 4067 1843 4116 Fatumoero
1862 4066 2115 4130 inherens,
2132 4066 2240 4130 em]
2272 4080 2350 4117 tv,
2374 4067 2498 4116 Phi·

1428 4143 1666 4207 losophia
1694 4141 1908 4206 subjicit
1943 4140 2300 4191 definitionem
2340 4142 2458 4192 Fati
2478 4159 2496 4193 ι

1430 4221 1446 4250 ‘
1474 4218 1698 4282 Fatum,’
1717 4218 1907 4285 inquit,
1931 4219 2047 4270 eat‘
2063 4217 2321 4268 inhaerens
2337 4218 2493 4269 rebus

1426 4295 1702 4347 mobilibus
1725 4292 2016 4358 dispositio,
2050 4308 2148 4359 per
2179 4307 2332 4359 quam
2365 4295 2495 4345 Prot-
