3049 4928
543 375 677 444 5⁰6

1248 401 1463 450 No'rAE
1511 403 1912 456 vammum
1961 407 2038 457 ΙΝ

545 537 600 586 in
641 552 744 602 quo
780 553 1000 604 corpora
1039 541 1210 592 omnia
1232 550 1384 606 sunu
1417 546 1606 605 anima,
1678 544 1902 609 τέο-ματα
1942 550 2231 602 intellectui
2266 551 2651 605 communicat:
2691 553 2731 603 is

546 623 738 678 mente,
759 617 974 682 Deoque
1000 619 1173 682 plena,
1211 620 1392 671 intima
1426 624 1605 674 mnndi

543 693 731 755 replet,
767 694 1211 759 circumplectitur
1252 703 1447 749 extima
1470 717 1484 750 ε
1530 703 1603 751 vi-

544 776 650 818 tam
674 771 909 820 omnibus
932 773 1044 822 haec
1068 777 1321 837 suggerit,
1345 780 1600 828 extrinse-

544 860 637 896 cus
675 847 880 910 quidem
901 849 1095 908 ingenti
1118 851 1236 902 huic
1263 854 1601 919 perfectoque

542 923 751 973 animali
804 925 979 974 mundi
1002 942 1015 986 3
1065 927 1369 979 intrinsecus
1411 940 1599 982 nutem

542 1001 769 1063 caeteris,
804 1016 916 1064 quae
941 1003 1113 1052 insunt
1138 1007 1346 1065 mundo,
1383 1008 1599 1058 viventi·

543 1075 659 1125 bus.
703 1077 974 1141 Supraque
999 1079 1047 1127 in
1071 1081 1200 1129 coelo
1223 1096 1335 1129 cnut
1359 1099 1440 1142 eo,
1458 1085 1599 1148 quod

543 1150 679 1200 idem
715 1160 814 1213 est,
850 1154 1168 1216 persistens:
1209 1156 1342 1207 infra
1384 1176 1507 1210 vero
1543 1162 1598 1211 in

542 1234 703 1290 terra,
726 1231 1107 1293 generationem
1133 1234 1368 1296 agitans!

603 1304 1118 1357 Praeter-mittendum
1162 1313 1368 1361 minime
1423 1322 1597 1366 tamen

539 1387 642 1444 est,
661 1383 832 1432 locum
851 1384 1080 1434 Platonis
1098 1386 1145 1434 in
1169 1389 1362 1439 Timaeo
1382 1391 1446 1440 de
1468 1392 1597 1441 Ani·

539 1473 624 1510 ma
648 1474 851 1525 quoque
873 1463 1093 1513 humana
1114 1467 1349 1517 rationali
1374 1469 1597 1533 intelligi

538 1537 831 1601 exponique
851 1555 1024 1604 posse,
1045 1557 1161 1592 cum
1185 1543 1255 1592 ibi
1273 1545 1395 1596 Joa.
1420 1547 1594 1597 Philo-

538 1625 676 1676 pono
714 1615 933 1681 aliisque
987 1618 1295 1669 doctissimis
1339 1622 1461 1671 viris
1499 1623 1595 1672 de-

538 1690 734 1754 scripta
756 1700 973 1759 utraque
1007 1710 1122 1744 esse
1147 1697 1401 1748 videatur.
1467 1701 1594 1749 Eam

534 1766 670 1818 enim
711 1783 844 1831 esse,
884 1771 1019 1821 sicut
1041 1771 1277 1823 Animam
1313 1775 1595 1827 Coelestem

535 1857 628 1893 seu
650 1844 991 1909 Mundanam,
1027 1847 1242 1898 dunarum
1280 1853 1596 1903 substantia-

534 1933 647 1969 rum
694 1921 917 1971 mediam
955 1925 1177 1989 tertiam,
1227 1929 1458 1979 membra
1501 1932 1593 1981 ha-

535 1996 681 2058 bere,
703 2006 861 2062 caput
900 2000 1136 2052 nimirum
1177 2007 1344 2056 menti
1384 2007 1596 2056 rationi-

537 2088 641 2138 que
656 2094 674 2135 ς
688 2090 794 2135 cor,
814 2076 994 2139 hepar.
1020 2085 1178 2143 atque
1203 2082 1308 2131 alia
1324 2084 1592 2147 perturba-

535 2150 764 2199 tionibus
786 2166 1030 2202 consona.
1088 2156 1166 2205 Ea
1187 2155 1446 2220 duplicem
1469 2176 1591 2209 cou-

534 2226 823 2276 versionem
845 2227 1093 2292 habet,ad
1120 2247 1202 2281 res
1213 2233 1593 2300 intelligibiles,

533 2311 591 2354 et
613 2303 677 2352 ad
707 2319 791 2353 res
816 2308 1066 2368 sensiles;
1099 2309 1195 2360 boc
1232 2318 1331 2373 est,
1375 2313 1431 2374 in
1463 2313 1592 2363 duos

529 2379 684 2430 orbes
738 2392 963 2434 secatur.
1051 2387 1219 2435 Unum
1260 2388 1594 2454 exteriorem,

529 2460 773 2525 majorem
794 2463 1184 2530 scilicet,quem
1216 2464 1451 2519 efficiunt
1483 2470 1592 2519 ani-

529 2552 629 2588 ωε
661 2540 796 2588 vires
821 2541 1176 2605 intelligibiles
1214 2559 1307 2593 seu
1335 2545 1591 2610 ἀναγνγοὶ,

528 2614 628 2665 καθ’
653 2613 708 2665 ἃς
730 2615 1012 2666 ἀνατείνεται
1031 2618 1144 2683 πρὸς
1163 2619 1219 2669 τὸ
1240 2623 1382 2684 θεῖον,
1411 2622 1426 2649 ‘
1444 2638 1588 2674 erec·

532 2691 680 2755 uvae,
695 2708 787 2756 per
806 2710 930 2758 quas
947 2695 1012 2744 ad
1026 2695 1201 2746 divina
1220 2714 1417 2749 sursum
1433 2702 1590 2750 attol-

527 2770 690 2833 litur,’
707 2773 876 2836 inquit
896 2773 1230 2838 Pliiloponus:
1256 2777 1475 2826 alterum
1497 2779 1585 2827 mi-

530 2863 728 2910 norem,
750 2851 835 2914 qui
873 2850 940 2900 ab
978 2852 1228 2901 exteriori
1266 2855 1587 2917 continetur,

529 2941 684 2992 quem
705 2929 934 2993 cognitio
954 2945 1049 2993 per
1072 2945 1252 2979 sensus
1275 2929 1455 2989 efficit,
1492 2946 1585 2981 seu

527 3003 807 3055 facultates
824 3005 1276 3070 Ὺενεσιονργοὶ,καθ’
1299 3007 1355 3059 ἃς
1375 3007 1587 3072 ermpe-

529 3089 673 3144 φεται
691 3081 806 3146 πρὸς
836 3083 900 3132 τὰ
934 3086 1062 3149 τῇδε,
1093 3088 1106 3111 ‘
1124 3085 1458 3147 generativae,
1491 3101 1587 3149 per

493 3176 498 3179 ·
527 3172 653 3223 quas
688 3160 754 3209 ad
792 3176 856 3210 ea
877 3177 994 3225 quae
1028 3162 1113 3210 bic
1151 3171 1290 3223 sunt,
1330 3162 1587 3211 converti·

528 3237 650 3286 tur.'
713 3236 915 3286 Anima!
951 3240 1110 3302 igitur
1141 3240 1277 3288 vires
1313 3248 1586 3289 moventur

525 3313 591 3361 ad
618 3327 699 3360 res
724 3313 1091 3376 intelligibiles,
1112 3318 1304 3374 Deum,
1328 3324 1554 3367 mentem
1571 3332 1588 3367 ι

527 3396 800 3439 moventur
821 3391 955 3441 etad
976 3394 1257 3452 sensibiles,
1271 3409 1385 3459 quae
1413 3393 1588 3443 viden·

524 3474 630 3526 tur,
669 3466 967 3517 audiuntur.
1031 3469 1100 3518 Et
1140 3469 1259 3533 quia
1295 3478 1463 3519 motus
1497 3469 1588 3518 ille

523 3542 780 3604 duplicem
812 3545 1167 3594 conversionis
1201 3546 1453 3595 circulum
1491 3560 1585 3595 seu

524 3621 707 3669 orbem
726 3619 906 3681 efficit,
925 3630 1124 3671 certum
1142 3630 1223 3672 est
1239 3623 1289 3671 in
1309 3638 1366 3673 se
1392 3625 1587 3677 redire:

525 3696 707 3745 circuli
733 3697 866 3745 enirn
891 3697 1155 3761 proprium
1181 3706 1263 3747 est
1288 3698 1340 3747 in
1364 3713 1423 3748 se
1457 3714 1584 3749 con-

522 3773 691 3822 verti:
727 3771 954 3821 συνάπτει
986 3772 1080 3836 γὰρ
1113 3775 1175 3838 τῇ
1209 3774 1337 3839 &px-1⁴1⁸
1361 3773 1422 3824 τὸ
1440 3772 1584 3840 πέρας

520 3849 601 3900 καὶ
625 3848 729 3899 ἔστι
763 3850 882 3911 μόνη
912 3848 1110 3914 τέλειος,
1134 3857 1147 3878 ⁴
1168 3853 1424 3917 principio
1445 3854 1581 3902 enim

522 3928 676 3981 finem
701 3930 988 3991 conjungit,
1012 3938 1165 3993 atque
1201 3931 1339 3978 solus
1381 3929 1581 3994 perfec·

525 4015 607 4054 tus
654 4009 767 4066 est,'
800 4007 875 4054 ait
920 4006 1078 4055 Anist.
1127 4006 1215 4056 lib.
1264 4020 1389 4057 vul.
1432 4009 1580 4071 phys·

522 4081 714 4132 Anima
738 4083 875 4130 enim
893 4098 1129 4132 sensuum
1151 4084 1328 4147 adjuta
1349 4083 1580 4133 ministe-

522 4160 626 4218 rio,
645 4174 726 4209 res
753 4160 969 4223 primuni
992 4161 1259 4209 sensibiles
1292 4161 1580 4224 apprehen·

521 4236 619 4295 dit,
637 4251 845 4300 quarum
864 4238 1063 4300 species
1078 4252 1191 4286 cum
1208 4237 1259 4286 in
1284 4253 1338 4286 se
1354 4236 1581 4300 reflexit,

522 4325 614 4361 eas
662 4314 820 4363 veluti
860 4312 1168 4379 imperfecta
1200 4315 1580 4380 quoedamcpav-

1681 628 1800 692 qnid
1825 628 1877 677 in
1900 629 2135 693 qualibet
2157 645 2212 679 re
2234 630 2334 680 sibi
2356 632 2548 694 simile,
2570 631 2622 681 id
2640 639 2734 694 est,

1678 705 1801 769 quid
1824 721 1934 769 eng
1973 706 2096 771 quid
2119 707 2274 769 idem,
2305 707 2428 772 quid
2454 723 2635 757 verum
2660 724 2731 758 re·

1675 795 1987 845 cognosceus
2010 784 2289 845 discernit3
2324 800 2427 849 qua
2444 801 2551 852 ope
2571 787 2735 836 anima

1675 856 1995 917 confirmata,
2030 859 2094 909 de
2132 862 2356 911 veritate
2384 862 2498 925 jam
2538 865 2734 913 eertior

1672 930 1833 994 facta,
1862 934 2072 999 judicat
2114 952 2176 986 ae
2217 939 2591 987 ratiocinatur.
2652 939 2736 988 Ita

1672 1016 1892 1074 utraque
1910 1011 2114 1073 Anima,
2129 1020 2184 1062 et
2202 1014 2386 1063 Mundi
2403 1023 2461 1063 et
2477 1014 2733 1078 Hominis,

1673 1086 1758 1148 qui
1812 1086 2123 1150 μικρόκοσμος
2174 1096 2277 1150 est,
2349 1088 2734 1153 perfectissim

1671 1165 1857 1212 mentis
1875 1165 2065 1214 divinae
2081 1167 2247 1228 imago
2263 1174 2347 1216 est
2369 1183 2383 1216 ε
2405 1166 2736 1231 perfectissi-

1670 1252 1774 1298 ma,
1797 1239 2023 1304 inquam,
2044 1242 2167 1306 quia
2191 1243 2491 1307 intelligens
2509 1245 2735 1306 3intelli-

1672 1325 1825 1377 gente
1844 1331 1968 1366 vero
1985 1316 2272 1379 petfeetior
2294 1333 2396 1368 non
2419 1327 2520 1370 est.
2543 1321 2737 1370 Simili-

1670 1394 2190 1457 tei-quemadmodum
2203 1395 2737 1459 AnimaMundifiium

1670 1472 1684 1497 ‘
1708 1471 1944 1520 Mentem
1980 1472 2120 1524 illam
2163 1472 2473 1537 profundam
2507 1474 2732 1524 circuit’

1669 1553 1725 1596 et
1756 1546 1823 1596 ad
1859 1562 1975 1597 eam
2010 1550 2352 1610 convertitur,
2383 1549 2450 1599 ab
2473 1564 2539 1600 ea
2562 1552 2729 1602 eonti-

1670 1638 1770 1674 nuo
1784 1631 1955 1673 motus
1968 1625 2066 1686 sui,
2078 1640 2179 1690 quo
2199 1626 2497 1675 uuiversum
2511 1626 2612 1678 boc
2630 1641 2731 1678 om·

1668 1715 1733 1749 ne
1755 1709 1992 1750 movetur
2015 1709 2069 1751 et
2092 1702 2348 1763 subsistit,
2377 1702 2573 1765 accipit
2606 1715 2728 1754 cnu-

1667 1777 1949 1838 stautiam;
1983 1777 2139 1842 qnod,
2174 1786 2233 1827 ut
2272 1778 2347 1828 ait
2380 1779 2626 1836 Procius,
2662 1780 2727 1829 sit

1667 1867 1813 1902 mens
1844 1854 1932 1912 τῆς
1974 1856 2132 1916 ψυχῆς
2167 1852 2471 1919 κυβερνήτης,
2504 1854 2521 1884 ‘
2540 1855 2727 1906 anina

1667 1927 2005 1993 gubernatrix
2022 1929 2055 1977 ι’
2090 1932 2166 1979 ita
2210 1929 2402 1980 Anima
2441 1930 2726 1993 rationalis,

1664 2017 1917 2054 conversa
1946 2004 2012 2054 ad
2036 2004 2252 2054 eandem
2275 2014 2524 2069 mentem,
2561 2022 2592 2055 a
2628 2022 2725 2072 qua

1664 2082 1880 2132 sortitur
1905 2082 2325 2146 intelligentiam,
2347 2085 2723 2146 supercoelesti-

1664 2173 1767 2219 um,
1789 2172 1850 2206 ac
1873 2166 2185 2208 mter-narum
2210 2173 2379 2209 rerum
2415 2174 2723 2226 semperque

1665 2235 1981 2284 manentium
2005 2249 2239 2298 compos,
2280 2236 2556 2300 omnisque
2597 2238 2722 2287 veri-

1668 2310 1792 2360 tatis
1829 2318 1884 2362 et
1926 2312 2191 2361 notionum
2230 2320 2492 2361 certarum
2536 2327 2720 2376 capax,

1665 2389 2184 2452 perturbationesque
2201 2403 2264 2437 ex
2287 2389 2521 2438 sensibus
2543 2405 2722 2454 prove·

1665 2463 1868 2521 nientes
1906 2468 2053 2515 sedat
2092 2481 2154 2515 ac
2199 2473 2496 2529 temperat:
2546 2477 2720 2517 censet

1664 2542 1800 2590 enim
1825 2542 1938 2605 ipse
1958 2543 2011 2591 in
2028 2542 2249 2592 Pbaedro
2263 2542 2512 2593 Socrates
2536 2541 2623 2591 τὸν
2639 2561 2716 2603 με·

1661 2617 1788 2679 aanor
1807 2620 1912 2668 νοῦν
1947 2620 2134 2669 θεᾶσθαι
2164 2618 2250 2669 τὸν
2288 2617 2615 2684 ὕπερουράνων
2647 2620 2718 2671 τό·

1661 2712 1770 2757 τον,
1819 2698 2222 2760 ‘particularem
2274 2705 2501 2746 mentem
2543 2712 2719 2761 snper·

1662 2773 1926 2821 coelestem
1984 2774 2148 2822 locum
2187 2773 2571 2837 contemplari.'
2625 2775 2717 2825 boc

1660 2856 1761 2910 est,
1783 2864 1905 2898 vere
1929 2863 2234 2913 semperque
2257 2849 2420 2911 entia,
2452 2858 2509 2899 ut
2527 2851 2715 2913 Deum,

1661 2934 1886 2975 mentem
1925 2940 1985 2975 ac
2009 2926 2248 2989 seipsam.
2314 2926 2445 2976 Quae
2470 2940 2591 2975 cnm
2616 2941 2715 2977 om·

1660 3001 1747 3052 nia
1770 3009 1914 3052 recte
1930 3002 2112 3051 animae
2131 3002 2369 3052 rationali
2383 3005 2718 3066 conveniant,

1660 3081 1761 3131 hoc
1806 3088 1979 3131 tamen
2018 3081 2133 3130 loco
2166 3080 2411 3131 Boetium
2447 3081 2516 3131 de
2553 3084 2718 3132 anima

1661 3156 1845 3207 Mundi
1880 3170 2037 3220 agere
2074 3161 2275 3213 certum
2311 3163 2425 3219 est„
2451 3166 2561 3207 tum
2598 3160 2718 3222 quia

1660 3233 1895 3287 Platonis
1917 3243 2139 3283 mentem
2164 3233 2232 3289 de
2250 3234 2365 3284 ead.
2410 3234 2603 3285 Anima
2620 3236 2718 3285 (lis-

1661 3311 1884 3360 serentis
1929 3310 2194 3372 exprimit,
2243 3317 2350 3360 tum
2399 3312 2523 3374 quia
2566 3327 2716 3363 nemo

1660 3394 1744 3436 est
1765 3388 1854 3451 qui
1891 3394 2128 3436 extrema
2162 3386 2274 3436 liaec
2312 3388 2490 3446 verba,
2523 3391 2537 3415 ‘
2558 3390 2628 3439 Et
2653 3391 2716 3438 si·

1658 3463 1767 3513 mili
1804 3463 2067 3513 convertit
2100 3463 2323 3525 imagine
2351 3464 2580 3527 coelum,'
2610 3469 2715 3515 ani-

1659 3554 1754 3588 mae
1781 3540 2013 3589 rationali
2051 3540 2283 3589 humanm
2321 3542 2713 3591 accommodare

1659 3616 1861 3680 possit:
1915 3616 2042 3665 licet
2078 3617 2175 3664 boc
2221 3622 2439 3666 conetur
2481 3617 2713 3668 Francis.

1661 3692 1946 3754 Cataneus,
1971 3692 2185 3755 pulchre
2200 3691 2264 3740 ad
2285 3691 2422 3741 bunc
2445 3693 2615 3742 locum
2639 3694 2713 3743 in·

1658 3771 1880 3833 eptieus.

1723 3845 1909 3910 Neque
1946 3845 2122 3895 nescio
2160 3845 2250 3894 bos
2286 3859 2495 3909 quoque
2537 3862 2710 3897 versus

1655 3924 1723 3974 de
1758 3923 2102 3986 intelligentia
2136 3923 2311 3972 orbem
2350 3931 2596 3975 movente
2631 3940 2710 3976 ac·

1654 4003 1795 4066 cipi:
1832 4017 1981 4066 quatu
2007 4000 2321 4063 opinionem,
2356 4016 2473 4049 cum
2504 4015 2573 4051 ne
2598 4016 2707 4065 pro·

1654 4078 1838 4128 babilis
1857 4077 2067 4141 quidem
2091 4077 2177 4135 sit,
2199 4091 2291 4124 nos
2313 4076 2394 4125 liic
2419 4091 2522 4126 non
2546 4092 2705 4126 mora·

1653 4171 1799 4205 mur:
1833 4169 1895 4202 ea
1931 4164 2104 4207 autem
2144 4162 2225 4203 est
2264 4154 2477 4205 Tliomae
2517 4154 2708 4204 Galen·

1653 4232 1744 4295 sis,
1787 4246 1879 4280 seu
1916 4231 2148 4279 valensis
2187 4238 2274 4279 aut
2311 4229 2543 4279 Valesii:
2599 4230 2704 4293 ejus

1653 4310 1789 4359 enim
1811 4309 1863 4357 in
1880 4307 1968 4357 lios
1988 4306 2331 4359 Boeti'rlibros
2350 4308 2704 4368 Commeatum
