3049 4928
998 398 1517 478 ruinosopnlffl
1575 405 1716 457 [AB.
1763 405 1844 453 11.

2340 371 2341 374 ‘
2383 367 2517 464 1-57'

478 543 737 627 Suique
765 545 1079 627 magnum
1104 550 1130 579 ²
1172 552 1504 611 monstrat
1532 551 1934 628 ostentum,w
1979 551 2040 616 si
2071 553 2229 637 quis

476 644 757 711 Visatur
782 666 915 711 una
942 651 1193 711 stratus
1220 662 1304 712 ac
1335 647 1505 714 felix
1531 649 1748 717 hora.'‘

315 791 377 857 sic
388 808 548 872 probat
560 808 690 858 vires
701 824 843 868 sunu
866 813 917 860 et
936 813 1144 859 ostentat
1162 810 1333 872 ingens
1354 811 1632 863 miraculum
1649 828 1748 864 Μ
1762 814 1976 882 virtutis,
1991 821 2195 882 quondo,
2211 819 2299 870 hac
2319 824 2510 882 agente,

315 872 427 923 taem
446 875 577 924 homo
596 875 790 925 videtur
810 875 953 925 miser
973 880 1022 926 et
1042 873 1204 924 beatus
1224 876 1385 925 eodem
1406 876 1539 928 horo.

1230 987 1594 1012 m

314 1075 388 1119 aaut
426 1074 677 1120 ουτω-2
710 1070 815 1133 Sic,
854 1070 1025 1136 inquit
1040 1070 1304 1137 vallinus,
1334 1087 1402 1123 ex
1438 1075 1744 1139 conjectura
1766 1078 2121 1143 reposuimus:
2156 1094 2272 1130 cum
2296 1080 2349 1131 id
2373 1082 2509 1132 ratio

312 1135 542 1185 Scazonis
581 1137 875 1188 necessario
911 1137 1232 1201 postularet:
1269 1152 1366 1189 nec
1401 1139 1524 1189 mihi
1560 1140 1793 1206 dubium,
1827 1143 1949 1208 quin
1983 1145 2058 1195 sic
2085 1146 2356 1210 scripserit
2376 1146 2510 1197 Boe'·

315 1199 455 1250 thius.

1293 1283 1515 1335 NOTAE

312 1393 509 1445 verbnm
544 1395 687 1445 enim
721 1410 753 1445 a
790 1395 972 1460 Lydis,
1003 1396 1092 1461 qui
1130 1409 1197 1446 ex
1224 1393 1367 1458 Asia,

308 1469 565 1534 Tyrrheno
581 1472 742 1533 duce,
761 1471 816 1521 in
836 1468 1141 1523 Hetruriam
1159 1485 1369 1523 conces·

310 1561 433 1612 sere,
449 1548 628 1615 ibique
653 1549 1100 1601 extraordinarios
1123 1549 1239 1599 illos
1260 1563 1365 1598 mo·

309 1631 402 1689 tus,
422 1641 548 1691 quos
567 1633 758 1691 postea
780 1625 929 1676 ludos
946 1627 1057 1676 sive
1073 1626 1367 1685 Circenses,

308 1702 407 1751 sive
416 1702 719 1754 Theatrales
741 1710 1078 1761 vocaverunt,
1100 1703 1364 1753 invexere.

310 1776 442 1828 Hinc
476 1778 740 1829 Ludiones
762 1780 874 1828 sive
910 1779 1086 1837 Ludii,
1125 1778 1365 1830 nimirum

309 1855 446 1918 pueri
467 1856 714 1921 puberes,
733 1855 1059 1920 elegantibus
1079 1856 1268 1906 tunicis
1288 1856 1364 1906 in·

308 1923 429 1994 doti,
454 1933 601 1995 galea
633 1933 872 1997 insuper,
909 1946 1053 1996 ense,
1091 1939 1149 1982 et
1185 1948 1367 1998 parma

308 1999 495 2069 armati,
530 2009 621 2076 qui
645 2009 983 2062 Circensibus
1006 2016 1063 2059 et
1082 2008 1365 2061 Theatrali-

307 2082 393 2134 bus
412 2088 616 2151 pompis
642 2086 827 2137 ordine
845 2085 1086 2138 incedere
1110 2086 1367 2153 solebant,

309 2161 458 2213 veluti
491 2177 703 2229 pompm
744 2164 921 2226 duces,
956 2163 1109 2213 Saliis
1134 2163 1362 2215 similes:

310 2253 512 2305 quorum
562 2241 805 2292 meminit
847 2240 1006 2292 Ovid.
1050 2255 1092 2290 1.
1138 2240 1204 2292 de
1247 2241 1366 2293 Art.

308 2315 573 2385 ‘Dumque
612 2317 801 2369 rudem
841 2317 1114 2381 praebente
1153 2318 1365 2369 modum

308 2389 506 2445 tibicine
525 2396 738 2445 Thusco
763 2393 960 2445 Ludius
983 2401 1245 2460 aequatam
1284 2400 1366 2445 ter

307 2471 430 2535 pede
450 2473 624 2537 pulsat
639 2467 889 2522 humum.’
931 2471 1230 2536 Propterea
1252 2471 1364 2523 Ho-

307 2548 457 2599 ratius
479 2549 675 2600 bellum
712 2555 869 2599 vocat
903 2548 1083 2599 ludum
1115 2548 1306 2600 Martis
1327 2550 1365 2601 1.

307 2637 346 2675 1.
366 2625 530 2678 Carm.
554 2625 664 2678 Od.
686 2629 738 2675 2.
760 2625 777 2654 ‘
799 2624 924 2675 Heu
942 2623 1091 2674 nimis
1112 2626 1267 2691 longo
1285 2640 1365 2675 sa·

309 2699 432 2765 tiate
447 2702 588 2766 ludo,
612 2703 786 2756 Quem
802 2700 959 2765 juvat
982 2702 1194 2765 clamor,
1226 2703 1366 2766 gale-

310 2789 447 2844 aeque
477 2779 657 2843 laeves,
690 2778 832 2828 Acer
864 2785 921 2828 et
959 2777 1132 2828 Mauri
1172 2778 1366 2843 peditis

308 2861 564 2906 cruentum
588 2855 786 2906 Vultus
805 2855 857 2905 in
879 2854 1119 2906 hostem?
1168 2854 1365 2907 Quam-

308 2929 471 2982 obrem
494 2947 615 2983 cum
632 2930 852 2982 fortuna
867 2946 973 2981 non
988 2932 1152 2981 solum
1174 2930 1367 2995 rideat,

309 3008 362 3058 ut
384 3008 490 3071 jam
512 3009 711 3061 dictum
735 3015 838 3072 est,
867 3010 958 3059 sed
983 3009 1139 3059 etiam
1166 3015 1365 3059 temere

307 3097 433 3135 nunc
468 3085 589 3150 buc,
636 3100 775 3136 nunc
811 3086 935 3136 illuc
970 3086 1250 3148 discurrat,
1286 3085 1365 3134 in-

310 3166 408 3213 star
445 3163 652 3229 Martis,
695 3178 945 3230 prospera
986 3163 1163 3226 modo,
1206 3162 1363 3214 modo

1443 1395 1689 1459 adversa,
1726 1399 1923 1462 optime
1962 1400 2274 1462 perhibetur
2309 1404 2507 1455 ludere.

1440 1469 1529 1520 Sic
1575 1470 1802 1523 fortunae
1841 1488 2104 1525 accessum
2147 1492 2509 1544 recessumque

1441 1547 1580 1597 idem
1604 1549 1858 1601 Horatius
1890 1553 2099 1604 vocavit
2135 1554 2310 1604 ludum
2337 1556 2510 1608 Carm.

1441 1624 1478 1674 l.
1497 1638 1562 1676 11.
1580 1625 1687 1677 Od.
1708 1632 1752 1676 1.
1785 1627 1801 1656 4
1823 1628 2030 1679 Motum
2053 1643 2119 1680 ex
2144 1631 2365 1681 Metello
2387 1647 2510 1698 con-

1442 1700 1554 1750 sule
1579 1700 1800 1752 civicum
1822 1703 2060 1769 Bellique
2078 1720 2277 1771 causas,
2295 1712 2350 1758 et
2366 1709 2512 1771 vitia,

1440 1783 1498 1829 et
1517 1778 1698 1828 modos
1732 1779 2040 1846 Ludumque
2063 1780 2286 1835 fortunae
2307 1799 2510 1849 graves-

1441 1867 1544 1919 que
1586 1855 1897 1921 Principum
1941 1858 2196 1910 amicitias
2240 1868 2298 1911 et
2333 1862 2513 1915 arma!

1439 1932 1591 1983 Sicut
1608 1932 1796 1998 virgil.
1815 1934 1930 1984 AEn.
1948 1948 2028 1986 xr.
2052 1951 2129 1986 vs.
2148 1940 2265 1988 426.
2283 1939 2508 1990 cecinit:

1440 2008 1456 2037 4
1476 2009 1676 2060 Multos
1700 2010 1903 2062 alterna
1926 2012 2156 2063 revisens
2179 2014 2348 2079 Lusit,
2371 2022 2433 2065 et
2457 2016 2507 2065 in

1438 2086 1604 2136 solido
1628 2101 1802 2138 rursus
1825 2086 2038 2138 fortuna
2059 2089 2287 2142 locavit!

1505 2171 1529 2200 V
1560 2164 1647 2216 Sic
1663 2166 1959 2230 mprobus
1978 2167 2130 2232 vires]
2163 2168 2511 2220 Continuatur

1442 2242 1700 2307 praedicta
1739 2244 2060 2296 similitudo:
2101 2246 2192 2312 qui
2247 2246 2386 2296 enim
2432 2249 2508 2297 lu-

1440 2319 1594 2385 dunt,
1625 2320 1680 2370 hi
1708 2335 1830 2371 suas
1867 2322 2119 2373 certando
2161 2324 2508 2388 experiuntur

1442 2409 1604 2447 vires.

1507 2480 1542 2506 *
1578 2472 1855 2538 Ostentum]
1877 2472 2029 2540 Opus
2061 2480 2267 2526 tantum
2300 2482 2363 2526 ut
2395 2476 2511 2543 dig-

1441 2563 1565 2599 num
1589 2549 1848 2614 videatur,
1866 2550 2005 2616 quod
2022 2552 2187 2604 veluti
2210 2553 2511 2605 admirabile

1442 2625 1614 2689 digito
1639 2625 1964 2677 ostendatur.

1508 2709 1536 2735 ¹¹
1573 2703 1681 2752 Una
1711 2707 1895 2752 strutus
1921 2717 1980 2752 ac
1998 2701 2136 2761 felix
2171 2704 2313 2768 horu]
2338 2705 2508 2756 Maxi-

1442 2791 1584 2828 mum
1607 2778 1878 2828 sanelevis
1913 2779 2364 2845 inconstantisque
2399 2781 2508 2832 for-

1444 2859 1587 2903 tunae
1608 2859 1987 2918 argumentum.
2053 2853 2256 2905 Putant
2277 2860 2510 2910 nonnulli

1440 2929 1456 2958 4
1480 2927 1682 2979 horam'
1703 2928 1789 2979 hic
1812 2927 2109 2993 significare
2131 2930 2147 2959 4
2173 2930 2313 2981 diem
2339 2931 2380 2983 ε’
2411 2934 2505 2983 sed

1442 3021 1546 3073 quo
1568 3005 1776 3056 brevius
1801 3006 2048 3072 temporis
2073 3006 2301 3071 spatium
2312 3007 2341 3036 ⁴
2362 3009 2506 3060 hora'

1442 3082 1671 3148 notabit,
1701 3096 1765 3132 eo
1797 3082 1964 3147 magis
1998 3089 2228 3133 mentem
2250 3084 2512 3150 loquentis

1440 3159 1795 3226 Philosophiae
1815 3158 2186 3212 manifestabit.
2222 3175 2231 3185 ’
2260 3192 2263 3195 »

1163 3606 1482 3673 PROSA
1544 3609 1643 3674 II.

392 3759 716 3830 Vennum
794 3771 1023 3830 autem
1074 3783 1295 3848 pauca
1339 3771 1570 3830 tecum
1622 3764 1903 3830 fortunae
1966 3763 2188 3848 ipsius
2245 3760 2463 3827 verbis
2484 3768 2512 3809 ¹

1298 3915 1514 3967 No'rAE

353 4035 374 4072 5
389 4030 608 4082 Fortunoe
622 4033 772 4097 ipsius
786 4028 963 4094 verbis]
978 4045 1017 4082 1.
1033 4030 1370 4095 Philosophia

316 4103 604 4171 loquentem
625 4108 888 4159 fortunam
904 4107 1193 4159 introducit
1211 4125 1225 4157 ε
1245 4121 1367 4158 nam

317 4178 333 4205 ‘
348 4178 396 4229 in
417 4184 648 4234 omnibus
672 4181 869 4247 rebus,'
903 4183 1073 4249 inquit
1110 4182 1297 4233 Cicero
1321 4197 1363 4234 ι.

321 4254 379 4308 de
398 4259 513 4312 Inv.
531 4261 547 4290 4
568 4250 851 4313 similitudo
875 4267 956 4312 est
977 4260 1240 4313 satietatis
1261 4276 1365 4312 ma-

1454 4036 1539 4081 ter
1561 4029 1598 4082 2’
1653 4045 1816 4097 quare
1871 4026 2209 4093 Philosophia
2252 4025 2510 4078 varietate

1450 4121 1737 4158 occurrens
1775 4105 2026 4164 satietati,
2066 4104 2313 4173 deinceps
2342 4103 2512 4152 utitur

1446 4183 1538 4233 illo
1575 4183 1821 4248 loquendi
1856 4182 2024 4245 modo,
2059 4195 2212 4245 quem
2253 4178 2511 4228 Rhetores

1446 4266 1639 4313 vocant
1671 4261 1688 4289 4
1707 4255 2220 4321 Conformationem,'
2243 4267 2358 4320 quae
2385 4260 2511 4304 tunc
