3049 4928
586 418 890 467 ΒΟΕΤΗΙῙ
944 419 1039 466 1)ss
1088 417 1400 465 coNSOL.
1453 416 1895 467 PHILOSOPH.
1949 417 2094 472 1118.
2144 420 2193 467 1.

289 566 478 622 staret,
524 575 640 614 cum
684 561 1042 626 respondisset
1082 569 1354 625 contemp·

291 645 402 687 tum
454 638 659 700 mortis,
701 639 1102 703 impassibilibus
1136 638 1356 702 flagellis
1421 670 1428 676 -

289 714 504 778 tyranni
548 714 810 778 objectus,
859 717 1172 766 sententiam
1213 730 1356 765 suam

290 806 458 856 usque
485 790 551 840 ad
578 797 793 840 mortem
817 792 1094 855 signabat!
1162 792 1358 843 Credas

290 881 471 917 omnes
502 867 555 915 in
590 866 644 915 id
680 867 1026 930 conspirasse,
1063 876 1122 919 ut
1156 869 1359 919 diversa

178 955 181 958 ’
287 944 600 994 scriberent.
666 944 766 994 Sed
786 946 832 993 is
868 953 1039 995 tamen
1071 946 1232 995 nodus
1260 949 1359 997 sol·

292 1029 448 1071 vetur
462 1020 502 1069 si
544 1020 805 1071 distinctis
840 1022 940 1072 illis
974 1023 1244 1085 patientiae
1264 1038 1359 1072 ex-

292 1098 505 1160 emplis,
527 1112 623 1160 pro
645 1106 915 1160 comperto
938 1106 994 1149 et
1021 1106 1168 1149 certo
1188 1114 1359 1149 mane·

295 1178 368 1232 at,
388 1182 447 1221 ut
469 1181 617 1236 certe
631 1187 699 1223 ex
715 1175 1002 1227 Plutarcho
1019 1176 1107 1226 lib.
1127 1176 1234 1242 περὶ
1253 1177 1359 1227 ἀδα-

290 1248 518 1312 λεσχίας,
568 1251 838 1301 Clemente
888 1252 1243 1303 Alexandrino
1276 1268 1358 1304 tv.

293 1326 631 1391 Στρωματέυν,
698 1328 1027 1380 Theodoreto
1074 1330 1362 1390 ‘mnume-

292 1404 579 1466 παθημάτων
591 1405 754 1456 Serm.
769 1418 894 1455 vm.
908 1407 1124 1475 aliisque
1136 1413 1362 1472 constat,

295 1483 588 1542 Zenonem,
605 1496 707 1531 non
721 1482 877 1532 alium
900 1497 1228 1549 quemquam,
1242 1484 1361 1533 Ele·

297 1574 379 1609 am
404 1560 628 1623 patriam
652 1558 776 1609 dum
798 1560 849 1608 in
879 1559 1176 1611 libertatem
1202 1560 1362 1610 vindi·

296 1650 417 1686 care
441 1645 681 1698 conatur,
719 1635 948 1686 Nearchi
973 1637 1176 1701 tyranni
1207 1637 1359 1700 jussu

296 1714 609 1776 cruciatum,
630 1713 767 1763 inter
800 1719 1060 1763 tormenta
1099 1715 1114 1739 ‘
1134 1714 1360 1763 avulsam

296 1789 508 1839 sedibus
530 1788 756 1852 linguam
790 1787 970 1849 snam‚'
1007 1796 1065 1839 ut
1096 1789 1172 1839 ait
1194 1789 1361 1840 Amm.

298 1866 639 1917 Marcellinus
684 1866 720 1917 l.
758 1880 882 1916 xn'.
932 1866 949 1894 ‘
985 1881 1099 1916 cum
1145 1876 1363 1917 cruento

299 1946 596 2009 sputamine
611 1945 662 1994 iu
679 1945 860 1993 oculos
878 1944 1248 2006 interrogantis
1265 1946 1362 2010 Cy·

298 2024 402 2086 prii
430 2023 591 2086 Regis
628 2021 944 2085 impegisset·
1004 2020 1362 2086 Anaxarchum

301 2114 450 2160 vero,
487 2106 547 2147 nt
588 2113 703 2147 cum
750 2096 959 2148 Laertio
1003 2111 1179 2148 omnes
1215 2114 1363 2161 poene

298 2185 544 2226 auctores
579 2174 858 2237 affirmant,
877 2176 1241 2227 Nicocreontis
1265 2177 1365 2241 Cy-

300 2253 403 2317 prii
441 2252 647 2316 tyranni
678 2251 828 2316 jussu
869 2252 922 2300 in
964 2252 1120 2316 pilam
1156 2267 1364 2303 saxeam

301 2325 621 2394 conjectum,
639 2329 815 2393 ibique
833 2327 1020 2378 ferreis
1042 2330 1243 2380 malleis
1267 2344 1365 2379 cae-

300 2421 435 2468 snm,
457 2407 666 2457 celebre
700 2407 796 2456 boc
818 2406 1014 2457 dictum
1054 2408 1367 2472 geminasse,

300 2483 509 2546 Πτίσσε,
531 2484 704 2534 nicee
718 2483 805 2534 τὸν
835 2480 1123 2549 Ἀναξάρχου
1143 2483 1366 2547 θύλακον,

297 2561 592 2625 Ἀνάξαρχον
639 2560 691 2612 δὲ
721 2562 775 2612 οὔ
817 2561 1073 2612 wico-m:
1118 2563 1135 2589 ⁴
1159 2562 1365 2625 Tunde‚

303 2640 469 2689 tunde
507 2637 805 2688 Anaxarchi
860 2654 1092 2704 capsam,
1133 2637 1366 2689 Anaxar-

300 2717 457 2767 chum
480 2723 652 2767 autem
678 2731 777 2765 non
808 2715 1022 2766 tundis!
1066 2713 1235 2765 Vallia.

367 2793 443 2843 Ae
491 2794 683 2855 Curuios,
717 2798 771 2841 at
800 2794 1020 2855 Senem,
1052 2796 1104 2841 ut
1140 2788 1367 2852 Soranos]

300 2867 454 2921 Canii
474 2869 602 2921 Julii
625 2869 721 2919 viri
742 2869 912 2932 magui
947 2868 1289 2918 constantiam
1313 2867 1366 2915 in

300 2956 474 2997 morte
514 2946 845 3010 perferenda,
878 2946 1127 2996 describit
1167 2946 1369 2994 Seneca

300 3024 371 3073 de
397 3024 804 3088 Tranquillitate
841 3039 959 3087 cap.
986 3026 1064 3073 14.
1088 3022 1250 3086 ipsius
1274 3022 1366 3071 Se-

300 3114 448 3151 necae
495 3100 865 3164 deplorandam
918 3106 1134 3150 mortem
1178 3098 1367 3147 Annal.

304 3189 405 3229 xv.
439 3178 623 3228 Sorani
661 3179 756 3228 viri
793 3178 1006 3227 illustris
1039 3191 1220 3227 necem
1259 3175 1366 3225 An·-

298 3256 499 3305 nalium
523 3267 645 3306 xvi.
678 3255 889 3305 Tacitus
911 3254 1086 3305 refert.
1118 3253 1269 3302 Beni.

368 3330 444 3380 At
484 3331 673 3396 ennias,
710 3337 762 3381 ut
790 3332 1017 3405 ‘Senecam
1046 3334 1100 3379 at
1139 3326 1369 3392 Soranos]

306 3407 458 3457 Canii
497 3407 623 3458 Julii
668 3415 889 3458 mortem
927 3408 1368 3473 constantiamque

304 3485 487 3534 videre
529 3493 610 3534 est
664 3486 804 3549 apud
852 3488 1107 3535 Senecam
1166 3484 1257 3535 lib.
1301 3485 1369 3535 de

303 3561 590 3626 Tranquill.
624 3576 738 3625 cap.
786 3566 867 3611 14.
910 3561 995 3611 ubi
1037 3561 1368 3611 scribendum

306 3648 496 3688 censet
549 3636 756 3702 Lipsius
815 3641 995 3702 Canus,
1038 3653 1139 3688 nou
1177 3640 1370 3690 Canius.

304 3718 320 3743 ‘
339 3715 532 3765 Annaei
551 3715 808 3776 Seneca&
832 3716 969 3780 apud
991 3717 1293 3769 Suetonium
1317 3717 1368 3765 in

306 3793 555 3842 Nerone:
621 3803 851 3843 veterem
895 3792 1235 3857 interpretem
1278 3794 1314 3845 J
1320 3809 1372 3842 u·

306 3869 508 3918 venalis
552 3870 723 3934 satyr.
760 3884 813 3920 v.
868 3869 1150 3935 Annalium
1197 3871 1369 3922 Taciti

309 3953 408 3996 xv.
456 3946 473 3973 ‘
497 3945 683 3997 Bareae
706 3945 921 4010 Sorani,'
944 3947 1241 3997 eorumdem
1261 3948 1369 3998 An·

308 4024 502 4073 nulium
525 4037 644 4077 xvr.
686 4023 862 4074 Vanin.

373 4102 447 4151 At
472 4099 668 4161 Genios]
714 4100 1030 4163 CaniiJulii,
1061 4115 1213 4165 quem
1246 4101 1264 4128 ‘
1286 4114 1370 4148 na-

309 4177 414 4226 trix
440 4176 574 4241 Pop.
593 4177 829 4239 Romani,
869 4176 1208 4242 Phaetouque
1230 4177 1371 4226 orbis

308 4266 570 4305 terrarum
594 4255 653 4304 C.
679 4255 857 4304 Caesar
872 4254 1134 4318 Caligula'
1156 4261 1237 4304 est
1254 4268 1368 4317 pro·

307 4338 583 4398 sequutus,
640 4334 829 4395 passim
885 4333 1118 4383 meminit
1170 4332 1370 4382 Seneca

442 4413 616 4476 Delph.
648 4419 697 4462 et
722 4414 834 4463 Var.
855 4415 984 4463 Clas.

1337 4413 1511 4461 ΒοὲιΙι.

2363 404 2497 471 433

1431 560 1780 625 philosophus.
1815 562 1988 613 Βίωνι.

1494 637 1568 687 At
1588 636 1814 700 Senem]
1848 639 2020 688 Vetus
2045 638 2314 703 Interpres
2334 639 2496 692 Juve-

1431 712 1566 762 nalis
1607 713 1660 763 in
1703 714 1815 765 Sat.
1857 729 1914 765 V.
1978 722 1994 744 ‘
2018 716 2123 766 Hic
2147 716 2243 766 snb
2280 715 2499 769 Claudio

1431 793 1581 857 qnasi
1633 794 1871 844 conscius
1926 794 2296 844 adulteriorum
2341 796 2498 847 Julioe

1432 868 1734 921 Germanici
1751 870 1893 935 filiae,
1925 871 1978 921 in
2013 873 2275 923 Corsicam
2300 874 2497 937 relega·

1434 952 1538 1009 tus,
1585 953 1707 1010 post
1762 949 2038 998 triennium
2080 956 2354 999 revocatus
2398 956 2498 1001 est.

1433 1022 1538 1073 Qui
1584 1023 1685 1073 etsi
1722 1038 1906 1086 magno
1944 1025 2207 1075 desiderio
2260 1025 2498 1076 Athenas

1435 1097 1757 1162 intenderet,
1779 1100 1846 1150 ab
1869 1100 2159 1166 Agrippina
2183 1110 2360 1153 tamen
2385 1118 2502 1152 eru·

1434 1174 1627 1224 diendo
1652 1176 1850 1225 Neroni
1873 1178 1925 1226 in
1949 1179 2198 1241 palatium
2220 1179 2501 1240 adductus,

1435 1264 1632 1300 soevum
1654 1250 2030 1317 immanemque
2063 1261 2240 1304 natum
2262 1263 2317 1306 et
2340 1258 2503 1307 sensit

1435 1326 1543 1376 cito
1564 1334 1621 1377 et
1640 1327 1921 1391 mitigavit,
1957 1329 2100 1380 inter
2120 1330 2397 1382 familiares
2418 1348 2503 1382 so·

1434 1403 1558 1453 litus
1579 1404 1785 1455 dicere:
1828 1405 1948 1455 Non
1969 1404 2085 1455 fore
2100 1422 2242 1457 saevo
2266 1408 2339 1457 illi
2359 1409 2500 1458 leoni

1436 1480 1560 1544 quin
1606 1488 1814 1545 gustato
1851 1484 2013 1531 semel
2052 1482 2272 1534 bominis
2312 1499 2497 1535 cruore

1436 1556 1670 1620 ingenita
1697 1558 1881 1608 redeat
1917 1559 2140 1610 saevitia.
2206 1561 2346 1611 Huic
2381 1577 2501 1626 pos·

1439 1641 1624 1697 tremo,
1661 1635 1798 1699 quod
1822 1635 2031 1685 babitus
2054 1638 2359 1687 essetinter
2382 1654 2504 1688 con·

1436 1711 1576 1760 scios
1604 1712 1975 1775 conjurationis
2014 1712 2334 1778 Pisonianae,
2360 1717 2503 1766 Nero

1439 1801 1534 1850 per
1559 1787 1820 1837 tribunum
1862 1788 2098 1838 ultimam
2133 1791 2503 1844 necessitatem

1440 1865 1784 1915 denuntiavit.
1863 1865 1969 1916 Hic
2008 1867 2275 1918 interritus
2316 1870 2504 1919 amico-

1441 1957 1555 1992 rum
1592 1943 1808 2001 animos,
1844 1942 2027 2007 quibus
2059 1944 2170 2008 jam
2201 1944 2315 2009 ejus
2354 1959 2503 1995 casus

1439 2020 1679 2070 lacrimas
1703 2020 1992 2081 exciverat,
2029 2019 2095 2068 ad
2133 2019 2504 2072 firmitudinem

1440 2097 1724 2159 revocavit,
1762 2098 2027 2161 rogitans:
2080 2096 2185 2146 Ubi
2231 2104 2506 2163 praecepta

1440 2175 1751 2239 sapientire?
1801 2174 1890 2225 ubi
1924 2180 2005 2224 tot
2045 2186 2141 2237 per
2161 2188 2322 2223 annos
2343 2174 2506 2224 medi-

1442 2258 1559 2303 tata
1578 2253 1716 2302 ratio
1747 2252 1997 2301 adversus
2036 2251 2385 2302 imminentia?
2416 2251 2506 2300 cui

1441 2335 1702 2392 praeterea
1742 2329 1923 2391 ignara
1956 2325 2119 2377 fuerit
2151 2328 2390 2378 Neronis·
2410 2344 2504 2378 sm-

1441 2405 1601 2456 vitia?
1656 2420 1824 2471 neque
1870 2404 2007 2454 aliud
2059 2419 2335 2470 superesse
2387 2416 2507 2472 post

1438 2491 1653 2535 matrem
1672 2484 1988 2550 fratremque
2007 2483 2336 2547 interfectos,
2348 2500 2502 2549 quarn

1440 2567 1499 2610 ut
1522 2560 1818 2610 educatoris
1852 2559 2300 2625 praeceptorisque
2317 2575 2504 2611 necem

1439 2637 1716 2701 adjiceret.
1782 2636 1993 2686 Deinde
2030 2637 2129 2686 sibi
2175 2651 2332 2687 venas
2378 2653 2506 2702 proe-

1438 2728 1641 2776 secans,
1662 2727 1975 2777 crurumque
1996 2728 2153 2763 venas
2174 2713 2504 2778 abrumpens,

1440 2796 1492 2838 et
1514 2782 1733 2839 durante
1750 2796 1920 2839 tractu
1944 2789 2356 2854 lentitudineque
2372 2805 2505 2839 mor·

1442 2867 1529 2929 tis,
1549 2865 1734 2915 hausto
1757 2880 1979 2926 veneno,
2001 2871 2056 2915 et
2092 2872 2351 2929 postremo
2379 2867 2506 2916 cali·

1440 2942 1524 2994 dae
1564 2958 1713 3008 aqnae
1752 2950 1991 3008 stagnum
2029 2945 2297 3011 introiens,
2331 2946 2508 2996 exani-

1439 3027 1612 3071 matus
1636 3022 1751 3070 est.'
1783 3022 1935 3071 Idem.
2227 3021 2232 3029 '

1505 3101 1579 3151 At
1617 3100 1842 3163 Soranos]
1886 3100 2086 3151 Bareas
2116 3101 2355 3162 Soranus,
2376 3101 2506 3151 Pro-

1441 3178 1622 3226 consul
1644 3176 1803 3241 Asiae,
1815 3177 2041 3241 justitie
2059 3183 2216 3242 atque
2236 3178 2506 3227 industriae

1441 3254 1720 3304 studiosior
1782 3254 2044 3304 Neronem
2095 3253 2200 3303 sibi
2253 3252 2504 3303 offensum

1446 3331 1696 3395 reddidit,
1734 3346 1762 3380 a
1783 3346 1885 3396 quo
1915 3331 2126 3381 taudem
2160 3330 2342 3381 mortis
2380 3329 2506 3380 dato

1445 3407 1666 3458 arbitrio
1688 3408 1797 3458 vita
1814 3406 2073 3458 excedere
2091 3414 2176 3457 est
2189 3406 2384 3471 jussus.
2420 3407 2507 3456 De

1443 3485 1544 3534 boc
1561 3485 1779 3534 Tacitus
1801 3485 1835 3534 l.
1855 3498 1978 3533 xV1.
1997 3482 2272 3532 Annalium
2292 3499 2307 3532 1
2345 3484 2510 3534 ‘Tru-

1443 3562 1635 3614 cidatis
1658 3568 1738 3611 tot
1758 3560 2047 3626 insignibus
2063 3561 2207 3624 viris,
2222 3560 2286 3610 ad
2309 3566 2507 3625 postre-

1446 3655 1583 3689 mum
1631 3639 1776 3688 Nero
1820 3638 2061 3688 virtutem
2100 3638 2265 3702 ipsam
2303 3638 2507 3688 exscin-

1445 3717 1571 3767 dere
1642 3716 1956 3778 concupivit,
2003 3713 2284 3765 interfecto
2336 3714 2511 3765 Barea

1444 3794 1643 3843 Sorano
1674 3800 1730 3841 et
1752 3793 1981 3841 Thrasea
2002 3791 2175 3854 Peto,
2198 3790 2317 3841 olim
2350 3792 2507 3841 utris-

1445 3886 1548 3934 que
1572 3868 1835 3920 infensus!
1869 3870 2020 3919 Idem.

1513 3949 1643 4004 Quies
1662 3946 1783 3996 nihil
1815 3946 1947 3995 aliiul
1980 3946 2033 3994 in
2062 3946 2240 3995 cladem
2269 3944 2508 4007 devexit}

1446 4026 1549 4074 Ms.
1576 4023 1831 4072 Rittersh.
1853 4022 2039 4084 dejecit.
2099 4021 2183 4070 De
2208 4020 2372 4070 tribus
2389 4034 2508 4082 pos-

1447 4100 1745 4162 terioribus,
1766 4113 1983 4164 quorum
2007 4098 2322 4149 mentionem
2360 4094 2510 4158 facit,

1446 4178 1624 4241 paucis
1644 4176 1891 4226 dicemus.
1925 4176 2075 4226 Idem.

1440 4284 1446 4288 -
1514 4255 1656 4311 Quod
1675 4254 1850 4303 nostris
1865 4253 2070 4302 movibus
2084 4249 2507 4313 instituantur&

1442 4330 1760 4393 improborum
1778 4328 2089 4379 dissimillimi
2108 4324 2411 4387 videbantur]
2443 4323 2508 4373 In

2263 4409 2294 4454 2
2327 4406 2372 4454 E
