3049 4928
536 439 666 507 118
1234 453 1542 506 1101111111
1596 454 1693 504 nn
1743 453 2049 506 coNson.

535 603 872 670 lacereris,
961 602 1058 669 At
1085 622 1245 670 vero
1273 602 1384 667 hic
1415 601 1619 668 etiam
1647 601 1897 667 nostris
1949 600 2149 666 malis
2192 602 2502 667 cumulus
2549 621 2739 671 acce-

538 709 659 787 dit,
687 706 867 792 quod
899 707 1319 774 existimatio
1343 705 1865 791 plurimorumss
1907 725 2041 770 non
2072 723 2291 770 rerum
2321 708 2583 787 merita,
2616 708 2738 773 sed

535 812 824 876 fortunae
856 816 1124 897 spectat
1154 815 1497 889 eventum3
1544 827 1755 894 eaque
1783 815 2048 874 tantum
2089 803 2355 892 judicat
2397 830 2550 875 esse
2586 829 2742 897 pro-

537 915 735 980 visa⁸
775 935 930 999 quae
959 914 1249 981 felicitas
1279 912 1861 980 commendaverit.
1951 910 2112 994 Quo
2144 912 2244 992 fit,
2292 919 2367 979 ut
2394 916 2742 981 existima-

540 1018 641 1083 tio
668 1019 854 1083 bona
878 1020 1100 1103 prima
1128 1018 1421 1082 omnium
1453 1013 1715 1081 deserat
1743 1015 2070 1082 infelices.
2135 1014 2275 1095 Qui
2297 1036 2475 1082 nunc
2501 1020 2745 1103 populi

539 1141 860 1200 rumoreS,
893 1140 1095 1205 quam
1143 1120 1480 1198 dissonae?
1521 1118 2081 1212 multiplicesque·
2120 1119 2513 1200 sententiae:
2556 1122 2747 1205 piget

541 1226 898 1290 reminisci.
988 1224 1148 1289 Hoc
1199 1229 1455 1289 tantum
1505 1223 1832 1289 dixerim:
1877 1223 2186 1290 ultimam
2231 1244 2388 1289 esse
2435 1224 2745 1291 adversae

540 1331 829 1419 fortunae
856 1327 1234 1406 sarcinam?
1276 1327 1456 1411 quod
1499 1328 1659 1392 dum
1686 1326 1949 1393 miseris
1973 1328 2250 1412 aliquod
2280 1329 2531 1394 crimen
2561 1327 2748 1393 affin·

542 1431 796 1518 gitur,¹⁶
841 1450 997 1518 quae
1025 1431 1376 1516 perferunt,
1426 1432 1752 1497 meruisse
1799 1431 2203 1498 creduntur.²
2286 1431 2377 1497 Et
2424 1452 2551 1516 ego
2603 1432 2750 1518 qui-

544 1536 699 1601 dem
724 1538 922 1602 bonis
954 1536 1260 1601 omnibus
1301 1537 1564 1621 pulsus,
1609 1535 2039 1621 dignitatibus
2092 1541 2359 1616 exutuS,
2403 1536 2752 1602 existima-

543 1640 723 1706 tione
776 1639 1101 1717 foedatus,
1154 1639 1244 1703 ob
1296 1638 1696 1705 beneficium
1751 1640 2160 1726 supplicium
2207 1640 2412 1707 tuli.¹⁷
2498 1638 2751 1705 Videre

601 1800 629 1833 v
643 1793 819 1841 Plures
827 1791 1043 1852 fortuna·
1065 1793 1212 1842 veluti
1232 1792 1556 1856 assentientes,
1575 1807 1668 1842 non
1698 1791 2092 1853 utjudicandum,
2112 1794 2194 1842 sed
2208 1797 2263 1842 ut
2277 1808 2308 1841 α
2325 1791 2529 1851 fortuna
2537 1789 2756 1851 judicari

543 1855 752 1918 videtur,
763 1857 988 1916 judicant
1009 1859 1067 1905 de
1084 1857 1274 1907 merito.
1400 1865 1425 1890 ²
1449 1858 1533 1906 De
1554 1857 1777 1909 Boethio.
1906 1864 1931 1890 ⁶
1953 1856 2086 1908 Aliis
2099 1855 2753 1923 damnantibus,desendenti-

546 1921 631 1970 bus
644 1922 755 1970 aliis
768 1924 826 1972 de
837 1921 972 1987 plebe
988 1921 1125 1972 viris.
1254 1920 1276 1953 ὁ
1309 1922 1461 1973 Onus.

1471 2018 1831 2042 00000οΝ0000

545 2085 926 2135 institutionibus
949 2087 1124 2136 eruditi
1142 2086 1332 2137 sumus?
1360 2087 1747 2139 Bernart.—-16
1778 2089 1978 2140 Thnan.
2001 2088 2218 2154 primus,
2242 2088 2384 2139 Flor.
2408 2092 2466 2138 et
2488 2085 2635 2136 Vict.
2677 2100 2756 2136 se-

548 2150 784 2201 cundus:
821 2153 1051 2216 affigitur.
1116 2154 1132 2180 ‘
1155 2153 1360 2216 Aliquod
1390 2154 1570 2203 crimen
1609 2155 1850 2220 affigitur]
1886 2155 1992 2204 Ms.
2035 2155 2290 2206 Rittersh.
2331 2153 2585 2219 affligitur,
2609 2152 2761 2201 male.

550 2216 757 2277 Malim,
780 2216 824 2265 si
847 2218 971 2281 quid
993 2218 1297 2267 mutandum
1336 2220 1421 2279 sit,
1446 2219 1622 2281 legere
1656 2218 1943 2284 affingitur?
1978 2219 2233 2270 sitz.—17
2291 2219 2360 2268 Et
2394 2233 2498 2280 ego,
2528 2216 2759 2281 siquidem

551 2280 686 2330 bouis
705 2281 917 2332 omuibus
934 2284 1098 2348 pulsus
1114 2317 1260 2334 .....
1277 2282 1334 2332 ob
1357 2283 1630 2349 beneficium
1645 2285 1827 2348 pertuli
1842 2285 2123 2362 supplicium
2156 2283 2257 2333 Ed.
2281 2282 2524 2334 Norimb.
2579 2283 2649 2332 Et
2674 2295 2761 2344 ego

1547 2409 1762 2461 NOTAE

548 2509 588 2558 1.
612 2523 653 2558 1.
684 2508 810 2558 Var.
832 2509 934 2572 Ep.
956 2514 1038 2560 45.
1067 2509 1084 2538 ‘
1115 2510 1283 2560 multa
1317 2511 1616 2563 eruditione
1695 2512 1823 2577 Job,
1856 2511 1997 2579 quod
2020 2512 2158 2562 hunc
2179 2511 2422 2561 viderent
2456 2508 2765 2560 calamitati·-

553 2585 819 2648 saginatus
858 2584 980 2649 fuit,
1017 2593 1078 2637 ut
1116 2594 1271 2651 artes,
1305 2602 1431 2653 quas
1468 2602 1620 2639 exer·

549 2668 674 2711 cent
717 2662 998 2726 vulgariter
1038 2664 1352 2728 nescientes,
1405 2665 1459 2714 in
1502 2665 1618 2730 ipso

553 2738 945 2802 disciplinarum
968 2739 1114 2790 fonte
1132 2742 1396 2806 potaverit
1411 2741 1443 2803 ;’
1467 2756 1622 2808 prop·

550 2820 635 2866 ter
657 2831 905 2867 summam
943 2833 1086 2868 suam
1116 2819 1456 2869 eruditionem
1477 2819 1619 2870 visus

553 2885 664 2942 est'
693 2894 813 2944 huic
880 2892 1048 2944 affinis
1107 2894 1267 2944 fuisse
1341 2896 1618 2947 maleficio.

554 2970 732 3022 Quare
771 2985 889 3020 cum
922 2986 1075 3021 nemo
1106 2971 1212 3022 dici
1247 2974 1416 3037 possit
1449 2989 1516 3023 ex
1556 2988 1620 3024 eo

553 3060 668 3095 esse
707 3044 876 3096 affinis
930 3048 1134 3098 crimini
1187 3050 1432 3112 ambituS,
1482 3050 1621 3115 quod

555 3122 627 3173 sit
670 3123 1071 3189 eruditissimus,
1116 3124 1253 3177 sicut
1296 3127 1363 3176 de
1402 3127 1620 3176 crimine

555 3201 812 3264 sortilegii
855 3201 1071 3265 dicitur,
1110 3202 1237 3254 inde
1280 3205 1620 3255 concluditur

554 3275 807 3328 Boethius
848 3294 951 3330 non
992 3281 1234 3346 ambitus,
1276 3281 1370 3331 sed
1427 3281 1443 3310 ‘
1468 3282 1620 3333 sorti·

554 3353 710 3418 legii’
746 3354 963 3406 crimine
989 3366 1263 3408 accusatus
1301 3357 1494 3420 fuisse3
1530 3357 1623 3409 sed

553 3433 849 3485 immeritor
902 3436 1042 3486 sicut
1094 3451 1160 3486 ex
1213 3438 1484 3501 praedictis
1532 3438 1623 3487 de·

553 3518 901 3562 monstratur:
933 3513 1056 3562 hinc
1079 3519 1253 3562 tamen
1293 3528 1396 3563 nou
1429 3514 1624 3565 desinit

552 3589 670 3654 ipsa
694 3589 903 3640 Boethii
935 3590 1253 3641 existimatio
1290 3592 1429 3656 apud
1465 3593 1625 3657 pluri-

555 3681 668 3717 mos
690 3668 871 3717 minui.

620 3752 660 3787 5¹
683 3747 821 3802 Quod
839 3745 1133 3796 existimatio
1160 3747 1494 3814 plurimorum,
1516 3749 1625 3813 θα]

554 3818 772 3871 Scilicet
794 3823 1002 3886 plurimi
1018 3823 1332 3889 judicando,
1364 3840 1467 3877 non
1502 3841 1626 3890 cog-

555 3896 760 3947 nitione
808 3900 949 3948 clara
990 3906 1048 3950 et
1091 3900 1358 3965 distincta,
1410 3917 1528 3967 quae
1575 3905 1626 3953 in

557 3972 708 4022 nobis
731 3981 814 4025 est
837 3976 1006 4040 prima
1043 3978 1155 4027 veri
1193 3978 1383 4042 judicii
1424 3982 1627 4044 regula,

558 4051 652 4101 sed
672 4052 1091 4117 praecipitatione
1124 4061 1180 4105 et
1207 4055 1518 4120 praejudicio
1548 4055 1625 4106 fe-

558 4135 773 4178 runtur:
800 4130 876 4179 sic
901 4131 1041 4196 quod
1063 4145 1237 4181 aurore
1260 4132 1489 4196 divitias,
1506 4133 1627 4184 odio

557 4213 925 4271 paupertatem
951 4217 1346 4275 prosequantur,
1364 4208 1429 4258 de
1453 4208 1630 4259 diviti·

1698 2589 1795 2640 bus
1835 2605 2164 2656 oppressum,
2195 2588 2417 2639 eundem
2460 2588 2767 2652 judicarunt

1697 2669 2025 2734 improbum:
2060 2668 2077 2697 ‘
2103 2682 2205 2733 quo
2235 2665 2316 2730 fit,
2345 2671 2406 2715 ut
2440 2663 2767 2714 existimatio

1699 2748 1835 2798 bona
1875 2749 2044 2812 prima
2087 2746 2312 2796 omnium
2366 2744 2580 2794 deserat
2637 2739 2769 2791 iufe-

1701 2825 1829 2875 lices
1846 2823 1882 2875 ι’
1937 2825 2058 2874 hinc
2104 2816 2311 2887 vulg’us,
2362 2836 2478 2887 quae
2541 2818 2770 2870 felicitas

1701 2901 2165 2964 commendaverit,
2210 2914 2274 2949 ea
2316 2905 2518 2950 tantum
2553 2896 2771 2962 judicat

1703 2995 1818 3031 esse
1841 2978 2136 3044 prudentis.

1768 3066 1790 3091 ¹
1826 3059 1942 3111 Esse
1982 3055 2192 3122 provisa]
2228 3053 2313 3105 Ab
2348 3053 2582 3103 homine:
2634 3053 2773 3102 solet

1703 3135 1898 3201 quippe
1920 3136 2104 3198 vulgus
2128 3133 2195 3183 ab
2217 3138 2410 3182 eventu
2434 3126 2771 3195 prudentiam

1699 3211 1921 3261 hominis
1960 3212 2037 3260 ita
2072 3208 2287 3271 inferre,
2331 3214 2391 3258 ut
2430 3207 2580 3271 cujus
2623 3205 2772 3255 videt

1703 3289 1902 3338 exitum
1923 3286 2204 3350 infelicem,
2224 3287 2360 3336 hunc
2381 3285 2522 3363 male
2537 3282 2773 3348 adeoque

1704 3365 2065 3428 imprudenter
2081 3364 2342 3427 incepisse
2371 3361 2637 3425 negotium
2655 3374 2778 3410 con·

1706 3441 1924 3492 cludat:
1959 3442 2013 3490 id
2051 3441 2261 3506 quidem
2299 3440 2400 3489 sibi
2436 3437 2625 3503 objicit
2648 3436 2774 3488 Ovi·

1703 3519 1839 3582 dius,
1888 3517 1982 3568 sed
2036 3518 2262 3583 idipsum
2317 3517 2493 3567 statim
2537 3513 2772 3564 refutat:

1699 3596 1716 3625 ‘
1744 3595 1932 3645 Exitus
1954 3602 2073 3645 acta
2098 3594 2317 3659 probatz
2352 3597 2531 3642 careat
2569 3604 2776 3640 succes-

1705 3673 1843 3723 sibus
1868 3679 1995 3737 opto
2022 3671 2268 3736 Quisquis
2306 3669 2374 3719 ab
2405 3674 2599 3718 eventu
2629 3664 2777 3716 facta

1705 3750 1938 3800 notanda
1961 3748 2150 3814 putat.'

1709 3855 1719 3860 -
1772 3834 1798 3860 ⁸
1833 3829 1954 3884 Quae
1974 3823 2474 3891 perferunt,meruisse
2495 3818 2778 3884 creduntur]

1708 3905 1862 3958 Quod
1886 3904 2127 3954 nimirum
2152 3900 2391 3967 praedicti
2423 3900 2661 3950 homines
2698 3898 2775 3948 vi·

1709 3980 1887 4031 derint
1926 3979 2173 4046 quosdam
2213 3984 2431 4043 propter
2461 3992 2554 4027 sua
2573 3974 2777 4026 scelera

1702 4058 1850 4122 juste
1871 4058 2079 4122 punitos
2101 4055 2280 4119 fuisse,
2304 4054 2503 4104 idcirco
2524 4055 2621 4103 hoc
2644 4066 2779 4117 prae·

1702 4132 1906 4198 judicio
1960 4128 2125 4194 ducti,
2179 4144 2529 4198 quoscumque
2591 4128 2778 4177 vident

1707 4217 1927 4274 propter
1970 4209 2199 4259 delatum
2237 4208 2434 4257 crimen
2470 4203 2650 4268 affligi,
2682 4203 2775 4251 hos

556 4282 655 4332 bus
679 4284 886 4346 bonam,
918 4284 983 4337 de
1009 4287 1326 4351 pauperibus
1364 4300 1487 4335 vero
1517 4300 1623 4335 ma·
1694 4286 1939 4351 judicant
1967 4286 1984 4314 ‘
2008 4301 2123 4351 quae
2161 4282 2454 4350 perferunt,
2487 4277 2775 4330 meruisse!

558 4360 658 4410 lam
677 4361 872 4428 habent
888 4363 1323 4416 existimationem
1342 4380 1355 4416 ε
1378 4364 1453 4416 sic
1470 4363 1624 4416 amici

1704 4362 1811 4414 Sed
1851 4363 1905 4413 id
1950 4361 2264 4414 temeritatis
2300 4366 2414 4411 est:
2467 4373 2586 4409 cum
2630 4356 2766 4406 enim
