3049 4928
548 431 681 498 534

552 599 606 643 et
629 590 789 642 tacito
812 589 942 640 clam
965 586 1109 639 venit
1133 585 1221 638 illa
1255 585 1424 652 pede?
1486 585 1609 636 Huc

550 668 820 720 commode
842 665 1040 717 referes
1064 664 1320 715 aureolam
1360 662 1608 727 Epichar-

551 746 621 794 mi
644 744 949 795 sententiam
986 758 1101 808 quae
1140 747 1221 791 est
1259 739 1397 804 apud
1421 739 1609 790 AElian.

553 822 643 873 lib.
663 836 726 872 ιι.
760 822 885 872 Var.
908 821 1087 870 histor.
1110 833 1224 882 cap.
1246 822 1329 869 34.
1369 818 1513 867 Idem.

623 899 753 955 Quos
788 911 993 961 serpens,
1028 897 1117 959 leo,
1154 894 1261 958 lfa]
1295 895 1432 958 Lege
1457 892 1611 943 sodes

551 975 658 1039 illa,
698 990 813 1039 quoe
846 989 909 1023 ex
937 973 1193 1025 Juvenale
1233 970 1613 1034 annotabimus,

556 1060 612 1102 et
633 1051 865 1101 adhibita
892 1049 1080 1114 judicii
1111 1048 1305 1099 trutina
1317 1047 1615 1111 perpende,

1255 441 1471 491 NOTAE
1516 439 1919 490 VARloRuM
1968 439 2049 488 ΙΝ

1680 584 1888 635 lefactis
1920 586 2016 634 Est
2047 580 2333 645 insignibus
2368 577 2610 644 insignis,
2640 592 2746 628 ιω·

1680 661 1908 726 lerisque
1943 659 2101 722 lnela,
2139 658 2355 717 Carcer,
2396 663 2451 705 et
2491 655 2747 704 horribilis

1681 736 1749 786 de
1793 751 1921 786 saxo
1961 736 2143 801 jactus
2189 733 2453 793 deorsum,
2495 730 2749 791 Verbera,

1683 812 1973 877 carnifices,
2006 812 2187 874 robur,
2210 810 2319 875 pix,
2344 808 2563 871 lamina,
2586 806 2751 857 tede!

1685 892 1836 941 Idem.

1755 971 1856 1019 Car
1877 970 1977 1019 hoee
1997 982 2133 1017 versa
2162 965 2266 1015 vioe
2299 962 2569 1025 mutentur]
2603 960 2753 1010 Taci-

1690 1055 1772 1097 tus
1804 1046 1895 1097 lib.
1919 1060 1999 1095 vr.
2034 1044 2221 1094 Annal.
2255 1040 2423 1091 ‘Mihi
2457 1039 2514 1088 in
2555 1039 2757 1088 incerto

559 1145 708 1193 quam
733 1127 999 1192 ingeniose
1019 1132 1198 1176 noster
1219 1124 1434 1175 Boetius
1457 1125 1616 1175 verba
1677 1125 1933 1190 judicium
1956 1129 2056 1185 est,
2078 1115 2254 1172 fatone
2278 1133 2363 1168 res
2384 1116 2685 1167 mortalium
2703 1119 2761 1163 et

554 1204 799 1269 plusculis
819 1203 1052 1253 versibus
1073 1203 1269 1252 inserta
1293 1202 1344 1251 in
1365 1216 1518 1251 unum
1545 1203 1617 1251 al-

560 1288 834 1346 terumque
867 1280 1165 1344 redegerit:
1199 1279 1338 1329 ‘Sed
1365 1279 1475 1343 jam
1511 1293 1618 1328 ser·

558 1366 775 1423 pentum
792 1357 958 1422 major
975 1355 1279 1407 concordia:
1306 1355 1473 1421 parcit
1488 1355 1619 1418 Cog-

561 1437 697 1485 natis
740 1435 957 1486 maculis
998 1434 1177 1486 similis
1222 1432 1370 1484 fera:
1414 1432 1619 1497 quando

559 1514 695 1564 leoni
729 1512 939 1564 Fortior
967 1512 1160 1577 eripuit
1183 1510 1339 1560 vitam
1362 1510 1483 1560 leo?
1517 1524 1620 1574 quo

561 1605 771 1640 nemore
806 1604 1026 1654 unquam
1067 1587 1344 1651 Expiravit
1365 1600 1493 1652 aper
1514 1601 1621 1635 ma·

553 1667 686 1733 joris
728 1666 986 1717 dentibus.
1030 1664 1187 1728 apri?
1240 1662 1429 1713 Indica
1471 1662 1620 1724 tigris

565 1744 677 1808 agit
700 1743 878 1794 rabida
899 1757 1016 1793 cum
1051 1740 1244 1806 tigride
1281 1753 1460 1804 pacem
1495 1739 1623 1787 Per-

564 1828 808 1885 petuam:
842 1820 994 1870 saevis
1027 1819 1165 1869 inter
1194 1832 1251 1867 se
1273 1816 1516 1867 convenit
1536 1830 1622 1863 ur-

562 1898 649 1948 sis.
685 1897 789 1948 Ast
802 1897 995 1947 homini
1010 1895 1203 1946 ferrum
1220 1896 1416 1946 lethale
1435 1893 1623 1944 incude

564 1971 787 2024 nefanda
808 1974 1130 2024 Produxisse
1160 1987 1342 2036 parum
1378 1980 1480 2033 est,
1508 1986 1625 2021 cum

569 2058 740 2100 rastra
763 2056 821 2100 et
838 2050 1041 2100 sarcula
1063 2055 1264 2099 tantum
1291 2047 1509 2098 Adsueti
1542 2062 1627 2096 co-

569 2142 751 2191 quere,
770 2132 826 2177 et
844 2128 1029 2177 marris
1049 2141 1112 2177 ac
1134 2140 1344 2176 vomere
1365 2126 1483 2175 lassi
1521 2125 1630 2175 Ne·

569 2205 782 2255 scierint
815 2205 970 2270 primi
1004 2204 1199 2269 gladios
1238 2203 1519 2254 extendere
1556 2200 1630 2250 fa-

569 2281 689 2331 bri?
722 2282 871 2333 Idem.

625 2360 792 2426 Aper]
826 2359 1031 2410 Proeter
1060 2359 1277 2410 aliorum
1314 2372 1507 2408 morem
1534 2356 1635 2420 pri-

573 2452 709 2488 mam
730 2439 783 2488 in
804 2438 900 2489 hac
923 2438 1152 2489 dictione
1187 2435 1429 2500 producit
1451 2434 1637 2487 Senec.

571 2516 626 2567 in
663 2516 956 2581 Hippolyto
987 2530 1060 2566 vs.
1081 2518 1197 2565 846.
1230 2514 1407 2562 ‘Tunc
1429 2512 1635 2562 vulnifi-

576 2609 667 2644 cos
708 2594 851 2643 acuit
888 2592 1071 2643 dentes
1109 2591 1274 2655 Aper,
1310 2596 1367 2639 et
1405 2595 1517 2640 toto
1555 2596 1637 2639 est

577 2685 820 2736 spumeus
843 2669 963 2721 ore.’
1001 2671 1151 2719 Idem.
1461 2688 1464 2691 1

653 2748 775 2796 Fer-a
813 2745 935 2795 bella
970 2743 1178 2807 movent]
1211 2743 1399 2793 Senec.
1434 2742 1487 2791 in
1511 2743 1636 2792 Oct.

581 2839 657 2874 vs.
679 2828 795 2874 79⁵.
824 2824 840 2852 ‘
863 2822 1002 2875 Quid
1026 2820 1138 2872 fera
1158 2819 1348 2871 frustra
1370 2819 1508 2869 bella
1531 2834 1638 2869 mo-

580 2903 716 2952 vetis
732 2902 767 2950 ?’
802 2904 951 2952 Idem.

631 2978 949 3042 «Alternisque
983 2979 1145 3027 uolunt
1179 2976 1338 3042 perire
1374 2974 1506 3038 telis]
1550 2975 1643 3025 Se·

584 3069 699 3105 nec.
739 3055 790 3104 in
828 3055 1045 3119 Thyest.
1084 3067 1159 3102 vs.
1198 3055 1315 3101 338.
1347 3051 1363 3078 ‘
1386 3050 1514 3102 Quis
1554 3064 1643 3099 vos

584 3132 819 3196 exagitat
841 3129 985 3180 furor
1007 3128 1244 3179 Alternis
1279 3127 1405 3177 dare
1440 3125 1643 3188 sangui-

584 3225 702 3259 nem
740 3209 812 3258 Et
849 3214 1115 3272 sceptrum
1149 3205 1345 3254 scelere
1380 3202 1589 3268 aggredi
1607 3200 1642 3250 2’

587 3285 740 3334 Idem.

653 3359 869 3409 Saevitioe
888 3357 1039 3421 ratio]
1094 3356 1313 3410 Quintil.
1335 3355 1576 3404 Declam.
1598 3357 1646 3404 7.

587 3437 881 3486 ‘Convenit
912 3430 1142 3500 jndices,
1180 3433 1316 3499 quod
1353 3434 1468 3495 ipse
1503 3430 1648 3479 dives

587 3513 688 3561 hoc
725 3512 871 3572 fecit,
905 3518 960 3561 et
1002 3511 1136 3575 quod
1174 3525 1269 3571 ego
1312 3507 1454 3557 vidi:
1493 3505 1652 3555 Ratio

591 3589 803 3639 saevitiae
828 3595 926 3650 est,
956 3596 1015 3637 ut
1037 3587 1223 3651 aliquis
1243 3599 1415 3636 coram
1447 3599 1530 3632 me
1566 3598 1651 3633 oc·

593 3667 819 3727 cidatur,
877 3670 1091 3729 propter
1145 3675 1295 3726 quem
1350 3657 1651 3709 occiditur!

596 3747 749 3796 Idem.

661 3822 908 3871 ΡιιοεΑό.
934 3782 1128 3879 Cur-cer,
1144 3817 1240 3878 lex,
1257 3820 1502 3878 ceteraque
1529 3814 1655 3875 lego·

594 3901 711 3948 lium
729 3900 962 3946 tormenta
986 3892 1251 3958 poenarum]
1303 3890 1468 3956 Atqui
1488 3890 1655 3942 Juris-

596 3975 819 4026 consulti
862 3985 1123 4022 carcerem
1164 3984 1265 4018 non
1298 3982 1523 4033 poenam,
1562 3966 1655 4016 sed

600 4053 853 4102 duntaxat
904 4045 1261 4099 ‘custodiam'
1315 4060 1429 4095 esse
1469 4043 1657 4094 confir-

598 4136 762 4178 mant.
831 4127 1019 4176 Potest
1042 4129 1213 4174 autem
1252 4124 1444 4186 optime
1480 4128 1662 4170 noster

600 4205 857 4266 excusari,
888 4217 1005 4252 cum
1045 4207 1100 4250 et
1135 4200 1224 4249 alii
1260 4211 1519 4248 carcerem
1554 4211 1659 4260 poe-

601 4296 721 4330 nam
745 4294 861 4331 esse
884 4278 1178 4329 statuerint.
1212 4275 1425 4324 Lucret.
1454 4273 1546 4322 lib.
1571 4285 1661 4322 111.

598 4363 617 4391 ⁴
636 4360 736 4410 Sed
759 4366 926 4410 metus
946 4359 999 4408 in
1019 4358 1128 4407 vita
1150 4367 1416 4420 poenarum
1439 4367 1536 4416 pro
1560 4364 1665 4401 ma·

1689 1201 2007 1251 necessitate
2033 1197 2359 1257 immutabili,
2397 1209 2465 1243 an
2488 1192 2630 1243 forte
2653 1192 2760 1240 vol-

1692 1287 1913 1330 vantur.
1948 1277 2144 1343 quippe
2180 1271 2597 1338 sapientissimos
2622 1276 2763 1317 vete-

1693 1372 1824 1419 rum,
1858 1355 2050 1420 quique
2074 1359 2271 1403 sectam
2307 1363 2485 1398 eorum
2517 1346 2761 1396 aemnlan·

1694 1441 1797 1496 tur,
1828 1433 2058 1482 diversos
2081 1428 2348 1493 reperies:
2384 1440 2447 1475 ac
2482 1424 2666 1474 multis
2689 1424 2775 1472 in·-

1692 1511 1841 1560 sitam
1888 1507 2202 1572 opinionem,
2242 1517 2344 1553 non
2388 1502 2538 1551 initia
2585 1500 2768 1562 nostri,

1692 1602 1795 1637 non
1818 1585 1992 1647 finem,
2018 1598 2116 1632 non
2141 1581 2364 1645 denique
2385 1577 2628 1627 homines
2648 1577 2765 1625 Diis

1694 1678 1848 1714 cnrae.
1914 1660 2045 1711 Ideo
2067 1656 2376 1709 creberrima
2405 1662 2463 1704 et
2498 1653 2680 1703 tristia
2716 1653 2767 1701 in

1690 1740 1872 1802 bonos,
1928 1738 2052 1787 laeta
2098 1734 2235 1799 apud
2290 1732 2588 1782 deteriores
2633 1743 2769 1779 esse.

1697 1815 1895 1865 Contra
1915 1812 2021 1875 alii,
2051 1810 2218 1860 fatum
2241 1808 2450 1873 quidem
2476 1819 2771 1871 congruere

1697 1893 1850 1941 rebus
1886 1895 2091 1954 putant,
2120 1886 2211 1937 sed
2235 1900 2334 1934 non
2357 1900 2389 1933 e
2412 1883 2560 1947 vagis
2583 1881 2774 1943 stellis,

1701 1983 1878 2018 verum
1904 1966 2044 2031 apud
2068 1964 2345 2029 principia,
2361 1969 2419 2011 et
2435 1975 2604 2010 nexus
2624 1967 2773 2009 natu-

1701 2045 1885 2095 ralium
1906 2057 2197 2093 caussarum
2218 2057 2232 2090 :
2267 2055 2329 2091 ac
2355 2046 2532 2088 tamen
2554 2038 2774 2087 electio·

1703 2137 1821 2172 nem
1866 2121 1988 2170 vitae
2033 2119 2184 2170 nobis
2224 2117 2526 2180 relinquunt
2553 2129 2569 2162 τ
2620 2127 2775 2178 qnam

1705 2198 1794 2247 ubi
1815 2196 2036 2260 elegeris
2059 2202 2260 2245 certum
2291 2189 2673 2241 imminentium
2698 2204 2777 2237 or-

1704 2274 1899 2334 dinem,
1921 2285 2088 2336 neque
2105 2270 2239 2319 mala
2258 2269 2340 2318 vel
2362 2267 2516 2329 bona,
2529 2280 2649 2330 qua·
2673 2265 2780 2313 vul-

1707 2365 1801 2414 gus
1828 2356 2018 2439 putet.
2004 2365 2021 2377 ·
2053 2347 2243 2397 multos
2265 2345 2351 2411 qni
2375 2340 2668 2393 conflictari
2692 2341 2780 2389 ad-

1709 2428 1870 2479 versis
1893 2425 2184 2488 videantur,
2221 2423 2439 2472 beatos·
2425 2454 2445 2482 ,
2476 2434 2538 2470 ac
2578 2419 2780 2484 pleres-

1708 2519 1833 2571 que,
1854 2517 2145 2570 quanquam
2168 2513 2380 2563 magnas
2404 2511 2501 2562 per
2518 2511 2671 2561 opes,
2689 2497 2780 2544 mi·

1709 2582 1984 2632 serriinos.
2040 2580 2081 2628 si
2126 2578 2201 2628 illi
2253 2590 2465 2640 gravem
2509 2570 2780 2623 fortunam

1710 2664 2009 2709 constanter
2040 2657 2286 2716 tolerent,
2318 2652 2369 2701 hi
2406 2664 2666 2715 prospera
2706 2650 2781 2698 in-

1710 2738 1944 2788 consulte
1962 2737 2207 2785 utantur.’
2241 2730 2362 2780 vid.
2375 2730 2533 2779 etiam
2553 2727 2783 2778 Salvian.

1712 2815 1764 2864 in
1787 2830 1869 2879 pr.
1892 2814 1983 2863 lib.
2008 2826 2046 2862 ι.
2071 2826 2138 2861 ιι.
2161 2816 2216 2860 et
2238 2821 2326 2858 ιιι.
2379 2808 2469 2855 De
2494 2805 2640 2856 Gub.
2661 2804 2785 2865 Dei,

1715 2893 1779 2942 B.
1816 2889 2094 2955 Augustin.
2132 2887 2222 2938 lib.
2260 2898 2324 2934 ιι.
2390 2883 2473 2931 De
2513 2882 2618 2931 civ.
2660 2881 2787 2942 Dei,

1716 2983 1832 3032 cap.
1850 2971 1902 3016 2.
1939 2967 2090 3015 Idem.

1783 3045 2109 3104 Scelerumque
2127 3036 2357 3102 supplicia
2378 3034 2520 3083 bonos
2535 3033 2783 3097 pensant]

1717 3123 1846 3185 Sup.
1870 3120 1961 3170 lib.
1983 3133 2024 3168 ι.
2048 3117 2179 3166 Met.
2201 3129 2254 3164 v.
2289 3115 2305 3142 ‘
2325 3112 2529 3162 Premit
2554 3112 2784 3160 insontes

1719 3196 1914 3247 Debita
1936 3193 2120 3244 sceleri
2141 3189 2295 3241 noxia
2316 3187 2507 3254 poena.’
2540 3187 2700 3237 Idem.

1783 3272 1842 3321 Si
1862 3270 2051 3320 misceri
2067 3267 2225 3317 omnia
2233 3264 2461 3327 fortuitis
2481 3263 2673 3312 casibus
2689 3277 2783 3312 cre-

1719 3349 1898 3412 derem]
1929 3349 2034 3398 Ms.
2058 3345 2320 3396 Rittersh.
2375 3343 2434 3393 Si
2454 3341 2648 3390 misceri
2670 3356 2714 3390 o.
2736 3339 2783 3399 J.

1721 3444 1764 3480 c.
1783 3428 2005 3477 viderem.
2074 3421 2364 3472 Cassiodor.
2404 3433 2510 3469 ιιι.
2541 3419 2672 3468 Var.
2707 3422 2785 3468 25.

1724 3506 1740 3534 ‘
1764 3504 1906 3554 Nihil
1927 3502 2038 3552 sine
2061 3513 2245 3549 caussa
2267 3495 2486 3562 geritur,
2517 3509 2622 3545 nec
2645 3508 2784 3543 mun-

1726 3581 1821 3631 dus
1841 3578 2070 3629 fortuitis
2093 3574 2300 3626 casibus
2329 3573 2664 3636 implicatur:
2700 3569 2785 3621 sed

1727 3654 1970 3723 quicquid
2011 3652 2189 3702 venire
2230 3649 2461 3698 videmus
2503 3647 2574 3696 ad
2620 3646 2786 3697 termi-

1727 3748 1869 3795 num,
1890 3730 2117 3781 divinum
2135 3732 2342 3778 constat
2359 3739 2473 3774 esse
2490 3720 2784 3774 consilium?

1730 3812 1884 3860 Idem.

1793 3887 1980 3935 Μετιι.
1998 3889 2048 3933 5.
2085 3881 2146 3931 Si
2161 3880 2268 3944 quis
2279 3876 2503 3939 Arcturi]
2535 3875 2785 3926 Prudent.

1732 3963 1966 4014 Catliem.
1989 3959 2183 4022 Hymn.
2205 3959 2286 4006 12.
2306 3955 2322 3983 ‘
2338 3953 2541 4004 Arctoa
2561 3952 2784 4018 quamvis

1733 4042 1904 4091 sidera
1941 4038 2005 4088 In
2043 4051 2101 4086 se
2141 4032 2350 4084 retortis
2373 4031 2607 4082 motibus
2627 4029 2783 4080 Obire

1731 4118 1919 4178 nolint,
1951 4121 2182 4165 attamen
2214 4111 2527 4174 Plerumque
2551 4108 2649 4157 sub
2669 4106 2786 4156 nim·

1733 4194 1816 4244 bis
1836 4194 2024 4242 latent.
2093 4189 2213 4238 Hoc
2243 4185 2385 4236 sidus
2408 4192 2667 4235 aeternum
2686 4198 2784 4232 ma·

1736 4277 1850 4332 net,
1883 4269 2016 4319 Haec
2053 4266 2202 4317 stella
2222 4276 2484 4327 nunquam
2505 4256 2785 4326 mergitur.

1739 4348 1887 4398 Idem.
