3049 4928
475 401 609 469 284

480 564 625 627 sive
654 559 1077 626 corollarium
1106 560 1338 625 vocari
1387 561 1626 625 mavis..
1716 556 1929 642 Atqui
1977 559 2108 622 hoc
2135 564 2457 641 quoque¹¹
2523 556 2673 640 pul-

480 666 704 731 chrius
732 663 894 729 nihil
922 669 1030 727 est
1054 663 1238 747 quod
1264 664 1369 727 his
1402 663 1884 727 annectendum
1915 681 2066 725 esse
2096 661 2263 725 ratio
2294 659 2674 743 persuadet.

481 767 720 845 Quid?
765 766 1054 849 inquam.
1145 764 1334 830 Cum=
1366 765 1603 843 multa,
1654 764 1893 848 inquit,
1948 764 2300 829 beatitudo
2341 762 2677 827 continere

477 870 803 946 videatur,
830 877 1139 933 utrumne
1167 869 1314 933 haec
1345 870 1570 934 omnia
1603 868 1669 932 in
1701 889 1896 932 unum
1930 868 2141 931 veluti
2162 873 2193 915 4
2234 883 2481 950 corpus
2514 866 2674 930 bea-

478 970 781 1035 titudinis
805 971 1100 1053 quadam
1118 970 1412 1061 partium
1431 970 1758 1036 varietate
1775 969 2199 1054 conjungant,
2222 989 2307 1034 an
2339 969 2430 1032 sit
2447 985 2677 1032 eorum

480 1073 740 1156 aliquid
789 1073 972 1156 quod
1015 1075 1456 1139 beatitudinis
1487 1075 1937 1139 substantiam
1965 1074 2352 1157 compleat?
2420 1071 2505 1137 ad
2547 1072 2683 1136 hoc

478 1195 636 1240 vero
663 1183 881 1241 cetera
910 1177 1323 1242 referantur?
1382 1176 1670 1253 Vellem,
1710 1178 2005 1259 inquam,
2036 1175 2105 1239 id
2134 1175 2431 1258 ipsarum
2459 1192 2677 1237 rerum

479 1279 1108 1344 commemoratione
1139 1280 1582 1364 patefaceres.
1630 1278 1905 1357 Nonne,
1930 1278 2170 1360 inquit,
2195 1276 2677 1342 beatitudinem

475 1380 723 1445 bonum
779 1401 929 1445 esse
989 1383 1379 1448 censemus?
1399 1390 1423 1430 ⁵
1497 1381 1607 1447 Ac
1667 1401 1998 1448 summum
2028 1381 2320 1465 quidem,
2376 1381 2677 1463 inquam.

477 1481 739 1563 Addas,
764 1484 1005 1569 inquit,
1036 1487 1167 1551 hoc
1199 1487 1512 1550 omnibus
1541 1486 1719 1550 licet.
1818 1485 1993 1552 Nam
2022 1484 2254 1549 eadem
2282 1481 2683 1549 sufficientia

480 1607 744 1652 summa
792 1595 919 1666 est,
965 1590 1201 1655 eadem
1261 1611 1526 1655 summa
1584 1590 1906 1674 potentia,
1962 1587 2335 1653 reverentia
2386 1606 2680 1670 quoque,

479 1690 775 1770 elautae,
807 1698 878 1756 et
905 1692 1218 1776 voluptas
1237 1694 1593 1759 beatitudo
1623 1714 1770 1758 esse
1790 1693 2158 1777 judicatur.
2217 1688 2401 1768 Quid
2433 1691 2681 1772 igitur?

479 1793 807 1859 Haeccine
861 1796 1092 1860 omnia
1146 1797 1352 1873 bona,
1407 1794 1868 1873 sufficientia,⁶
1939 1795 2263 1878 potentia,
2319 1801 2683 1877 ceteraque

478 1896 689 1961 veluti
746 1898 1059 1980 quaedam
1110 1897 1546 1961 beatitudinis
1564 1898 1873 1962 membra
1903 1903 2078 1972 sunt,
2130 1916 2216 1960 an
2268 1896 2357 1960 ad
2406 1896 2683 1974 bonurn,-

476 1997 686 2062 veluti
717 1999 806 2063 ad
838 2001 1178 2078 verticem,
1234 2006 1479 2065 cuncta
1506 2000 1918 2065 referuntur?
1986 1998 2328 2081 Intellig0‚
2379 1998 2681 2082 inquam,

477 2099 636 2182 quid
668 2101 1201 2185 investigandum
1232 2123 1620 2187 proponas:
1667 2103 1789 2167 sed
1807 2102 1970 2187 quid
1993 2103 2414 2179 constituaS‚⁷
2446 2100 2683 2165 audire

480 2200 816 2266 desidero.
907 2205 1143 2289 Hujus
1201 2207 1297 2270 rei
1318 2205 1343 2243 ⁸
1406 2205 1878 2270 discretionem
1933 2205 2031 2268 sic
2078 2204 2337 2288 accipe.
2413 2202 2489 2268 Si
2533 2203 2682 2268 haec

1175 413 1476 463 ΒΟΕἸἨΙΙ
1535 406 1647 463 DE‘
1678 412 1987 465 coNsot..

542 2401 578 2427 ¹⁶
609 2394 688 2445 An
709 2396 809 2446 hoec
823 2400 977 2449 omnia
991 2400 1091 2451 sint
1111 2417 1252 2452 uuum
1272 2407 1318 2452 et
1338 2417 1482 2452 unum
1499 2417 1519 2460 ,·
1552 2417 1616 2451 an
1644 2402 1804 2468 potius
1823 2417 1966 2453 anum
1985 2401 2200 2466 pluribus
2223 2400 2372 2451 modis
2391 2414 2442 2450 se
2468 2398 2663 2449 habens.

1401 2535 1431 2555 O
1437 2535 1702 2555 ‘NOOOOOO
1708 2535 1765 2555 00

477 2622 510 2668 4
541 2619 557 2647 ‘
575 2620 867 2686 Corruptus
891 2624 1053 2675 locus.
1077 2627 1230 2677 Meus
1250 2627 1385 2678 liber
1405 2627 1601 2678 duabus
1636 2628 1847 2678 vocibus
1872 2627 2075 2677 auctior
2092 2633 2203 2676 est:
2237 2641 2343 2676 cum
2364 2627 2517 2675 molta
2538 2639 2686 2674 mem·

475 2683 561 2733 bra
577 2687 808 2737 virtutum
830 2689 1095 2741 beatitudo.-
1127 2708 1279 2757 quam
1306 2693 1584 2743 lectionem
1602 2693 1794 2759 liquido
1813 2707 1983 2741 veram
2008 2707 2157 2741 nemo
2174 2692 2386 2756 abnuet,
2409 2691 2500 2755 qui
2518 2698 2682 2740 totam

474 2753 784 2802 sententiam
822 2755 1154 2817 ponderabit.
1208 2760 1330 2807 Cum
1363 2761 1515 2808 multa
1535 2793 1548 2808 .
1568 2793 1581 2809 .
1603 2758 1944 2821 ..utrumque‚’
1976 2760 2058 2820 ⁸5⁶·
2094 2758 2338 2806 Bernart.
2403 2757 2532 2804 Mss.
2572 2754 2685 2804 Rit-

477 2816 634 2866 tersh.
657 2817 776 2867 edd.
798 2821 994 2883 Delph.
1034 2828 1091 2871 et
1115 2822 1286 2871 Hack.
1325 2824 1558 2873 Utrumne
1587 2825 1686 2873 ltoec
1717 2824 1872 2871 omnia
1905 2838 2049 2871 unum
2080 2822 2231 2870 veluti
2261 2827 2543 2884 carpum—5
2581 2821 2681 2869 Ms.

477 2878 680 2932 Erfurt.
696 2883 863 2933 bonum
889 2901 988 2935 esse
1010 2887 1390 2937 censorinum—6
1426 2889 1618 2944 Omnia,
1641 2888 1826 2949 mum,
1846 2902 1885 2935 s.
1910 2886 2102 2950 Delph.
2129 2887 2396 2937 flach—⁷
2427 2886 2534 2935 Ms.
2569 2885 2682 2934 Rit-

478 2945 639 2995 tersh.
660 2948 771 3011 quid
791 2949 1171 3014 investigandum
1195 2968 1446 3016 proponas.
1512 2952 1611 3002 Sed
1648 2952 1762 3017 quid
1797 2956 2043 3003 (τοτυμ-8
2076 2953 2091 2980 ‘
2115 2950 2276 3001 Olere
2301 2951 2545 3000 mendum
2572 2950 2680 3015 quis

1469 3092 1692 3144 NOTAE

480 3207 753 3269 atituiiinis
784 3219 900 3272 fieri
937 3224 1115 3275 Deos:
1150 3224 1292 3290 quod
1326 3224 1537 3290 quidem

477 3293 553 3344 sic
596 3292 841 3349 infertur.
930 3300 1028 3349 Est
1068 3300 1211 3351 Deus
1251 3303 1268 3331 ⁶
1293 3310 1481 3352 natura
1501 3301 1537 3364 ;'

479 3375 562 3419 est
604 3371 751 3421 Deus
809 3374 1304 3441 ‘participatione.’
1389 3379 1541 3428 Deus

477 3447 495 3475 ‘
520 3448 735 3513 natura,'
776 3457 859 3500 est
904 3466 987 3501 res
1026 3468 1224 3503 summe
1267 3453 1540 3517 perfecta:

478 3525 617 3575 unde
641 3540 757 3575 cum
780 3540 849 3576 ex
887 3527 1046 3578 dictis
1084 3543 1189 3579 non
1226 3532 1391 3593 possit
1424 3544 1542 3580 esse

479 3603 755 3667 multiplex
775 3619 856 3653 res
879 3620 1075 3654 summe
1100 3606 1354 3670 perfecta,
1383 3608 1540 3657 idcir-

480 3693 543 3729 co
565 3679 708 3728 Deus
748 3680 990 3729 ‘natura’
1024 3683 1100 3731 ita
1132 3683 1316 3731 unicus
1351 3690 1449 3745 est,
1483 3690 1544 3734 ut

477 3770 582 3805 non
601 3758 762 3818 possit
783 3770 896 3805 esse
914 3749 1212 3820 multiplex.
1245 3759 1392 3808 Dens
1416 3774 1542 3810 vero

477 3831 952 3896 ‘participatione’
994 3832 1188 3882 dicitur
1247 3833 1338 3882 illa
1380 3849 1542 3898 mens,

479 3922 599 3973 quae
656 3906 980 3971 cogitatione
1033 3908 1224 3958 divinae
1286 3910 1543 3962 simillima

480 3983 701 4049 praedita
738 3990 850 4034 est:
908 3986 985 4035 sic
1024 3985 1237 4035 Psalmo
1260 3990 1342 4036 81.
1385 3989 1401 4016 ‘
1426 3988 1542 4051 Ego

478 4061 610 4125 dixi,
626 4060 723 4111 Dii
745 4061 872 4112 estis
897 4069 952 4113 et
972 4062 1064 4112 filii
1088 4064 1290 4113 excelsi
1312 4064 1532 4114 omnes!

476 4139 565 4190 Sic
586 4143 635 4190 2.
660 4140 781 4190 Pet.
809 4143 858 4191 1.
875 4143 889 4168 ‘
908 4148 966 4192 ut
988 4156 1083 4205 per
1106 4141 1219 4191 haec
1243 4141 1543 4193 efficiamini

479 4216 669 4266 divinae
714 4225 986 4268 consortes
1054 4220 1297 4269 naturae.’
1361 4218 1541 4285 Atque

477 4294 576 4348 hoc
598 4295 752 4351 modo
777 4295 918 4350 beati
954 4295 1088 4349 fiunt
1123 4296 1246 4350 Dii:
1298 4298 1541 4364 quoniam

1620 3225 1937 3289 cogitatione
1960 3223 2149 3273 divinae.
2169 3222 2426 3273 simillima
2450 3219 2684 3272 afficiun-

1621 3310 1734 3363 tur3
1760 3316 1861 3367 qua
1878 3300 2086 3367 quidem
2105 3299 2424 3362 cogitatione
2442 3299 2535 3348 Dii
2553 3297 2683 3348 fiunt

1622 3379 2028 3445 participatione
2054 3393 2068 3426 z
2127 3377 2264 3426 sicut
2294 3376 2490 3440 justus,
2524 3375 2681 3439 justi-

1622 3456 1732 3518 tiae,
1757 3461 1814 3504 et
1840 3454 2079 3517 sapiens,
2100 3451 2376 3516 sapientiae
2397 3450 2681 3515 adeptione

1622 3529 1706 3581 fit.

1687 3615 1713 3641 ¹¹
1743 3607 1895 3672 Atqui
1913 3607 2000 3656 hoc
2016 3619 2216 3670 quoque,
2241 3602 2349 3667 Bra]
2385 3604 2685 3655 Secundum

1622 3683 1998 3733 consectarium
2029 3688 2132 3743 est,
2168 3680 2426 3730 hominem
2463 3680 2551 3744 qni
2587 3681 2685 3730 Dei

1620 3761 1900 3826 adeptione
1915 3759 2117 3820 beatuS‚
2131 3757 2367 3821 adeoque
2382 3759 2531 3807 Deus
2548 3759 2689 3822 ‘par-

1622 3838 1931 3902 ticipatione
1947 3836 1962 3858 ’
2009 3842 2108 3897 est,
2163 3834 2383 3896 divitiis,
2427 3836 2685 3899 potentia,

1623 3915 1882 3979 claritate,
1896 3922 1951 3965 et
1965 3914 2236 3977 voluptate
2251 3913 2523 3963 cumulari:
2549 3912 2687 3977 quod

1623 3993 1697 4042 sic
1720 3991 1966 4043 infertur.
2032 3991 2086 4039 Si
2105 3989 2328 4051 divitiae,
2350 3990 2613 4053 potentia,
2633 3996 2688 4037 et

1624 4075 1805 4119 cetera
1821 4067 1876 4116 id
1902 4081 2063 4132 genus
2085 4065 2324 4130 qnaedam
2350 4074 2529 4116 essent
2551 4081 2684 4115 sum-

1621 4145 1692 4193 mi
1730 4144 1850 4193 boni
1892 4142 2147 4206 membra,
2180 4143 2296 4192 haec
2312 4149 2533 4206 possent
2563 4143 2685 4192 itae

1623 4233 1819 4269 summo
1860 4219 1995 4269 bono
2044 4219 2297 4282 separari,
2336 4224 2396 4267 ut
2432 4233 2684 4269 summum

1622 4298 1812 4351 bonum
1835 4312 1950 4349 esse
1974 4303 2154 4361 posset
2167 4296 2278 4346 sine
2297 4296 2426 4346 illis:
2466 4295 2683 4347 ut'enim

2332 4487 2367 4497 e
