3049 4928
954 435 1470 485 vnlnosorfflffl
1521 436 1666 486 12113.
1713 437 1793 484 ιι.
2332 425 2462 489 165

1101 699 1417 791 PRosA
1466 728 1607 792 III.

356 887 539 954 H1s⁰
578 891 777 974 igitur
834 894 895 958 si
940 914 1063 978 pro
1119 914 1193 959 se
1245 903 1467 960 tecum
1519 896 1787 961 fortuna
1841 895 2242 978 loqueretur,
2289 893 2453 976 quid

275 991 560 1069 profecto
589 999 817 1060 contra
847 995 1229 1062 hisceresr¹
1289 1018 1421 1061 non
1467 998 1766 1064 haberes,
1854 994 1951 1061 At
1983 996 2043 1059 si
2076 994 2237 1079 quid
2257 1003 2308 1045 ¹⁹
2351 1000 2453 1060 est

274 1110 399 1173 quo
422 1097 754 1177 querelam
780 1104 967 1162 tuam
989 1098 1139 1183 jure
1162 1100 1435 1178 tuearis',
1458 1100 1760 1184 proferas
1785 1104 2096 1183 oportet3
2141 1096 2451 1176 dabimus

272 1192 523 1306 dicendi
553 1199 798 1264 locum.
884 1201 1059 1266 Tum
1090 1214 1269 1284 egos?
1332 1203 1718 1286 Speciosa&
1761 1201 2034 1287 quidem
2086 1199 2226 1264 ista
2273 1205 2449 1279 sunt,

267 1309 544 1411 inquam,
595 1303 934 1387 oblitaque
958 1314 981 1341 f
1052 1303 1423 1383 rhetoricae,
1486 1324 1569 1368 ac
1621 1305 1897 1371 musicae
1928 1289 2147 1367 ¹melle
2214 1301 2447 1366 dulce-

269 1396 431 1514 dinis
456 1423 475 1483 3
498 1413 521 1440 ⁸
545 1409 601 1441 ²0
660 1410 803 1469 tum
850 1413 1133 1487 tantum,
1202 1428 1354 1473 cum
1403 1408 1792 1486 audiuntur,
1841 1407 2200 1472 oblectant.
2311 1405 2448 1469 Sed

264 1505 508 1568 mlseris
539 1507 865 1573 malorum
898 1510 1099 1575 altior
1141 1529 1384 1575 sensus
1425 1516 1553 1575 est.·
1638 1511 1877 1593 Itaque
1916 1528 2065 1573 cum
2095 1507 2242 1572 haec
2271 1507 2445 1571 auri-

262 1600 377 1666 bus
403 1604 714 1673 insonare
741 1608 1086 1689 desierint,
1139 1612 1378 1677 insitus
1426 1613 1720 1677 animum
1770 1630 2020 1676 moeror
2046 1616 2444 1694 praegravat.

263 1700 341 1768 Et
363 1706 516 1787 illa:
584 1711 692 1776 Ita
720 1720 848 1790 est,
902 1712 1162 1797 inquit?
1272 1714 1455 1779 Haec
1506 1715 1679 1779 enim
1730 1712 2024 1778 nondum
2072 1711 2287 1775 morbi
2340 1712 2441 1776 tui

259 1810 556 1923 remedia,
612 1814 732 1879 sed
779 1815 1000 1881 adhuc
1049 1819 1464 1884 contumacis
1496 1818 1820 1883 adversus
1861 1814 2278 1880 curationem
2324 1812 2443 1877 do-

258 1906 400 1974 loris
428 1912 722 1982 fomenta
750 1916 1058 2000 quaedam
1089 1926 1265 1986 sunt.
1358 1920 1541 1985 Nam
1572 1941 1724 2005 quae
1756 1921 1825 1985 in
1856 1917 2258 2003 profundum
2290 1936 2440 1980 sese

1222 2141 1246 2174 ⁹
1279 2132 1531 2183 Bo‘e'thius.
1706 2139 1729 2164 r
1768 2133 1832 2182 Et
1854 2131 1995 2182 illita.
2170 2137 2190 2163 θ
2224 2128 2437 2179 Ροέεεοε.

1149 2294 1178 2313 0

306 2389 363 2435 19
390 2387 490 2438 Aut
526 2389 570 2439 si
606 2391 720 2454 quid
756 2392 877 2444 edd.
913 2394 1106 2459 Delph.
1143 2404 1198 2447 et
1233 2398 1540 2451 flach—20
1574 2398 1681 2449 Με.
1703 2396 1956 2447 Rittersh.
1991 2393 2143 2444 mellis
2176 2394 2434 2444 dulcedine.

1228 2531 1441 2582 NOTAE

1370 2648 1574 2711 spicio,'
1592 2651 1691 2700 &c.
1725 2645 2055 2712 quamobrem
2097 2643 2299 2707 species
2336 2642 2431 2690 La·

1371 2724 1509 2787 titiis,
1524 2725 1729 2774 Graecis
1749 2720 1848 2771 ἰδέα
1863 2720 1990 2770 nihil
2011 2725 2094 2768 est
2116 2718 2252 2767 aliud
2275 2730 2428 2780 quam

1366 2800 1529 2850 notio.
1583 2799 1722 2849 Hinc
1742 2797 1877 2863 qnod
1905 2794 2128 2844 obscura
2145 2791 2428 2857 confusave

301 2637 324 2664 ¹
354 2633 600 2700 Hisceres]
620 2638 844 2690 Hiscere
876 2640 1072 2693 dicitnr
1110 2644 1176 2695 ab
1214 2647 1288 2695 hi-

245 2720 350 2759 are:
381 2711 527 2762 hiare
550 2721 725 2764 antem
759 2719 970 2781 proprie
1010 2726 1092 2770 est
1135 2723 1286 2785 spiri-

245 2790 338 2834 tum
359 2797 543 2852 aperto
567 2805 658 2840 ore
681 2792 919 2844 emittere
940 2809 954 2843 t
992 2812 1150 2860 quare
1182 2799 1285 2847 his-

244 2875 350 2912 cere
369 2865 408 2913 is
433 2867 648 2930 proprie
672 2867 884 2931 dicitur,
908 2872 996 2937 qui
1035 2873 1282 2939 loquendi

240 2939 404 3002 gratia,
424 2941 657 2992 diductis
669 2944 844 3009 labris,
859 2962 915 2998 os
928 2950 1116 3013 aperit.
1139 2951 1281 3001 Hinc

239 3013 410 3067 Tullius
432 3033 492 3068 v.
536 3018 728 3085 Philip.
758 3020 774 3049 ‘
795 3026 1178 3088 responderene
1210 3026 1276 3079 ad

238 3088 351 3154 haec,
369 3102 453 3145 aut
484 3096 689 3145 omnino
711 3098 905 3148 hiscere
923 3101 1137 3152 audebis
1154 3102 1189 3152 ?'
1220 3110 1276 3153 et

238 3163 397 3232 virgil.
433 3184 529 3220 ιιι.
568 3171 683 3221 AEn.
723 3188 802 3224 vs.
836 3180 952 3225 313.
982 3178 998 3205 ‘
1029 3178 1275 3242 Implevit

238 3243 435 3297 clamore
476 3248 667 3299 locum.
732 3251 837 3300 Vix
876 3269 1040 3317 pauca
1080 3255 1275 3306 furenti

237 3314 453 3440 1διξιῑῷεξίο,
502 3329 558 3372 et
597 3325 729 3375 raris
772 3329 1009 3379 turbatus
1060 3332 1274 3382 vocibus

267 3409 373 3448 nco.
647 3434 650 3439 -

236 3542 246 3554 .
285 3479 305 3513 1
333 3473 575 3541 Speciosa]
608 3477 739 3530 Quoe
764 3480 969 3532 scilicet
1000 3496 1031 3532 a
1063 3482 1274 3535 fortuna

234 3550 529 3616 mtrodnctn,
586 3554 696 3604 sive
740 3557 907 3607 soluta
941 3558 1049 3609 sive
1091 3561 1276 3612 stricta

177 3626 182 3637 ²
234 3625 443 3678 oratione
466 3628 608 3679 dicta
630 3637 782 3694 sunt;
805 3632 936 3697 haec,
968 3634 1133 3685 sinon
1154 3652 1278 3687 vera

231 3706 347 3764 sunt,
382 3704 569 3754 saltem
607 3708 865 3771 quandam
901 3711 1012 3760 veri
1040 3694 1269 3775 speciem

231 3772 413 3829 habeut.
483 3781 566 3830 Sic
598 3782 852 3835 Horatius
876 3786 941 3837 de
965 3787 1098 3838 Arte
1143 3796 1159 3819 ‘
1178 3790 1265 3839 In-

234 3853 408 3905 terdum
468 3859 707 3921 speciosa
759 3863 908 3925 locis,
963 3873 1268 3932 morataque

231 3937 353 3979 recte
384 3933 615 3985 Fabula?
662 3938 732 3987 Et
767 3928 970 3991 Ovidr‘
996 3943 1267 4006 Speciosa·

232 4018 314 4067 que
348 4010 551 4061 nomina
582 4014 754 4078 culpae
804 4014 1036 4081 Imponis
1074 4019 1269 4070 Medea

231 4087 337 4145 tuae,
349 4085 464 4149 quin
482 4088 660 4151 aspice
675 4098 925 4155 quantum
938 4092 1267 4158 Aggrediare

232 4158 386 4243 nefas?
417 4165 433 4192 ‘
458 4164 739 4228 Speciosus
757 4167 773 4191 '
797 4168 935 4218 enim
958 4176 1041 4220 est
1064 4186 1095 4220 a
1118 4172 1134 4201 ‘
1152 4186 1266 4235 spe·

235 4237 351 4285 cnez'
397 4239 671 4304 ‘specles'
728 4243 795 4309 ab
841 4245 1058 4311 antiquo
1105 4248 1266 4298 verbo

237 4309 251 4336 ‘
269 4315 456 4382 ’specim’
489 4317 673 4371 video:
711 4320 849 4372 unde
868 4322 885 4353 ‘
906 4322 1135 4390 aspicio,’
1156 4325 1173 4354 ⁴
1191 4325 1264 4375 in-

1362 2877 1577 2927 alterius
1599 2875 1811 2925 notione
1835 2869 2161 2936 proponitur,
2181 2867 2232 2916 id
2259 2866 2427 2916 aliena

1360 2953 1537 3016 specie
1560 2949 1779 3015 proponi
1802 2947 2003 2997 dicitur
2022 2960 2037 2994 z
2074 2944 2208 2993 sicut
2245 2941 2426 2991 Philo·

1358 3028 1506 3093 sophi
1523 3028 1689 3089 aiunt,
1709 3025 1898 3075 malum
1912 3021 2086 3086 specie
2095 3018 2215 3070 boni
2228 3017 2388 3069 amari
2407 3032 2422 3065 ε

1357 3107 1493 3157 sicut
1514 3106 1669 3155 etiam
1689 3102 1833 3152 dicta
1851 3098 2072 3149 fortunae
2089 3109 2226 3144 nunc
2244 3094 2423 3143 dicun-

1357 3190 1443 3233 tur
1474 3183 1490 3211 ‘
1512 3182 1675 3233 oblita
1690 3177 1967 3229 rhetoricae
1989 3188 2049 3223 ac
2068 3171 2280 3222 musicae
2299 3171 2425 3219 mel-

1356 3261 1407 3309 le
1432 3256 1721 3309 dulcedinis
1735 3253 1769 3305 :'
1805 3253 1880 3301 ita
1924 3258 2003 3314 ut,
2048 3255 2232 3312 utpote
2275 3260 2420 3306 voce,

1356 3342 1506 3399 nutu,
1526 3328 1696 3399 gestu,
1708 3331 2000 3395 ceterisque
2022 3327 2285 3391 adjunctis
2300 3340 2416 3390 grn-

1357 3418 1430 3474 ta,
1485 3413 1501 3440 ‘
1531 3418 1640 3459 tum
1680 3415 1903 3471 tantum,
1962 3419 2080 3454 cum
2119 3402 2419 3462 audiuntur,

1357 3483 1664 3547 oblectent,’
1685 3484 1858 3533 statim
1895 3486 2110 3546 propter
2127 3478 2418 3543 graviorem

1357 3562 1591 3613 moeroris
1608 3574 1816 3611 sensum
1835 3574 1864 3608 e
1885 3556 2130 3607 memoria
2144 3555 2414 3619 pellenda:

1359 3655 1475 3690 nam
1509 3643 1526 3670 ‘
1546 3639 1796 3689 malorum
1821 3635 1977 3684 altior
1999 3647 2179 3682 sensus
2202 3639 2316 3681 est:
2338 3630 2419 3680 in·

1352 3717 1479 3767 situs
1503 3717 1788 3765 animorum
1810 3725 2000 3762 moeror
2022 3707 2350 3774 praegravat!

1361 3832 1366 3833 κ
1412 3801 1433 3826 ²
1455 3794 1541 3842 Ita
1561 3797 1653 3854 est,
1673 3788 1855 3853 iuquit]
1876 3801 1914 3840 1.
1940 3784 2268 3849 Philosophia
2283 3781 2416 3833 fate-

1351 3875 1455 3932 tur,
1497 3865 1747 3933 quicquid
1784 3866 2036 3913 hactenus
2082 3862 2191 3910 sive
2243 3861 2416 3911 soluta

1350 3947 1458 3997 sive
1476 3945 1660 3995 stricta
1683 3942 1915 3992 oratione
1939 3940 2134 3989 dictum
2152 3945 2254 4000 est,
2283 3937 2415 3987 illud

1348 4023 1564 4084 nullum,
1583 4025 1673 4069 ant
1691 4020 1805 4068 leve
1818 4015 2077 4082 quoddam
2095 4028 2210 4064 esse
2225 4013 2415 4063 doloris

1348 4097 1662 4149 remedium:
1689 4097 1704 4125 ‘
1724 4093 1985 4157 nondum,'
2007 4093 2191 4157 inquit,
2212 4091 2228 4120 ‘
2245 4092 2413 4141 morbi

1347 4173 1602 4237 remedia,
1639 4172 1730 4222 sed
1771 4171 1938 4220 adhuc
1981 4167 2296 4219 contumacis
2320 4169 2408 4216 ad·

1346 4265 1527 4299 versus
1550 4248 1871 4298 curationem
1904 4245 2095 4295 doloris
2133 4239 2404 4290 fomenta.’

1345 4324 1451 4377 Ubi
1469 4329 1517 4375 1.
1554 4320 1920 4374 ‘Remedium’
1953 4327 2035 4371 est
2048 4316 2405 4382 corpus,qnod
2434 4356 2443 4361 ,
