3049 4928
534 396 665 462 520

540 556 878 621 scriptionem
898 555 1057 606 babes
1090 555 1227 619 apud
1268 555 1521 606 Senecam
1546 554 1599 603 in

539 637 704 687 Herc.
730 637 852 686 Fur.
876 634 1002 685 Act.
1040 638 1090 685 3.
1114 644 1172 684 et
1195 634 1384 698 virgil.
1410 647 1487 684 v1.
1513 633 1599 683 ΙΕ-

539 713 675 765 neid.
709 713 859 762 Idem.
1169 743 1204 777 u

605 790 726 840 Dooe
777 788 972 852 matris]
1030 788 1273 852 Orpheus
1317 788 1600 851 Calliopes,

547 867 816 918 Musarum
840 866 1038 930 reginae
1078 864 1218 914 filius
1247 865 1549 929 perhibetur
1570 878 1603 912 a

545 942 883 1006 Mythologis.
946 942 1131 993 Senec.
1150 942 1201 990 in
1220 941 1364 991 Med.
1392 955 1466 991 vs.
1487 946 1602 991 625.

543 1021 558 1048 ‘
576 1019 760 1070 vocali
782 1019 986 1082 genitus
1005 1019 1286 1070 Camoenal
1348 1019 1538 1068 Horat.
1561 1032 1600 1068 ι.

546 1097 719 1148 Carm.
759 1094 863 1144 Od.
907 1098 986 1145 12.
1052 1096 1067 1122 ‘
1090 1094 1239 1144 Unde
1276 1096 1505 1145 vocalem
1533 1102 1604 1144 te·

543 1187 686 1226 mere
721 1172 1009 1236 insequuta
1034 1170 1245 1236 Orphea
1279 1174 1438 1235 sylvae
1473 1172 1603 1221 Arte

546 1258 785 1304 materna
826 1249 1037 1313 rapidos
1076 1258 1363 1299 morantem
1411 1248 1603 1298 Flumi-

544 1343 668 1380 num
690 1328 1200 1391 lapsus‚celeresque
1220 1326 1436 1377 ventos!
1458 1328 1605 1377 Pbae·

547 1405 670 1454 drus
688 1404 744 1452 in
764 1402 981 1454 Praefat.
998 1403 1089 1454 lib.
1107 1418 1195 1456 ιιι.
1215 1405 1340 1455 Fab-
1406 1403 1423 1431 ‘
1443 1404 1606 1453 Thre-

546 1484 652 1532 issa
667 1495 785 1531 cum
808 1495 934 1545 gens
958 1487 1196 1530 numeret
1212 1489 1449 1530 auctores
1466 1495 1608 1542 suos,

548 1559 786 1623 Linoque
834 1557 1022 1621 Apollo
1066 1558 1137 1607 sit
1187 1573 1397 1622 parens,
1450 1560 1611 1607 Musa

547 1634 797 1700 Orpheo!
866 1638 1052 1699 Lyram
1094 1643 1266 1684 autem
1303 1635 1506 1698 Orphei
1528 1635 1613 1684 bis

548 1714 782 1765 versibus
815 1714 1053 1763 celebrat
1093 1714 1279 1762 Manil.
1310 1712 1401 1762 lib.
1424 1726 1462 1761 ι.
1496 1713 1511 1740 ‘
1532 1711 1608 1761 At

551 1794 695 1856 Lyra
731 1791 960 1840 diductis
999 1803 1096 1853 per
1134 1791 1319 1839 caelum
1362 1789 1606 1839 cornibus

546 1868 686 1918 inter
723 1867 913 1917 Sidera
940 1866 1279 1930 conspicitur,
1312 1881 1413 1930 qua
1447 1880 1610 1930 quon-

547 1945 667 1995 dam
711 1950 943 2007 coeperat
981 1943 1224 2007 Orpheus
1264 1943 1436 1993 Omne
1470 1942 1609 2008 quod

545 2024 798 2084 attigerat
842 2029 1019 2081 cantu,
1044 2036 1321 2086 manesque
1356 2035 1450 2085 per
1470 2022 1610 2085 ipsos

549 2102 701 2149 Fecit
743 2101 863 2163 iter,
890 2099 1191 2164 domuitque
1229 2097 1455 2148 infernas
1498 2114 1609 2148 car·

547 2177 687 2226 mine
711 2177 885 2239 leges:
925 2175 1063 2224 Huic
1085 2176 1309 2224 caelestis
1342 2176 1520 2237 bonos,
1542 2176 1609 2223 si-

545 2254 786 2318 milisque
825 2253 1058 2316 potentia
1091 2267 1284 2317 causae,
1326 2254 1472 2306 Tunc
1506 2254 1608 2318 syl·-

547 2346 638 2380 vas
683 2337 738 2380 et
797 2345 923 2379 saxa
975 2331 1209 2392 trahens,
1251 2346 1391 2381 nunc
1434 2331 1610 2382 sidera

549 2408 714 2468 ducit,
738 2409 807 2457 Et
831 2408 967 2472 rapit
991 2408 1293 2457 immensum
1316 2408 1506 2457 Mundi
1529 2421 1608 2457 re·

548 2486 796 2537 volubilis
829 2485 1044 2535 orbem.'
1079 2487 1230 2536 Idem.

616 2564 841 2626 Tmen-a]
878 2562 1134 2627 Apuleius
1173 2564 1360 2613 libau.
1385 2564 1606 2613 Metam.

547 2643 563 2670 ‘
582 2642 928 2693 Lacedaemon
960 2640 1174 2690 Achaiae
1209 2641 1396 2691 nobilis
1426 2642 1609 2691 civitas

546 2734 646 2769 non
670 2720 824 2783 longe
859 2720 962 2770 sita
1001 2727 1109 2769 est:
1146 2720 1297 2784 hujus
1333 2720 1609 2770 contermi-

546 2812 683 2861 nam,
704 2798 872 2847 deviis
898 2796 1132 2847 abditam
1148 2798 1482 2862 locis,quaere
1496 2799 1611 2847 '1'ae-

551 2889 732 2924 narum
755 2874 886 2922 inibi
903 2874 1218 2937 spiraculum
1254 2874 1413 2937 Ditis,
1437 2880 1491 2923 et
1514 2888 1613 2936 per

548 2957 727 3015 portas
764 2951 969 2999 hiantes
990 2955 1309 3003 monstratur
1340 2951 1446 2999 iter
1477 2951 1608 2999 invi·

551 3027 675 3087 um,’
698 3031 796 3078 διο.
832 3029 985 3078 Idem.

622 3105 907 3156 Umbrarum
966 3102 1222 3166 Domitios]
1261 3103 1277 3131 ‘
1296 3102 1608 3153 Umbrarum

551 3182 763 3246 Reges,’
784 3182 917 3232 Stat.
940 3196 994 3232 v.
1028 3182 1234 3245 Sylvar.
1267 3180 1609 3231 ‘Umbrarum

547 3258 759 3322 famuli,’
789 3261 906 3310 Val.
948 3261 1123 3310 Flacc.
1164 3259 1256 3310 lib.
1292 3272 1381 3309 m.
1444 3260 1459 3285 ‘
1483 3259 1610 3307 Um·

549 3337 763 3387 brarum
787 3336 1046 3401 populns,'
1081 3337 1342 3388 Prudent.
1378 3336 1613 3386 Cathem.

551 3414 746 3479 Hymn.
770 3421 820 3464 6.
853 3415 1006 3465 Idem.

621 3491 925 3552 Tergemina
953 3491 1166 3554 janitor]
1197 3492 1354 3541 Silius
1375 3491 1495 3542 Ital.
1518 3490 1611 3540 lib.

552 3579 617 3614 11.
686 3566 702 3592 ‘
726 3566 1021 3629 Formaque
1081 3564 1293 3614 trifauci
1350 3567 1617 3616 Personat

550 3642 798 3692 insomnis
845 3643 1129 3695 lacrimosas
1179 3642 1384 3706 janitor
1436 3643 1614 3693 aulaee'

553 3719 825 3769 claudian.
860 3720 942 3768 De
976 3719 1153 3783 Rapta
1190 3720 1440 3784 Proserp.
1481 3722 1497 3748 ‘
1518 3722 1614 3771 La-

550 3803 747 3847 tratum
781 3796 1047 3860 triplicem
1085 3796 1409 3859 compescuit
1430 3797 1614 3860 ingens

551 3871 794 3923 Jauitorss
868 3871 1125 3935 Apuleius
1157 3873 1246 3922 lib.
1273 3886 1351 3923 vt.
1390 3874 1614 3923 Metam.

554 3951 569 3977 ‘
594 3949 751 3999 Canis
792 3948 1100 4012 pergrandis
1137 3949 1336 4014 trijugo
1390 3958 1445 4000 et
1489 3952 1616 4001 satis

554 4026 728 4088 amplo
773 4026 950 4089 capite
985 4027 1251 4090 praeditus,
1289 4029 1527 4078 immanis
1560 4036 1618 4079 et

552 4099 913 4165 formidabilis,
979 4105 1288 4154 conantibus
1351 4106 1617 4156 oblatrans

556 4177 816 4243 faucibus,
862 4187 1115 4242 mortuos,
1172 4181 1359 4246 quibus
1398 4183 1509 4246 jam
1545 4185 1618 4233 nil

554 4256 677 4305 mali
694 4264 873 4321 potest
894 4257 1087 4322 facere,
1097 4257 1293 4310 frustra
1309 4260 1617 4325 territando,

1238 406 1452 455 No'rAE
1500 405 1903 458 VARIORUM
1953 406 2030 454 IN

1674 559 1798 604 ante
1832 552 2000 616 ipsum
2032 552 2210 616 limen,
2230 558 2287 602 et
2317 558 2430 602 atra
2453 545 2585 602 atria
2605 551 2720 600 Pro·

1674 634 1898 698 serpinae
1949 649 2159 697 semper
2212 634 2499 694 excubans,
2560 644 2731 682 servat

1674 726 1893 761 vacuam
1921 711 2066 761 Ditis
2089 709 2333 761 donnum?
2373 711 2528 760 Idem·

1747 787 1953 838 Ultrices
1972 787 2115 851 Deae]
2157 788 2337 838 Senec-
2377 788 2431 836 in
2476 786 2627 836 Med.
2662 800 2732 835 vs.

1675 869 1791 915 966.
1854 866 1870 892 ‘
1893 865 2179 915 Discedere
2214 881 2245 916 a
2279 879 2362 914 me
2398 864 2568 914 frater
2592 864 2735 913 ultri-

1675 956 1763 991 ces
1783 942 1924 992 Deas
1945 941 2235 1005 Manesque
2252 942 2317 990 ad
2342 941 2469 992 imos
2486 941 2571 989 ire
2592 954 2737 989 secu-

1677 1032 1759 1066 ros
1792 1016 1962 1080 jube!
2042 1016 2195 1068 Idem
2238 1018 2292 1067 in
2328 1018 2457 1069 Oct.
2502 1032 2582 1067 vs.
2622 1020 2737 1067 914.

1680 1095 1695 1121 ‘
1712 1093 1935 1143 Tartara
1952 1098 2137 1155 testor,
2153 1093 2413 1157 Erebique
2433 1095 2603 1154 Dens,
2619 1093 2737 1142 See·

1674 1171 1836 1226 lerum
1880 1170 2131 1222 ultrices?
2199 1170 2513 1223 Quintilian.
2545 1170 2740 1220 Decla-

1678 1254 1800 1299 mat.
1824 1262 1901 1297 w.
1970 1250 1985 1276 ‘
2008 1249 2239 1300 Quorum
2276 1251 2479 1297 scelere
2518 1248 2741 1297 violatus

1680 1325 1795 1375 dies
1836 1326 2089 1378 mundum
2131 1325 2304 1376 subito
2335 1325 2584 1386 mutavit,
2616 1339 2745 1389 qnos

1681 1417 1777 1467 per
1788 1404 1951 1453 maria
1965 1410 2234 1467 terrasque
2249 1401 2521 1466 fugientes
2529 1401 2742 1452 furiales

1680 1478 1849 1541 faces,
1886 1486 1946 1529 et
1983 1479 2254 1529 Ultrienm
2295 1481 2537 1530 Deerum
2578 1485 2745 1529 terror

1682 1557 1932 1619 agitavit-⁸
1981 1556 2297 1606 Eumenides
2317 1558 2478 1606 etiam
2510 1556 2526 1584 ‘
2548 1556 2748 1606 Poenae'

1683 1640 1952 1683 vocantur.
2005 1634 2138 1688 Stat.
2160 1647 2285 1682 vm.
2306 1632 2574 1686 Thebiad.
2611 1633 2627 1661 ‘
2645 1633 2748 1682 Sae-

1681 1724 1848 1774 vaque
1885 1710 2191 1761 multisonas
2222 1717 2438 1760 exercet
2471 1710 2653 1760 Poena
2667 1724 2748 1760 ca·

1684 1785 1901 1835 thenas-²
1971 1786 2127 1836 Silius
2148 1787 2238 1836 lib.
2267 1801 2335 1837 11.
2402 1788 2420 1815 ‘
2442 1786 2626 1851 Atque
2644 1801 2750 1835 om-

1682 1882 1777 1917 nes
1811 1869 2004 1920 adsunt
2045 1867 2256 1918 Poenae.’
2320 1867 2407 1916 Ad
2442 1882 2606 1932 quem
2642 1882 2750 1916 ver-

1682 1961 1792 1995 sum
1838 1946 1954 1996 vide
1991 1962 2109 2011 quae
2148 1946 2349 1995 notavit
2397 1945 2746 2009 ingeniosissi-

1682 2037 1796 2072 mus
1818 2023 2007 2076 Daniel
2032 2022 2300 2072 Heinsius.
2337 2021 2491 2071 Idem.

1746 2100 1981 2150 Lacrimis
2000 2100 2215 2162 madent]
2236 2100 2423 2149 Senec.
2443 2100 2497 2147 in
2523 2099 2650 2149 Oct.
2674 2112 2749 2147 vs.

1681 2182 1796 2228 681.
1861 2177 1878 2205 ‘
1898 2177 2051 2229 Quod
2072 2184 2333 2227 secretum
2357 2176 2494 2239 petis
2515 2175 2750 2224 Turbata

1683 2255 1875 2304 vultu?
1909 2270 2003 2304 cur
2038 2269 2186 2319 genae
2219 2253 2451 2304 lacrimis
2482 2251 2749 2304 madent?

1751 2409 1863 2459 Non
1877 2406 2121 2458 Ixionium
2132 2408 2294 2473 capae]
2312 2406 2498 2457 Senec.
2523 2405 2575 2455 in
2587 2406 2748 2455 Herc.

1685 2487 1809 2536 Fur.
1844 2500 1920 2535 ve.
1941 2489 2059 2535 749.
2126 2486 2382 2548 ‘Rapitur
2421 2484 2625 2534 volneri
2649 2493 2749 2535 tor-

1687 2571 1770 2613 tus
1813 2563 1968 2612 Ixion
2014 2561 2165 2613 rota!
2218 2561 2279 2611 In
2321 2561 2488 2611 Herc.
2527 2563 2640 2612 OEt.
2675 2576 2747 2611 vs.

1687 2643 1834 2691 1068.
1880 2638 1896 2666 ‘
1911 2638 2086 2687 Haesit
2108 2653 2210 2693 non
2231 2638 2438 2688 stabilis
2455 2643 2574 2687 rota
2592 2636 2755 2688 Victo

1684 2713 1926 2779 languida
1969 2715 2210 2768 turbine.²
2286 2714 2557 2763 Pindarus
2592 2715 2751 2778 Pytb.

1685 2793 1794 2843 od.
1817 2799 1868 2844 2.
1935 2794 2018 2843 ‘Er
2036 2792 2282 2859 πετρόεντι
2298 2795 2462 2858 τροχῷ
2482 2793 2647 2843 «ιι-απὸ
2678 2811 2753 2842 etv·

1683 2869 1967 2932 mmmm.
2039 2873 2121 2920 De
2155 2871 2341 2919 Ixione
2378 2871 2570 2933 passim
2593 2871 2753 2920 etiam

1687 2949 1810 2997 alibi
1822 2950 2023 2998 Seneca
2045 2949 2098 2996 in
2113 2948 2324 3009 Thyest.
2345 2947 2591 2996 nimirum
2610 2961 2687 2997 vs.
2703 2951 2752 2997 Β.

1687 3027 1740 3079 in
1761 3025 1906 3076 Med.
1930 3041 2004 3075 vs.
2027 3028 2144 3074 744.
2171 3024 2223 3072 ἰιι
2246 3022 2438 3086 Agam.
2473 3039 2552 3073 vs.
2582 3029 2667 3074 15.
2701 3025 2752 3073 in

1686 3100 1811 3150 Oct.
1832 3115 1906 3150 vs.
1928 3104 2043 3150 614.
2069 3099 2125 3148 in
2147 3099 2313 3149 Herc.
2328 3100 2438 3152 (Et.
2463 3114 2542 3148 vs.
2561 3105 2684 3150 9⁴5.
2699 3107 2755 3150 et

1686 3191 1761 3225 vs.
1774 3180 1921 3226 1011.
1936 3176 2137 3226 Seneca
2156 3175 2499 3238 Philosophus
2511 3177 2756 3240 Epistola

1685 3257 1766 3303 24.
1782 3254 2023 3303 Tibullus
2048 3253 2137 3302 lib.
2159 3266 2196 3301 1.
2217 3253 2369 3316 Eleg.
2394 3267 2480 3303 m.
2502 3254 2593 3303 ubi
2615 3255 2755 3304 vide-

1688 3331 1758 3380 ris
1774 3331 1982 3380 Scholia
2009 3331 2084 3378 M·
2103 3328 2300 3379 Anton.
2324 3331 2545 3381 Mureti.
2566 3333 2752 3396 virgil.

1687 3422 1773 3463 ιιι.
1806 3414 1863 3457 et
1886 3422 1962 3458 xv.
1994 3408 2189 3470 Georg.
2226 3406 2376 3457 Idem.

1751 3485 1823 3532 Et
1856 3485 1999 3544 longa
2036 3483 2152 3546 site]
2189 3482 2330 3531 Hinc
2373 3488 2595 3533 vocatur
2617 3489 2633 3513 ‘
2661 3485 2755 3534 sic·

1691 3560 1797 3610 eus'
1838 3561 1978 3624 apud
2005 3560 2128 3609 Seu.
2162 3560 2215 3607 iu
2254 3559 2468 3622 Thyest.
2513 3574 2592 3608 vs.
2642 3565 2753 3610 136.

1691 3638 1710 3666 ⁴
1728 3636 1863 3686 Sicci
1933 3635 2210 3700 progenies
2266 3635 2431 3698 impia
2490 3635 2753 3686 'Tantam’

1689 3713 1840 3763 Idem
1862 3713 1930 3762 de
1953 3713 2073 3762 eod.
2090 3713 2142 3761 in
2172 3713 2338 3762 Herc.
2362 3714 2474 3762 OEt.
2502 3728 2579 3763 vs.
2606 3718 2753 3763 1075.

1690 3792 1864 3839 ‘Tunc
1904 3789 2124 3852 primum
2168 3790 2425 3854 Pbrygius
2449 3805 2614 3839 senex
2650 3793 2753 3841 Un-

1690 3867 1768 3916 dis
1803 3867 2060 3915 stantibus
2092 3866 2358 3914 immemor
2398 3868 2653 3918 Excussit
2676 3884 2752 3917 ra-

1691 3944 1864 3994 bidam
1888 3944 2052 4006 sitim,
2072 3945 2188 3993 Nec
2211 3944 2379 4006 pomis
2401 3944 2623 3995 adhibet
2645 3961 2747 3995 ma-

1689 4021 1818 4070 nus.'
1841 4021 1904 4068 In
1928 4021 2088 4071 Herc.
2110 4021 2229 4070 Fur.
2247 4035 2322 4070 vs.
2339 4025 2456 4070 ⁷51.
2483 4022 2498 4048 ‘
2518 4021 2584 4090 In
2605 4037 2753 4071 amne

1690 4098 1862 4148 medio
1884 4096 2119 4146 faucibus
2144 4097 2295 4148 siccis
2328 4111 2490 4145 senex
2507 4099 2755 4148 Sectatur

1690 4181 1874 4242 undas,
1896 4180 2062 4229 abluit
2082 4184 2312 4227 mentum
2350 4178 2513 4235 latex,
2549 4179 2754 4228 Fidem·

1693 4272 1794 4323 que
1837 4271 1952 4307 cum
1988 4256 2099 4320 jam
2148 4268 2289 4318 saepe
2335 4253 2562 4318 decepto
2610 4254 2751 4307 dedit
