3049 4928
990 403 1514 454 PHILOSOPHIAE
1564 404 1710 454 mn.
1758 403 1870 452 111.
2404 389 2535 454 245

334 549 500 615 culis
531 547 782 614 adduci
812 548 1092 632 potuisti
1115 555 1140 583 ²
1183 553 1255 612 ut
1300 568 1447 612 cum
1484 548 1822 614 Decorato
1846 556 1881 585 '⁹
1925 569 2147 633 gerere
2189 552 2532 634 magistr-a-

332 658 470 716 tum
499 658 798 736 putareS,
829 672 978 716 cum
1005 654 1073 717 in
1102 671 1187 716 eo
1213 658 1501 716 mentem
1535 654 1923 737 nequissimi
1952 665 2225 718 scurrae*
2282 654 2532 719 delato-

333 756 557 839 risque
585 757 998 840 respiceres?
1026 763 1046 802 ³
1139 755 1302 822 Non
1333 757 1508 820 enim
1544 776 1906 839 possumus
1954 758 2042 821 ob
2091 757 2385 822 honores
2427 776 2530 823 re-

331 859 628 932 verentia
643 858 882 942 dignos
890 859 1226 943 judicare,
1249 880 1418 944 quos
1447 860 1619 942 ipsis
1639 859 2004 925 honoribus
2019 859 2403 943 judicamus
2425 861 2529 924 in-

329 960 592 1042 dignoS.
681 951 775 1024 At
805 961 867 1024 si
899 981 1096 1044 quem
1126 961 1459 1044 sapientia
1487 960 1840 1045 praeditum
1869 962 2156 1038 videreS‚
2187 983 2341 1027 num
2373 983 2531 1046 pos-

331 1083 442 1128 ses
473 1081 630 1128 eum
659 1064 767 1128 vel
796 1063 1186 1141 reverentia,
1214 1065 1321 1129 vel
1353 1084 1433 1128 ea
1464 1071 1603 1147 qua
1630 1066 1958 1149 praeditus
2007 1074 2134 1143 est,
2176 1067 2530 1150 sapientia,

324 1186 456 1230 non
488 1166 764 1249 dignum
810 1154 1100 1251 p'utare'l
1194 1166 1493 1233 Minime.
1586 1167 1771 1234 Inest
1819 1170 1994 1233 enim
2038 1169 2331 1251 dignitas
2378 1189 2528 1253 pro·

324 1270 478 1352 pria
509 1271 760 1348 virtuti,
787 1291 991 1355 quam
1021 1270 1324 1355 protinus
1367 1271 1436 1333 in
1466 1290 1586 1337 eos
1618 1273 1865 1354 quibus
1924 1272 2131 1337 fuerit
2189 1274 2527 1357 adjuncta,

325 1372 747 1439 transfundit.
843 1372 1046 1453 Quod
1090 1373 1248 1457 quia
1292 1374 1703 1457 populares‘
1733 1382 2071 1459 nequeunt
2097 1376 2368 1440 facere*
2408 1376 2527 1441 ho-

324 1484 580 1554 nores,'‘
623 1475 855 1559 liquet,
902 1495 1019 1541 eos
1071 1476 1414 1561 propriam
1444 1477 1790 1560 dignitatis
1817 1478 2374 1562 pulchritudinem
2393 1499 2529 1544 non

322 1578 588 1643 habere.
678 1579 759 1642 In
789 1598 924 1663 quo
954 1578 1122 1643 illud
1149 1586 1255 1645 est
1286 1580 1944 1647 animadvertendum
1988 1583 2238 1666 magis:
2282 1602 2438 1647 nam
2468 1583 2526 1646 si

324 1701 407 1745 eo
435 1682 763 1767 abjectior
787 1688 913 1760 est,
930 1673 1067 1765 quo*
1095 1684 1308 1765 magis
1340 1703 1384 1747 a
1414 1683 1714 1765 pluribus
1743 1685 2025 1769 quisque
2065 1685 2524 1763 contemnitur,-

384 1887 403 1911 ⁸
435 1878 714 1943 Sannionis,
744 1882 827 1946 qui
861 1882 1073 1934 videlicet
1111 1884 1322 1935 omnibus
1353 1886 1502 1937 modis
1535 1887 1683 1938 risum
1715 1902 1897 1939 movere
1928 1888 2118 1938 nititur.
2250 1889 2266 1917 6
2301 1883 2529 1934 Exhibiti

318 1959 349 1992 α
368 1947 555 2009 populo.

1244 2030 1458 2050 &mm
1463 2031 1611 2051 ΝΝΟ

319 2126 521 2176 condus
542 2126 709 2176 abduci
727 2128 1046 2191 potesta-3
1068 2129 1084 2157 ‘
1110 2131 1302 2180 Melius
1325 2132 1456 2181 Mss.
1477 2132 1712 2183 vidisses?
1734 2134 2074 2183 Bernart.—4
2097 2131 2520 2196 FacereJnequeunt

318 2190 518 2256 Delph.
557 2193 828 2243 Hack.——5
863 2194 997 2245 Mss.
1034 2208 1152 2244 cum
1189 2196 1317 2250 eddr
1346 2198 1583 2247 Norimb.
1616 2199 1849 2249 Florent.
1873 2198 2061 2262 Delph.
2085 2206 2139 2247 et
2162 2198 2335 2248 Hack.
2356 2197 2526 2258 facere

1313 2345 1528 2395 NOTAE

315 2444 531 2497 inimico
571 2446 822 2497 Cicerone
865 2447 1054 2513 saepius
1096 2450 1113 2479 6
1147 2456 1381 2502 strumae'

315 2533 407 2576 aut
430 2527 446 2554 6
469 2527 715 2576 strumosi
738 2527 979 2577 tumoris’
1004 2530 1210 2580 nomine
1227 2530 1382 2580 deno·

315 2613 478 2656 tatur.
549 2606 659 2655 Pro
689 2607 888 2656 Sestio:
923 2608 939 2636 6
962 2608 1238 2659 medentur
1257 2610 1382 2658 civi-

315 2686 434 2746 tati,
482 2684 576 2748 qui
625 2692 876 2736 exsecant
921 2693 1120 2750 pestem
1165 2687 1382 2751 aliquam

314 2770 566 2827 tanquam
586 2761 891 2811 strumamt'
922 2763 975 2812 in
991 2762 1168 2812 Vatin.
1201 2764 1217 2792 ‘
1245 2762 1385 2811 stru-'

311 2853 414 2888 moe
449 2836 675 2902 denique
718 2838 784 2888 ab
825 2853 915 2888 ore
954 2838 1190 2903 improbo
1223 2839 1383 2889 derni-

314 2914 593 2979 graruntz'
625 2921 679 2965 et
712 2915 868 2965 alibi:
905 2917 921 2944 ‘
946 2916 1198 2965 tumidum
1229 2915 1382 2965 habe-

314 3006 429 3041 mus
452 2990 749 3042 oratorem!
808 2992 943 3042 Haec
965 2992 1033 3041 de
1058 2993 1251 3042 Nonio.

376 3074 410 3100 w
439 3068 561 3117 Cum
579 3067 840 3130 Decorato]
877 3069 1168 3118 Decor-atus
1192 3069 1272 3118 bic
1296 3075 1380 3119 est

310 3143 420 3204 ille,
442 3142 511 3192 ad
533 3157 685 3208 quem
712 3143 1061 3193 Theudoricus
1095 3144 1231 3207 apud
1256 3145 1379 3194 Cas-

313 3219 586 3270 siodornm
608 3221 734 3270 Var.
768 3221 805 3271 l.
841 3233 894 3271 V.
925 3221 1026 3283 Ep.
1059 3225 1143 3270 31.
1174 3220 1376 3285 scribit,

312 3306 372 3348 nt
395 3297 679 3360 compellat
701 3297 950 3362 quosdam
974 3297 1245 3360 pecuniam
1278 3300 1376 3347 sol-

312 3387 438 3422 vere
477 3374 814 3436 postulatam,
848 3375 892 3422 si
928 3387 1108 3423 revera
1130 3389 1219 3424 eos
1243 3375 1378 3424 forte

311 3447 612 3499 constiterit
644 3449 945 3499 debitores:
984 3450 1121 3514 quod
1150 3451 1378 3513 Adjutor

312 3527 591 3594 Magistro¹
609 3525 914 3576 Officiorum
938 3527 1195 3590 judicanti
1229 3528 1378 3577 ades·

314 3609 430 3653 set:
479 3609 535 3652 et
572 3610 874 3667 propterea,
909 3605 1064 3663 solito
1096 3604 1250 3655 oflicii
1289 3621 1378 3655 no-

312 3679 471 3743 mine,
492 3678 687 3728 ibidem
705 3689 921 3730 vocatur
943 3681 959 3709 ‘
977 3680 1235 3744 devotus,’
1255 3683 1270 3711 ‘
1289 3683 1377 3732 de·

315 3755 457 3805 votio
473 3755 620 3805 tna:'
643 3755 777 3820 quod
798 3771 901 3806 non
919 3757 1092 3808 obstat
1109 3759 1232 3822 quin
1253 3773 1374 3808 vere

315 3849 451 3885 nunc
495 3834 705 3885 dicatur
747 3837 763 3864 6
794 3838 1134 3901 nequissimus
1175 3839 1372 3889 scurra'

315 3920 374 3963 et
389 3914 407 3942 ‘
420 3914 628 3963 delator
645 3912 676 3964 τ’
695 3915 736 3979 (6
753 3914 966 3964 Scurra’
987 3915 1210 3980 quidem,
1233 3917 1373 3981 quod

314 3997 555 4054 potentes
572 3999 805 4055 secutus,
817 3992 1049 4043 dicteriis
1066 3994 1164 4043 sibi
1182 3994 1375 4046 victum

312 4077 403 4118 aut
451 4069 591 4119 aliud
642 4071 964 4121 commodum
1006 4081 1374 4137 aucuparetur.

313 4147 554 4197 Juvenal.
619 4153 635 4178 ⁴
660 4148 877 4197 Mimum
912 4149 1021 4213 agit
1050 4150 1155 4212 ille,
1177 4150 1376 4200 Urbani

316 4223 516 4284 qualem
531 4223 785 4273 facundus
801 4239 980 4275 scurra
993 4223 1220 4275 Catulli.’
1235 4227 1251 4255 6
1272 4227 1379 4274 De-

315 4296 475 4347 lator'
517 4312 664 4364 vero,
697 4298 835 4365 quod
875 4300 1003 4351 alios
1034 4301 1374 4352 calumniatus

1462 2454 1668 2505 occulte
1683 2460 1948 2505 accusaret
1966 2451 2007 2517 z)
2020 2451 2267 2517 ejusmodi
2286 2451 2419 2513 enim
2436 2451 2523 2501 ho-

1462 2533 1628 2582 mines
1699 2532 1871 2596 puniri
1931 2531 2088 2594 jussit
2154 2527 2521 2579 Domitianus:

1463 2609 1479 2636 6
1506 2607 1782 2671 princeps,'
1815 2606 2083 2670 inquiebat
2114 2605 2197 2653 hie
2230 2605 2525 2667 Imperator

1464 2684 1602 2746 apud
1626 2684 1949 2745 Suetonium,
1978 2683 1996 2709 6
2022 2682 2110 2747 qni
2135 2681 2395 2731 delatores
2419 2695 2524 2730 non

1462 2759 1702 2823 castigat,
1726 2759 1930 2807 irritat.'
1960 2758 2248 2820 Propterea
2270 2755 2525 2805 Boethius

1461 2837 1731 2886 convictus
1764 2834 2136 2898 Magistratum
2175 2847 2277 2882 non
2315 2824 2523 2898 efficere

1463 2913 1723 2976 meliores,
1750 2912 1766 2940 ‘
1791 2909 2015 2972 adduci,’
2034 2910 2191 2960 etiam
2226 2912 2240 2937 ‘
2258 2910 2522 2973 periculis,

1462 3004 1563 3038 nou
1583 2989 1774 3055 potuit,
1796 2995 1854 3038 ut
1877 3003 1994 3038 cunr
2019 2988 2105 3037 illo
2131 2989 2399 3036 Decorato
2417 3002 2523 3036 ma-

1461 3067 1737 3135 gistratum
1761 3067 2005 3132 gereret)

1468 3176 1475 3187 ι
1522 3152 1550 3177 ¹
1577 3146 1715 3204 Quod
1732 3147 1843 3210 quia
1859 3147 2107 3209 populares
2125 3144 2524 3208 nequeuntfacere

1459 3223 1678 3286 honores]
1732 3237 1795 3272 ιι.
1838 3222 2032 3273 Eadem
2073 3221 2406 3285 Philosophia
2447 3223 2536 3270 in·.

1460 3300 1591 3361 nuit,
1605 3300 1848 3349 honorem
1861 3298 2173 3361 dignitatum
2188 3298 2253 3347 ab
2278 3298 2522 3364 opinione

1458 3377 1598 3440 vulgi
1643 3376 1904 3440 pendere:
1953 3375 2089 3425 unde
2132 3391 2268 3425 nunc
2306 3383 2523 3426 vocatur

1457 3454 1474 3482 6
1501 3451 1808 3516 popularis,'
1826 3453 1937 3501 sive
1960 3468 1989 3501 a
2013 3453 2207 3516 populo
2241 3452 2521 3504 exhibitus.

1456 3529 1674 3579 Scilicet
1706 3529 1868 3578 bonor
1903 3535 1957 3577 et
1990 3527 2302 3589 reverentia,
2334 3535 2394 3577 ut
2407 3528 2520 3592 jam

1459 3602 1765 3667 monuimus,
1795 3604 1921 3653 nibil
1955 3610 2037 3653 est
2070 3604 2229 3666 aliud,
2258 3618 2408 3669 quam
2442 3604 2520 3652 in-

1457 3681 1714 3731 trinsecus
1767 3680 1974 3745 quidem
2013 3679 2284 3742 cogitatio,
2324 3680 2517 3729 extrin-

1455 3772 1605 3807 secus
1627 3769 1751 3814 vero
1774 3763 1899 3806 nota
1921 3756 2120 3821 optima
2137 3756 2307 3805 meriti
2331 3757 2515 3805 alieni:

1453 3837 1594 3886 unde
1611 3835 1721 3884 sive
1741 3836 1830 3884 illa
1852 3835 2243 3900 cogitatio,sive
2260 3836 2371 3885 hanc
2394 3840 2519 3884 nota

1454 3916 1531 3965 ita
1551 3915 1848 3964 honorantis
1877 3920 1979 3977 est,
2009 3922 2067 3963 ut
2098 3914 2404 3963 honoratum
2428 3928 2517 3962 ne-

1455 3997 1614 4057 queat
1636 3990 1857 4040 reddere
1890 3992 1906 4018 ‘
1927 3989 2272 4039 honorabilem
2296 3997 2350 4037 et
2373 4003 2516 4037 reve-

1455 4067 1732 4129 rendum3'
1766 4068 1919 4116 solius
1944 4067 2151 4115 virtutis
2187 4073 2266 4115 est
2301 4067 2514 4114 honora·

1456 4154 1567 4198 tum
1590 4145 1809 4196 reddere
1828 4144 2208 4193 honorabilemz
2245 4140 2381 4191 unde
2404 4143 2514 4192 sola

1453 4221 1618 4272 virtus
1654 4229 1734 4272 est
1774 4223 1791 4251 6
1828 4219 2039 4285 propria
2083 4217 2349 4283 dignitatis
2397 4218 2512 4282 pul·

1454 4296 1732 4351 cbritudo.’
2491 4312 2497 4318 ’
