3049 4928
1035 407 1559 471 ruinosormffl
1607 406 1752 455 ms.
1799 406 1848 455 1.
2457 391 2542 459 71.

1331 552 1553 604 No'rAE

318 667 696 733 euntibusque
729 666 898 717 Musis
931 666 1309 732 Philosophicis
1331 668 1406 717 lo·
1483 666 1590 715 nim
1613 661 1963 727 Philosophiae
1985 660 2238 712 institutis
2272 674 2375 710 non
2399 659 2543 724 prius

324 762 445 797 cum
489 744 708 807 cedere,
753 759 855 794 non
901 751 1022 794 ante
1063 752 1232 795 tamen
1253 759 1405 810 quam
1484 743 1646 792 imbui
1683 755 1970 805 possumus,
1991 754 2142 804 quam
2187 738 2365 787 Musas
2410 738 2524 787 ilias

326 824 390 874 ab
425 824 550 887 ipsa
581 814 917 886 Philosophia
953 821 1277 887 pergraviter
1325 836 1408 871 re·
1485 819 1780 883 similesque
1823 814 2275 882 perturbationum
2333 814 2545 865 veritati

327 900 630 965 prebensae,
672 913 920 963 suamque
977 899 1244 948 tristitiam
1301 903 1403 948 tes-
1482 895 1811 946 inveuiendae
1839 893 2215 955 contrariarum
2251 906 2431 942 causas
2455 907 2543 943 va-

321 983 487 1027 tanea
525 976 671 1026 unde
702 978 718 1004 ‘
734 975 917 1025 chorus
939 973 1046 1024 iue’
1069 974 1261 1025 dicitur
1282 974 1300 1004 ⁴
1325 975 1404 1025 in·
1484 972 1595 1025 lere
1612 973 1935 1038 jusserimus.
1975 972 2280 1035 Quanquam
2300 970 2402 1020 111oe
2422 984 2544 1034 per·

324 1052 583 1118 crepitns’
608 1053 911 1119 (increpari
942 1053 1079 1102 idem
1111 1053 1249 1118 quod
1283 1068 1393 1103 ver·
1486 1052 1818 1101 turbationes
1864 1063 2004 1113 saepe
2052 1047 2262 1098 remotis
2306 1047 2386 1096 his
2421 1062 2543 1098 cau·

323 1133 404 1182 bis
430 1132 623 1181 aiiisve
656 1132 814 1194 signis
849 1131 1087 1194 gravibus
1111 1132 1391 1195 reprehen-
1474 1128 1544 1177 sis
1563 1127 1731 1176 adhuc
1749 1130 2121 1189 perseverant:
2147 1123 2287 1174 unde
2308 1122 2541 1174 Philoso-

321 1207 401 1274 di)
425 1215 484 1258 et
518 1212 534 1236 ‘
558 1207 817 1271 dejecisse
855 1207 995 1258 humi
1021 1209 1250 1257 moestior
1283 1208 1393 1257 vul·
1475 1205 1596 1269 phia
1616 1204 1681 1252 de
1702 1203 1893 1253 mentis
1914 1201 2216 1253 Boethianae
2236 1203 2253 1230 ‘
2267 1200 2544 1267 perturba-

318 1283 471 1334 tum?
544 1281 697 1333 Abiit
741 1283 950 1333 tandem
989 1284 1173 1334 chorus
1210 1284 1298 1333 ilie
1338 1291 1395 1334 et
1476 1280 1619 1333 tione
1642 1279 1717 1330 sic
1740 1282 2028 1345 conquesta
2046 1277 2165 1329 est!

319 1360 518 1410 ‘limen
567 1358 737 1409 tristis
782 1359 1009 1410 excessit
1027 1358 1061 1421 ς’
1097 1359 1307 1424 optimis
1343 1373 1396 1407 e-

1141 1731 1568 1801 METRUM
1613 1731 1715 1798 11.

594 1906 797 1984 Hau,
829 1925 1031 1989 quam
1060 1905 1394 1990 praecipiti
1424 1923 1647 1969 mersa
1667 1903 1996 1989 profundo

588 2008 794 2073 Mens
814 2016 855 2045 ¹¹¹
897 2008 1147 2087 hebet‚¹
1178 2015 1245 2073 et
1281 2009 1556 2093 propria
1581 2007 1734 2072 luce
1766 2008 2049 2087 relicta,¹¹

588 2112 845 2178 Tendit
873 2113 940 2177 in
971 2120 1285 2201 externas
1311 2113 1409 2177 ire
1438 2115 1801 2192 tenebras?

385 2293 528 2354 Heu,
576 2298 804 2358 quantum
847 2310 978 2345 mens
1025 2296 1229 2345 humana
1285 2295 1506 2345 immersu
1545 2294 1949 2360 perturbationum
1990 2294 2113 2345 mari
2149 2294 2315 2358 rapido
2340 2293 2529 2358 altoque·

315 2359 623 2423 obtunditur,
661 2374 832 2424 suoque
863 2362 1038 2411 lamine
1071 2361 1356 2427 posthabito,
1393 2362 1570 2411 nititur
1592 2375 1732 2411 ruere
1753 2361 1804 2411 iu
1833 2360 2086 2423 caliginem
2105 2361 2403 2424 exter-iorem,
2421 2373 2530 2408 oum

1255 2467 1261 2475 ’
1314 2491 1534 2544 No‘rAE

378 2592 418 2619 Ι·
455 2585 715 2648 Praecipiti
751 2601 904 2636 mna
953 2586 1188 2651 prosumo
1219 2588 1384 2653 Mens]
1463 2589 1731 2640 hebescit-⁹
1755 2589 1915 2656 Atqui
1933 2604 2077 2639 mens
2094 2589 2318 2638 bumana
2332 2594 2532 2652 quanto

318 2662 457 2714 Quae
515 2675 661 2710 mens
717 2663 821 2712 suis
891 2664 1386 2727 perturbationibus,
1462 2668 1625 2729 magis
1644 2666 2117 2730 perturbationibus
2139 2664 2395 2725 obruitur,
2411 2671 2526 2714 tan·

318 2738 614 2800 presertim
640 2752 764 2788 vero
788 2738 944 2788 nimia
966 2754 1134 2789 rerum
1170 2741 1386 2791 caduca-
1465 2743 1724 2792 to·miuus
1747 2744 2023 2792 veritatem
2044 2739 2385 2803 contemplari
2409 2747 2525 2804 pot·

315 2828 430 2863 rum
454 2814 788 2864 solicitudine
810 2813 1052 2878 afficitur,
1086 2818 1196 2867 baec
1231 2809 1382 2867 abiis
1464 2825 1578 2869 est:
1614 2817 1849 2881 adeoque
1883 2817 2062 2866 hebet.
2131 2817 2271 2865 Hinc
2308 2817 2363 2865 S.
2389 2816 2525 2866 Gre-

312 2889 1070 2956 immergitur,velutiquodam
1089 2895 1383 2959 mari,quod
1463 2908 1576 2957 gors
1612 2894 1756 2943 Prol.
1796 2906 1863 2944 ιι.
1903 2900 2038 2957 part.
2077 2892 2130 2941 in
2167 2892 2522 2943 Ezechielem}

314 2969 386 3017 sit
425 2974 482 3016 et
523 2965 835 3030 profundum
859 2976 911 3017 et
933 2983 1187 3033 praeceps.
1250 2971 1381 3021 Pro·

314 3042 536 3093 fundum
576 3043 817 3107 quidem3
854 3045 995 3109 quod
1040 3045 1131 3096 ilia
1170 3044 1381 3097 affectio

313 3120 473 3170 menti
496 3120 566 3169 sit
590 3118 854 3169 altissimis
891 3120 1154 3171 radicibus
1190 3121 1377 3174 infixa:

316 3210 556 3259 preceps
598 3205 740 3259 vero,
775 3195 914 3260 quod
949 3197 1130 3247 eadem
1154 3196 1378 3261 affectio,

313 3270 476 3322 instar
493 3273 764 3336 cujusdam
782 3270 928 3322 furiae
945 3274 1232 3335 concitata,
1246 3291 1376 3338 prae·

314 3347 525 3412 cipitem
561 3354 789 3398 mentem
821 3349 875 3398 in
911 3363 1141 3401 errorem
1173 3352 1380 3401 vitium·

315 3438 412 3488 que
434 3424 681 3488 abripiat.

375 3506 404 3536 ⁸
435 3500 626 3563 Habet]
677 3500 886 3551 Hebere
930 3503 1138 3567 proprie
1182 3504 1375 3554 dicitur

312 3576 532 3639 gladius,
558 3578 710 3641 cujus
733 3578 870 3628 acies
894 3587 1067 3629 retusa
1091 3586 1191 3642 est,
1209 3587 1373 3630 trans·

308 3652 503 3703 latione
530 3668 674 3715 vero,
696 3653 822 3704 iilud
847 3670 1017 3717 omne,
1034 3656 1183 3719 cujus
1206 3664 1376 3707 motus

308 3729 540 3794 languet.
610 3730 698 3779 Sic
722 3730 910 3794 virgil.
931 3731 1046 3781 AEu.
1069 3746 1123 3781 ν.
1160 3747 1234 3783 vs.
1257 3736 1372 3784 895.

308 3806 324 3833 ⁸
347 3805 452 3855 Sed
477 3806 616 3854 enirn
643 3806 842 3866 gelidus
878 3806 1119 3856 tardante
1160 3816 1375 3859 senecta

252 3937 260 3941 ,
307 3880 527 3945 Sanguis
549 3879 727 3943 hebet,
763 3880 1058 3947 frigentque
1095 3882 1285 3935 effoetae
1318 3888 1373 3934 iu

309 3970 530 4019 corpore
555 3956 726 4006 vires)
773 3958 860 4008 Sic
881 3958 1076 4008 Tullius
1094 3973 1134 4009 1.
1158 3961 1370 4011 Tuscui.

305 4032 321 4059 ⁸
345 4033 814 4096 quemadmodum‚’
839 4034 1028 4097 inquit,
1056 4035 1070 4060 ‘
1092 4036 1180 4099 qui
1203 4037 1370 4086 acutis

309 4108 467 4157 oculis
480 4106 810 4158 deficientem
821 4111 981 4159 solem
997 4111 1280 4173 intuentur,
1293 4127 1371 4161 as-

314 4192 523 4244 pectum
549 4186 759 4235 omnino
778 4185 1048 4250 amittunt,
1069 4187 1148 4237 sic
1178 4190 1369 4239 mentis

312 4258 446 4316 acies
484 4260 715 4326 seipsam
755 4262 963 4318 intuens
1006 4278 1373 4334 nonuunquam

1459 2972 1476 2999 ‘
1501 2968 1689 3032 Mens,'
1703 2969 1887 3033 inquit,
1907 2972 1922 2999 ⁸
1943 2974 2134 3032 quanto
2152 2967 2297 3016 circa
2312 2973 2528 3017 terrena

1463 3047 1577 3111 pius
1611 3046 1822 3109 satagit,
1854 3052 1998 3096 tanto
2032 3044 2085 3092 in
2119 3043 2198 3092 his
2236 3058 2356 3108 quoe
2400 3050 2524 3095 sunt

1461 3125 1712 3187 coeiestia,
1745 3124 1912 3173 minus
1935 3120 2114 3171 videt!

1526 3207 1551 3233 ¹¹
1571 3200 1778 3264 Propria
1794 3201 1895 3250 lnce
1912 3197 2102 3261 relicta]
2136 3196 2306 3246 Menti
2324 3201 2519 3254 nostrai

1458 3277 1667 3328 insitum
1711 3284 1794 3327 est
1834 3277 1900 3326 ab
1943 3276 2055 3341 ipso
2093 3281 2287 3325 nostrie
2329 3274 2519 3325 mentis

1459 3361 1677 3422 auctore
1717 3354 1830 3402 Deo
1873 3351 2129 3417 quoddam
2173 3351 2367 3413 lumen,
2415 3361 2526 3416 quo

1456 3430 1572 3493 ipsa
1596 3444 1651 3479 se
1674 3445 1819 3480 meus
1856 3429 2119 3479 erroribus
2143 3428 2388 3492 vitiisque
2423 3439 2517 3478 ex-

1456 3514 1599 3555 utam
1617 3519 1931 3569 cognoscere
1950 3503 2381 3571 conjunctamque
2398 3516 2517 3556 cum

1455 3582 1625 3630 diviua
1649 3588 1824 3631 mente
1847 3581 2043 3630 sentire
2066 3580 2261 3643 possita
2298 3580 2390 3630 sed
2419 3581 2518 3633 boo

1454 3659 1649 3708 lumine
1680 3656 1781 3706 frui
1806 3659 1991 3707 nolunt
2012 3657 2067 3720 ii,
2097 3658 2184 3722 qui
2220 3656 2328 3707 suis
2366 3657 2516 3709 obse·

1455 3742 1685 3800 quantur
1708 3735 2200 3799 perturbationibus.

1462 3845 1469 3848 -
1519 3818 1544 3843 ⁰
1564 3811 1620 3859 In
1636 3815 1857 3861 exter-uas
1870 3811 1943 3860 ire
1960 3811 2196 3874 tenebras]
2214 3811 2362 3861 Licet
2376 3826 2517 3877 qua!-

1451 3886 1572 3935 dam
1606 3888 1768 3937 menti
1798 3894 1990 3937 nostrae
2029 3887 2188 3937 insita
2222 3888 2303 3938 vel
2342 3889 2518 3951 potius

1451 3963 1629 4013 innata
1652 3964 1723 4014 sit
1745 3964 1990 4029 cognitio,
2011 3964 2151 4028 quod
2176 3970 2347 4015 tannen
2371 3981 2516 4018 mens

1452 4039 1636 4088 eadem
1660 4038 1809 4089 finita
1831 4040 1901 4090 sit
1925 4041 2133 4105 suisque
2168 4043 2516 4104 perturbatio-

1453 4114 1605 4163 nibus
1618 4115 1866 4178 obnoxia‚
1890 4124 2170 4180 propterea
2184 4117 2377 4181 duplici
2393 4118 2514 4169 sub-

1441 4190 1590 4255 jacet
1628 4191 1958 4242 tenebrarum
1992 4191 2192 4256 generi,
2223 4191 2514 4243 domestico

1449 4264 1696 4332 videlicet
1715 4272 1772 4318 et
1790 4272 2028 4318 externo.
2089 4266 2516 4319 Domestica-te·
