3049 4928
522 412 654 479 206

523 573 823 649 adversa,
848 570 1147 656 depellit.
1233 571 1451 656 Atqui
1480 590 1607 638 nec
1636 590 1810 658 opes
1829 582 1857 610 ²¹
1888 575 2304 659 inexpletam
2335 575 2730 660 restinguere

520 676 876 742 avaritiam
898 681 1192 759 queunt:
1234 693 1360 741 nec
1386 683 1698 759 potestas
1727 678 1831 754 sui
1854 681 2237 762 compotem
2265 678 2503 744 fecerit
2531 699 2733 763 quem

521 779 787 845 vitiosae
811 777 1132 844 libidines
1179 777 1657 843 insolubilibus
1707 781 2060 845 astrictum
2109 781 2399 849 retinent
2450 783 2737 848 catenis.

521 880 611 947 Et
637 882 890 947 collata
932 881 1262 966 improbis
1288 880 1605 965 dignitas»,
1655 901 1793 946 non
1841 883 2044 947 modo
2072 903 2205 948 non
2232 882 2440 949 efficit
2470 884 2733 968 dignoS,

517 984 642 1049 sed
670 982 897 1068 prodit
923 984 1176 1067 potine,
1205 991 1275 1048 et
1296 989 1595 1050 ostentat
1614 984 1945 1068 indignos.
1990 984 2133 1052 Cur
2153 986 2252 1051 ita
2280 988 2601 1070 provenit
2617 986 2728 1051 'ts'

523 1086 856 1152 Gaudetis
904 1086 1081 1151 enim
1126 1104 1276 1151 sese
1314 1104 1420 1151 res
1464 1086 1658 1152 aliter
1691 1086 2023 1154 habentes
2074 1088 2272 1155 falsis
2318 1089 2736 1173 compellare

520 1188 993 1266 nominibus‚¹4
1036 1206 1192 1272 quae
1223 1187 1427 1254 facile
1471 1187 1773 1273 ipsarum
1823 1207 2047 1256 rerum
2091 1187 2582 1274 redarguuntur-
2634 1191 2734 1255 ef·

520 1289 748 1357 fectu:
791 1290 1021 1375 itaque
1050 1311 1181 1357 nec
1207 1290 1349 1357 illae
1378 1290 1696 1371 divitiaey
1735 1310 1863 1358 nec
1894 1291 2017 1359 illa
2066 1294 2409 1377 potentia,
2427 1312 2552 1360 nec
2584 1292 2736 1382 baec

522 1392 816 1476 dignitas
855 1392 1010 1478 jure
1058 1393 1396 1480 appellari
1445 1401 1695 1479 potest.
1812 1395 2162 1461 Postremo
2219 1396 2405 1462 idern
2453 1395 2543 1461 de
2593 1401 2738 1462 tota

442 1569 449 1574 ,
519 1495 783 1562 fortuna
809 1497 1206 1566 concludere
1226 1503 1280 1548 ¹5
1324 1498 1507 1576 licet,
1556 1500 1626 1565 in
1651 1518 1792 1583 qua
1835 1499 2001 1565 nihil
2043 1497 2526 1584 expetendum,
2570 1498 2736 1565 nihil

518 1600 773 1665 nativae
791 1611 819 1651 ε
879 1602 1214 1667 bonitatis
1237 1611 1265 1639 ⁸
1332 1602 1563 1669 inesse
1608 1602 2039 1671 manifestum
2068 1611 2210 1672 est:
2277 1626 2435 1690 quae
2483 1623 2609 1668 nec
2656 1621 2730 1668 se

517 1702 718 1769 bonis
771 1723 1033 1789 semper
1087 1705 1433 1790 adjungit3
1473 1714 1549 1773 et
1601 1708 1816 1774 bonos
1855 1708 2103 1793 quibus
2159 1709 2360 1774 fuerit
2403 1707 2729 1793 adjuncta

522 1823 658 1871 non
684 1806 914 1873 efficit.

1226 425 1536 477 Bon‘rfln
1587 428 1633 476 D
1645 428 1685 476 Β
1732 428 2042 481 CONSUL.

522 2041 529 2046 ,
575 1986 610 2031 s
640 1988 741 2039 Cur
756 2004 833 2041 res
846 1990 923 2041 ite
934 2004 986 2042 ee
1006 1987 1180 2042 habet?
1323 1999 1361 2045 ε,
1385 1991 1632 2058 Proprie.

1444 2135 1813 2159 OMOOO‘OOO

521 2232 737 2297 rectius,
755 2240 1005 2285 censente
1024 2236 1338 2293 δίψη-14
1373 2238 1476 2291 Ms.
1511 2238 1767 2291 Rittersh.
1803 2240 2041 2305 appellare
2078 2238 2492 2291 nominibus.-15
2533 2238 2730 2290 Conclun

520 2300 632 2348 dere
649 2300 855 2361 fortuna
877 2302 1074 2366 Delpli.
1098 2302 1272 2353 Hack.

1451 2476 1459 2482 ,
1531 2416 1749 2470 No'rAE

518 2537 688 2591 facit:
751 2538 917 2608 Atqui
963 2559 1067 2596 non
1107 2547 1272 2598 solum
1315 2546 1590 2610 Potentia,
1671 2547 1902 2598 retinent
1924 2546 2163 2611 catenis,’
2192 2546 2282 2596 sui
2314 2550 2608 2610 compotem
2627 2543 2736 2594 'non

519 2616 588 2666 de
606 2631 710 2682 qua
733 2632 869 2670 nunc
892 2622 1083 2686 agitur,
1118 2625 1211 2674 sed
1249 2625 1408 2675 etiam
1431 2640 1588 2675 cunc·
1668 2620 1813 2673 facit.
1893 2624 2015 2674 Non
2038 2623 2266 2688 denique
2286 2622 2512 2686 dignitas
2530 2622 2738 2685 dignum

522 2701 577 2742 tn
612 2692 840 2746 fortunae
885 2712 1118 2764 munera,
1169 2701 1449 2753 habentem
1482 2715 1589 2752 non
1666 2699 1831 2751 facit:
1880 2700 2134 2767 siquidem
2175 2701 2193 2729 ‘
2220 2699 2448 2764 dignitas
2488 2698 2734 2763 improbis

470 2825 484 2832 ,
516 2769 718 2823 faciunt
740 2773 951 2840 bonnm,
974 2792 1071 2829 nec
1094 2778 1161 2830 ab
1185 2795 1249 2830 eo
1267 2780 1588 2831 contrarium
1667 2778 1881 2841 collata,
1922 2792 2024 2828 non
2047 2775 2202 2828 modo
2224 2791 2325 2826 non
2348 2774 2512 2827 efficit
2536 2774 2741 2839 dignos,

518 2848 712 2900 mulum
746 2848 964 2916 fugant:
999 2855 1016 2884 ‘
1039 2870 1158 2906 cum
1190 2858 1444 2922 pessimos
1480 2857 1591 2921 ple·
1671 2855 1764 2906 sed
1790 2855 1964 2920 prodit
1998 2854 2193 2920 potius,
2230 2860 2286 2905 et
2314 2852 2739 2916 ostentatindig-

521 2939 740 2994 rumque
783 2929 1122 2995 dignitatibus
1173 2933 1324 2999 fungi
1379 2935 1592 2985 dubium
1673 2930 1806 2983 nos!
1854 2932 2101 2984 Juvenal.
2158 2931 2271 2982 Sat.
2326 2943 2455 2980 vm.
2502 2942 2576 2981 vs.
2627 2932 2742 2979 1⁴0.

520 3014 624 3052 non
649 3004 720 3054 sit
739 3005 775 3066 3'
798 3013 854 3057 et
876 3014 892 3037 ‘
913 3016 1106 3060 cuncta
1124 3009 1352 3063 fortunae
1375 3024 1594 3062 munero.
1663 3009 1687 3038 ⁴
1701 3010 1878 3060 Omne
1902 3008 2058 3059 animi
2097 3008 2283 3058 vitium
2320 3013 2469 3057 tanto
2492 3018 2744 3070 conspec-

519 3078 1041 3146 adirnprobissimum
1065 3102 1325 3153 quemque
1346 3087 1593 3139 uberiora
1663 3085 1774 3136 'tius
1797 3083 1851 3134 in
1884 3099 1942 3134 se
1974 3083 2188 3134 Crimen
2209 3082 2387 3145 habet,
2408 3087 2612 3148 quanto
2634 3095 2741 3131 ma-

517 3159 868 3220 proveniant.’
1479 3179 1483 3183 ·
1663 3162 1768 3226 jor,
1789 3162 1879 3226 qui
1899 3167 2111 3225 peccat,
2132 3157 2389 3210 habetur!

585 3241 608 3265 ¹·
651 3235 802 3300 Atqui
841 3254 926 3289 nec
967 3255 1093 3305 opes,
1135 3240 1247 3308 ξω]
1287 3242 1590 3296 Quinetiam

520 3308 775 3372 praedicta
808 3312 1035 3368 fortunae
1063 3313 1203 3370 bona
1226 3321 1505 3387 nequidem
1530 3320 1591 3371 il-

516 3385 631 3451 lud,
650 3388 801 3453 cujus
823 3393 1051 3456 speciem
1075 3410 1366 3464 nomenque
1402 3398 1454 3448 in
1475 3399 1593 3463 'prl-

518 3462 618 3512 mis
647 3473 854 3532 gerunt,
875 3479 1126 3533 praestare
1155 3474 1432 3526 videntur:
1469 3490 1589 3526 cum

518 3550 689 3601 neque
710 3542 914 3596 divitiae
948 3547 1191 3612 divitem,
1221 3565 1392 3619 neque
1416 3558 1592 3616 potes·

520 3617 603 3660 tas
624 3618 912 3680 potentem,
930 3636 1103 3686 neque
1132 3624 1358 3689 dignitas
1375 3625 1587 3691 dignum

517 3685 702 3740 faciet.
771 3691 893 3740 Non
916 3694 1124 3757 quidem
1155 3700 1354 3752 divitiae
1386 3700 1589 3754 faciunt

521 3763 772 3816 divitemt
809 3768 933 3833 quia
976 3771 1056 3821 hae
1110 3773 1464 3840 ‘inexpletam
1508 3795 1591 3830 re-

520 3838 785 3904 stinguere
802 3845 1076 3897 avaritiam
1090 3859 1360 3915 nequeunt
1376 3852 1414 3905 τ’
1439 3855 1593 3920 quip-

520 3929 593 3980 pe
614 3929 732 3982 qnae
751 3920 971 3972 avaritia
1005 3928 1361 3980 crescentibus
1391 3929 1591 3982 divitiis

516 3993 749 4045 crescit:
783 3995 857 4046 ita
889 4004 949 4049 nt
984 4003 1135 4068 copia
1172 4002 1334 4056 faciat
1367 4006 1592 4071 inopem.

521 4069 644 4120 Non
668 4071 826 4123 etiam
850 4081 1083 4139 potestas
1122 4086 1394 4144 potentem
1428 4082 1592 4135 faciit

517 4145 763 4209 quoniam
803 4149 916 4200 haec
961 4164 1080 4202 enm
1124 4168 1278 4219 quem
1322 4162 1595 4220 potentem

522 4220 724 4287 dicunt,
741 4229 930 4290 utpote
951 4227 968 4255 ‘
984 4242 1137 4292 quem
1152 4229 1170 4250 '
1191 4232 1382 4297 saepius
1404 4233 1421 4262 ‘
1441 4234 1595 4286 vitio·

522 4310 597 4347 ιω
634 4297 880 4352 libidines
917 4301 1278 4356 insolubilibus
1318 4309 1593 4361 astrictum

1734 3246 1760 3273 ⁷
1786 3240 1887 3289 Cur
1902 3239 1977 3288 ita
1994 3235 2237 3302 provenit]
2279 3248 2362 3285 xv.
2404 3231 2743 3296 Philosophia

1670 3330 1739 3367 ex
1777 3314 1938 3365 dictis
1982 3312 2268 3376 concludit,
2317 3308 2577 3374 praedicts
2609 3309 2744 3357 male

1674 3408 1793 3444 cum
1840 3385 2117 3457 peculiari,
2152 3396 2266 3440 tum
2306 3389 2466 3440 etiam
2510 3387 2748 3452 generali

1665 3472 1877 3525 nomine
1900 3471 1967 3521 ab
2001 3469 2295 3520 hominibus
2333 3465 2548 3517 donari:
2585 3466 2603 3494 ⁶
2622 3480 2747 3529 gau·

1673 3547 1845 3611 detis‚'
1880 3546 2068 3612 inquit,
2105 3561 2136 3597 o
2172 3544 2426 3607 bomineS,
2463 3544 2589 3594 “res
2629 3555 2747 3593 sese

1674 3627 1829 3677 aliter
1852 3625 2104 3675 habentes
2150 3622 2295 3674 falsis
2317 3621 2632 3686 compellare
2652 3633 2746 3668 no-

1668 3701 1915 3764 minibus,
1950 3715 2067 3765 quae
2103 3697 2261 3749 facile
2304 3698 2536 3763 ipsarum
2570 3709 2745 3746 rerum

1669 3778 2060 3840 redarguuntur
2080 3774 2308 3827 effectm¹
2535 3814 2540 3817 -

1735 3859 1770 3886 ¹¹
1806 3853 1909 3902 Nec
1948 3851 2052 3902 511ae
2098 3850 2305 3915 divitiae,
2355 3850 2464 3914 ξω]
2510 3849 2746 3900 Primum

1672 3928 1811 3980 enirn
1829 3926 2089 3994 praedicta
2109 3929 2243 3978 male
2268 3927 2523 3991 peculiari
2539 3940 2633 3976 suo
2653 3939 2746 3974 no-

1675 4004 1814 4054 mine
1837 4004 2132 4055 donantur:
2172 4002 2595 4070 quandoquidem
2624 4013 2744 4067 quoe

1677 4086 1933 4131 vocantur
1970 4079 2188 4141 divitiae,
2226 4079 2482 4145 potentia,
2500 4090 2555 4130 et
2577 4076 2746 4143 digni-

1676 4165 1777 4221 tas,
1811 4159 2089 4210 contrariis
2125 4160 2299 4224 potius
2335 4157 2651 4225 nominibu8‚
2682 4161 2744 4206 ut

1675 4232 1872 4284 dictum
1891 4241 1993 4299 est,
2007 4234 2178 4285 notari
2196 4233 2469 4284 deberent.

1738 4317 1766 4345 ¹¹
1789 4310 1934 4362 Nihil
1952 4314 2284 4377 expetendum,
2304 4311 2430 4362 nituit
2461 4308 2740 4362 natine&-
