<?xml version="1.0" encoding="UTF-8"?>
<!DOCTYPE html PUBLIC "-//W3C//DTD XHTML 1.0 Transitional//EN"
    "http://www.w3.org/TR/xhtml1/DTD/xhtml1-transitional.dtd">
<html xmlns="http://www.w3.org/1999/xhtml" xml:lang="en" lang="en">
 <head>
  <title>
</title>
<meta http-equiv="Content-Type" content="text/html;charset=utf-8" />
  <meta name='ocr-system' content='tesseract 3.04.00' />
  <meta name='ocr-capabilities' content='ocr_page ocr_carea ocr_par ocr_line ocrx_word'/>
</head>
<body>
  <div class='ocr_page' id='page_1' title='image "./deconsolationep00boetgoog_0171.png"; bbox 0 0 3049 4928; ppageno 0'>
   <div class='ocr_carea' id='block_1_1' title="bbox 951 446 2515 526">
    <p class='ocr_par' dir='ltr' id='par_1_1' title="bbox 951 446 2515 526">
     <span class='ocr_line' id='line_1_1' title="bbox 951 446 2515 526; baseline 0.001 -4"><span class='ocrx_word' id='word_1_1' title='bbox 951 469 1470 522; x_wconf 66' lang='lat' dir='ltr'><strong>PnrnosoemAE</strong></span> <span class='ocrx_word' id='word_1_2' title='bbox 1519 470 1666 519; x_wconf 73' lang='lat' dir='ltr'><strong>Lm.</strong></span> <span class='ocrx_word' id='word_1_3' title='bbox 1715 446 1813 519; x_wconf 56' lang='grc' dir='ltr'><strong>ιι]</strong></span> <span class='ocrx_word' id='word_1_4' title='bbox 2329 456 2456 522; x_wconf 83' lang='grc'><strong>161</strong></span> <span class='ocrx_word' id='word_1_5' title='bbox 2510 523 2515 526; x_wconf 18' lang='grc' dir='ltr'><strong>Α</strong></span> 
     </span>
    </p>
   </div>
   <div class='ocr_carea' id='block_1_2' title="bbox 235 615 2467 1940">
    <p class='ocr_par' dir='ltr' id='par_1_2' title="bbox 235 615 2467 1940">
     <span class='ocr_line' id='line_1_2' title="bbox 282 615 2455 712; baseline -0.002 -21"><span class='ocrx_word' id='word_1_6' title='bbox 282 624 377 691; x_wconf 88' lang='lat' dir='ltr'><strong>An</strong></span> <span class='ocrx_word' id='word_1_7' title='bbox 402 630 468 690; x_wconf 88' lang='lat' dir='ltr'><strong>tu</strong></span> <span class='ocrx_word' id='word_1_8' title='bbox 507 639 727 688; x_wconf 87' lang='lat' dir='ltr'><strong>mores</strong></span> <span class='ocrx_word' id='word_1_9' title='bbox 762 622 1116 705; x_wconf 80' lang='lat' dir='ltr'>ignorabas</span> <span class='ocrx_word' id='word_1_10' title='bbox 1148 623 1384 686; x_wconf 69' lang='lat' dir='ltr'><strong>meos?</strong></span> <span class='ocrx_word' id='word_1_11' title='bbox 1406 621 1430 658; x_wconf 58' lang='lat' dir='ltr'><em>k</em></span> <span class='ocrx_word' id='word_1_12' title='bbox 1477 620 1878 712; x_wconf 81' lang='lat' dir='ltr'><strong>NesciebaS,</strong></span> <span class='ocrx_word' id='word_1_13' title='bbox 1909 615 2219 694; x_wconf 82' lang='lat' dir='ltr'><strong>Croesum</strong></span> <span class='ocrx_word' id='word_1_14' title='bbox 2243 628 2269 656; x_wconf 82' lang='lat'><strong>¹¹</strong></span> <span class='ocrx_word' id='word_1_15' title='bbox 2315 620 2455 686; x_wconf 90' lang='lat' dir='ltr'><strong>Re-</strong></span> 
     </span>
     <span class='ocr_line' id='line_1_3' title="bbox 281 721 2454 811; baseline -0.002 -18"><span class='ocrx_word' id='word_1_16' title='bbox 281 749 412 811; x_wconf 85' lang='lat' dir='ltr'><strong>gem</strong></span> <span class='ocrx_word' id='word_1_17' title='bbox 452 726 787 811; x_wconf 84' lang='lat' dir='ltr'>Lydorum</span> <span class='ocrx_word' id='word_1_18' title='bbox 818 724 996 808; x_wconf 86' lang='lat' dir='ltr'><strong>Cyro</strong></span> <span class='ocrx_word' id='word_1_19' title='bbox 1026 725 1231 808; x_wconf 88' lang='lat' dir='ltr'><strong>paulo</strong></span> <span class='ocrx_word' id='word_1_20' title='bbox 1262 730 1417 787; x_wconf 89' lang='lat' dir='ltr'><strong>ante</strong></span> <span class='ocrx_word' id='word_1_21' title='bbox 1463 721 1974 801; x_wconf 84' lang='lat' dir='ltr'><strong>formidabilem,</strong></span> <span class='ocrx_word' id='word_1_22' title='bbox 2024 741 2189 787; x_wconf 86' lang='lat' dir='ltr'><strong>mox</strong></span> <span class='ocrx_word' id='word_1_23' title='bbox 2217 722 2454 788; x_wconf 91' lang='lat' dir='ltr'><strong>deinde</strong></span> 
     </span>
     <span class='ocr_line' id='line_1_4' title="bbox 277 825 2456 921; baseline -0.002 -25"><span class='ocrx_word' id='word_1_24' title='bbox 277 830 703 921; x_wconf 85' lang='lat' dir='ltr'><strong>miserandum</strong></span> <span class='ocrx_word' id='word_1_25' title='bbox 749 828 891 912; x_wconf 87' lang='lat' dir='ltr'><strong>rogi</strong></span> <span class='ocrx_word' id='word_1_26' title='bbox 939 827 1226 892; x_wconf 89' lang='lat' dir='ltr'><strong>flammis</strong></span> <span class='ocrx_word' id='word_1_27' title='bbox 1278 826 1616 905; x_wconf 86' lang='lat' dir='ltr'><strong>traditum,</strong></span> <span class='ocrx_word' id='word_1_28' title='bbox 1673 825 1882 890; x_wconf 91' lang='lat' dir='ltr'><strong>misso</strong></span> <span class='ocrx_word' id='word_1_29' title='bbox 1930 826 2198 891; x_wconf 83' lang='lat' dir='ltr'><strong>coelitus</strong></span> <span class='ocrx_word' id='word_1_30' title='bbox 2246 825 2456 892; x_wconf 83' lang='lat' dir='ltr'><strong>imbre</strong></span> 
     </span>
     <span class='ocr_line' id='line_1_5' title="bbox 276 928 2454 1015; baseline -0.001 -17"><span class='ocrx_word' id='word_1_31' title='bbox 276 933 606 999; x_wconf 88' lang='lat' dir='ltr'><strong>defensum</strong></span> <span class='ocrx_word' id='word_1_32' title='bbox 628 936 658 997; x_wconf 78' lang='lat' dir='ltr'><strong>‘l</strong></span> <span class='ocrx_word' id='word_1_33' title='bbox 723 931 907 996; x_wconf 90' lang='lat' dir='ltr'><strong>Num</strong></span> <span class='ocrx_word' id='word_1_34' title='bbox 954 932 1395 1015; x_wconf 77' lang='lat' dir='ltr'><strong>te,praeterit‚</strong></span> <span class='ocrx_word' id='word_1_35' title='bbox 1452 930 1770 996; x_wconf 84' lang='lat' dir='ltr'><strong>Paullum</strong></span> <span class='ocrx_word' id='word_1_36' title='bbox 1802 929 1995 994; x_wconf 90' lang='lat' dir='ltr'><strong>Persi</strong></span> <span class='ocrx_word' id='word_1_37' title='bbox 2017 928 2067 969; x_wconf 87' lang='lat'><strong>¹⁶</strong></span> <span class='ocrx_word' id='word_1_38' title='bbox 2114 929 2366 1013; x_wconf 85' lang='lat' dir='ltr'><strong>Regis⁰</strong></span> <span class='ocrx_word' id='word_1_39' title='bbox 2410 952 2454 996; x_wconf 92' lang='lat' dir='ltr'><strong>a</strong></span> 
     </span>
     <span class='ocr_line' id='line_1_6' title="bbox 235 1031 2467 1119; baseline -0.002 -18"><span class='ocrx_word' id='word_1_40' title='bbox 235 1041 240 1048; x_wconf 78' lang='grc'><strong>’</strong></span> <span class='ocrx_word' id='word_1_41' title='bbox 274 1056 340 1100; x_wconf 91' lang='lat' dir='ltr'><strong>se</strong></span> <span class='ocrx_word' id='word_1_42' title='bbox 368 1037 544 1119; x_wconf 85' lang='lat' dir='ltr'><strong>capti</strong></span> <span class='ocrx_word' id='word_1_43' title='bbox 582 1034 1077 1100; x_wconf 84' lang='lat' dir='ltr'><strong>calamitatibus</strong></span> <span class='ocrx_word' id='word_1_44' title='bbox 1122 1031 1276 1117; x_wconf 87' lang='lat' dir='ltr'><strong>pias</strong></span> <span class='ocrx_word' id='word_1_45' title='bbox 1328 1032 1747 1116; x_wconf 79' lang='lat' dir='ltr'><strong>impendisse</strong></span> <span class='ocrx_word' id='word_1_46' title='bbox 1790 1031 2216 1114; x_wconf 74' lang='lat' dir='ltr'><strong>lacrymas‘l‘</strong></span> <span class='ocrx_word' id='word_1_47' title='bbox 2260 1031 2467 1113; x_wconf 84' lang='lat' dir='ltr'><strong>Quid·</strong></span> 
     </span>
     <span class='ocr_line' id='line_1_7' title="bbox 271 1128 2467 1222; baseline -0.001 -19"><span class='ocrx_word' id='word_1_48' title='bbox 271 1137 726 1222; x_wconf 88' lang='lat' dir='ltr'><strong>tragoediarum</strong></span> <span class='ocrx_word' id='word_1_49' title='bbox 788 1133 1090 1203; x_wconf 72' lang='lat' dir='ltr'><strong>clamor-P</strong></span> <span class='ocrx_word' id='word_1_50' title='bbox 1178 1135 1362 1200; x_wconf 88' lang='lat' dir='ltr'><strong>aliud</strong></span> <span class='ocrx_word' id='word_1_51' title='bbox 1423 1128 1645 1214; x_wconf 88' lang='lat' dir='ltr'><strong>deflet,</strong></span> <span class='ocrx_word' id='word_1_52' title='bbox 1696 1135 1830 1199; x_wconf 90' lang='lat' dir='ltr'><strong>nisi</strong></span> <span class='ocrx_word' id='word_1_53' title='bbox 1884 1133 2244 1199; x_wconf 88' lang='lat' dir='ltr'><strong>indiscreto</strong></span> <span class='ocrx_word' id='word_1_54' title='bbox 2305 1136 2467 1214; x_wconf 17' lang='lat' dir='ltr'><strong>ictu&gt;</strong></span> 
     </span>
     <span class='ocr_line' id='line_1_8' title="bbox 269 1235 2449 1321; baseline 0.001 -17"><span class='ocrx_word' id='word_1_55' title='bbox 269 1242 580 1306; x_wconf 79' lang='lat' dir='ltr'><strong>fortunam</strong></span> <span class='ocrx_word' id='word_1_56' title='bbox 627 1235 856 1305; x_wconf 84' lang='lat' dir='ltr'><strong>felicia</strong></span> <span class='ocrx_word' id='word_1_57' title='bbox 893 1260 1090 1321; x_wconf 81' lang='lat' dir='ltr'><strong>regna</strong></span> <span class='ocrx_word' id='word_1_58' title='bbox 1140 1240 1542 1304; x_wconf 69' lang='lat' dir='ltr'><strong>vertentem?</strong></span> <span class='ocrx_word' id='word_1_59' title='bbox 1606 1238 1851 1303; x_wconf 89' lang='lat' dir='ltr'><strong>Nonne</strong></span> <span class='ocrx_word' id='word_1_60' title='bbox 1908 1235 2449 1306; x_wconf 87' lang='lat' dir='ltr'><strong>adolescentulus</strong></span> 
     </span>
     <span class='ocr_line' id='line_1_9' title="bbox 270 1336 2453 1427; baseline 0 -23"><span class='ocrx_word' id='word_1_61' title='bbox 270 1341 347 1405; x_wconf 78' lang='grc' dir='ltr'><strong>δύο</strong></span> <span class='ocrx_word' id='word_1_62' title='bbox 373 1341 493 1417; x_wconf 82' lang='grc' dir='ltr'><em>τοὺς</em></span> <span class='ocrx_word' id='word_1_63' title='bbox 520 1339 759 1420; x_wconf 57' lang='lat' dir='ltr'><strong>wfoougfl</strong></span> <span class='ocrx_word' id='word_1_64' title='bbox 797 1343 890 1405; x_wconf 77' lang='grc' dir='ltr'><strong>τὸν</strong></span> <span class='ocrx_word' id='word_1_65' title='bbox 916 1342 1019 1423; x_wconf 82' lang='grc' dir='ltr'><strong>μὲν</strong></span> <span class='ocrx_word' id='word_1_66' title='bbox 1042 1338 1137 1404; x_wconf 78' lang='grc' dir='ltr'><strong>ἕνα</strong></span> <span class='ocrx_word' id='word_1_67' title='bbox 1166 1342 1377 1417; x_wconf 80' lang='grc' dir='ltr'>κακῶν,</span> <span class='ocrx_word' id='word_1_68' title='bbox 1404 1340 1500 1403; x_wconf 80' lang='grc' dir='ltr'><strong>τὸν</strong></span> <span class='ocrx_word' id='word_1_69' title='bbox 1530 1341 1585 1403; x_wconf 78' lang='grc' dir='ltr'><strong>δὲ</strong></span> <span class='ocrx_word' id='word_1_70' title='bbox 1619 1336 1798 1427; x_wconf 60' lang='grc' dir='ltr'><strong><em>ἕτερον</em></strong></span> <span class='ocrx_word' id='word_1_71' title='bbox 1840 1345 2094 1417; x_wconf 76' lang='grc' dir='ltr'>καλῶν,”·</span> <span class='ocrx_word' id='word_1_72' title='bbox 2138 1341 2208 1403; x_wconf 88' lang='lat' dir='ltr'><strong>in</strong></span> <span class='ocrx_word' id='word_1_73' title='bbox 2255 1339 2301 1404; x_wconf 83' lang='lat' dir='ltr'><strong>J</strong></span> <span class='ocrx_word' id='word_1_74' title='bbox 2306 1342 2453 1404; x_wconf 86' lang='lat' dir='ltr'><strong>ovis</strong></span> 
     </span>
     <span class='ocr_line' id='line_1_10' title="bbox 269 1433 2447 1534; baseline -0 -26"><span class='ocrx_word' id='word_1_75' title='bbox 269 1443 470 1510; x_wconf 88' lang='lat' dir='ltr'><strong>limine</strong></span> <span class='ocrx_word' id='word_1_76' title='bbox 488 1447 720 1534; x_wconf 88' lang='lat' dir='ltr'><strong>jacere</strong></span> <span class='ocrx_word' id='word_1_77' title='bbox 751 1445 1093 1511; x_wconf 77' lang='lat' dir='ltr'><strong>didicisti‘l</strong></span> <span class='ocrx_word' id='word_1_78' title='bbox 1159 1443 1344 1526; x_wconf 84' lang='lat' dir='ltr'><strong>Quid</strong></span> <span class='ocrx_word' id='word_1_79' title='bbox 1376 1444 1434 1509; x_wconf 91' lang='lat' dir='ltr'><strong>si</strong></span> <span class='ocrx_word' id='word_1_80' title='bbox 1466 1444 1743 1509; x_wconf 91' lang='lat' dir='ltr'><strong>uberius</strong></span> <span class='ocrx_word' id='word_1_81' title='bbox 1773 1443 1854 1507; x_wconf 92' lang='lat' dir='ltr'><strong>de</strong></span> <span class='ocrx_word' id='word_1_82' title='bbox 1898 1433 2223 1508; x_wconf 78' lang='lat' dir='ltr'><strong>bonorum</strong></span> <span class='ocrx_word' id='word_1_83' title='bbox 2254 1452 2447 1526; x_wconf 88' lang='lat' dir='ltr'><strong>parte</strong></span> 
     </span>
     <span class='ocr_line' id='line_1_11' title="bbox 270 1544 2452 1630; baseline -0.001 -18"><span class='ocrx_word' id='word_1_84' title='bbox 270 1549 596 1613; x_wconf 63' lang='lat' dir='ltr'><strong>sumsisti?</strong></span> <span class='ocrx_word' id='word_1_85' title='bbox 646 1546 812 1630; x_wconf 87' lang='lat' dir='ltr'><strong>quid</strong></span> <span class='ocrx_word' id='word_1_86' title='bbox 844 1547 902 1610; x_wconf 89' lang='lat' dir='ltr'><strong>si</strong></span> <span class='ocrx_word' id='word_1_87' title='bbox 934 1567 976 1611; x_wconf 90' lang='lat' dir='ltr'><strong>a</strong></span> <span class='ocrx_word' id='word_1_88' title='bbox 1004 1555 1072 1612; x_wconf 89' lang='lat' dir='ltr'><strong>te</strong></span> <span class='ocrx_word' id='word_1_89' title='bbox 1103 1567 1238 1613; x_wconf 87' lang='lat' dir='ltr'><strong>non</strong></span> <span class='ocrx_word' id='word_1_90' title='bbox 1269 1552 1415 1612; x_wconf 90' lang='lat' dir='ltr'><strong>tota</strong></span> <span class='ocrx_word' id='word_1_91' title='bbox 1452 1546 1789 1611; x_wconf 71' lang='lat' dir='ltr'><strong>discessi?</strong></span> <span class='ocrx_word' id='word_1_92' title='bbox 1837 1545 1997 1630; x_wconf 92' lang='lat' dir='ltr'><strong>quid</strong></span> <span class='ocrx_word' id='word_1_93' title='bbox 2028 1546 2085 1609; x_wconf 83' lang='lat' dir='ltr'><strong>si</strong></span> <span class='ocrx_word' id='word_1_94' title='bbox 2116 1544 2265 1610; x_wconf 78' lang='lat' dir='ltr'><strong>haec</strong></span> <span class='ocrx_word' id='word_1_95' title='bbox 2296 1547 2452 1628; x_wconf 86' lang='lat' dir='ltr'><strong>ipsa</strong></span> 
     </span>
     <span class='ocr_line' id='line_1_12' title="bbox 264 1637 2447 1735; baseline -0.002 -21"><span class='ocrx_word' id='word_1_96' title='bbox 264 1637 382 1714; x_wconf 78' lang='lat' dir='ltr'><strong>mei</strong></span> <span class='ocrx_word' id='word_1_97' title='bbox 425 1650 839 1714; x_wconf 87' lang='lat' dir='ltr'><strong>mutabilitas</strong></span> <span class='ocrx_word' id='word_1_98' title='bbox 884 1648 1079 1733; x_wconf 88' lang='lat' dir='ltr'><strong>justa</strong></span> <span class='ocrx_word' id='word_1_99' title='bbox 1124 1651 1247 1714; x_wconf 92' lang='lat' dir='ltr'><strong>tibi</strong></span> <span class='ocrx_word' id='word_1_100' title='bbox 1301 1668 1512 1715; x_wconf 89' lang='lat' dir='ltr'><strong>causa</strong></span> <span class='ocrx_word' id='word_1_101' title='bbox 1563 1655 1665 1715; x_wconf 91' lang='lat' dir='ltr'><strong>est</strong></span> <span class='ocrx_word' id='word_1_102' title='bbox 1734 1648 2049 1735; x_wconf 85' lang='lat' dir='ltr'><strong>sperandi</strong></span> <span class='ocrx_word' id='word_1_103' title='bbox 2121 1641 2447 1712; x_wconf 64' lang='lat' dir='ltr'><strong>meliora?</strong></span> 
     </span>
     <span class='ocr_line' id='line_1_13' title="bbox 266 1749 2447 1830; baseline -0 -14"><span class='ocrx_word' id='word_1_104' title='bbox 266 1752 549 1817; x_wconf 72' lang='lat' dir='ltr'><strong>&#39;l&#39;amen’⁸</strong></span> <span class='ocrx_word' id='word_1_105' title='bbox 578 1772 661 1816; x_wconf 90' lang='lat' dir='ltr'><strong>ne</strong></span> <span class='ocrx_word' id='word_1_106' title='bbox 692 1752 916 1818; x_wconf 88' lang='lat' dir='ltr'><strong>animo</strong></span> <span class='ocrx_word' id='word_1_107' title='bbox 948 1753 1413 1830; x_wconf 81' lang='lat' dir='ltr'><strong>contabescaS‚</strong></span> <span class='ocrx_word' id='word_1_108' title='bbox 1441 1757 1508 1817; x_wconf 90' lang='lat' dir='ltr'><strong>et</strong></span> <span class='ocrx_word' id='word_1_109' title='bbox 1536 1752 1711 1816; x_wconf 87' lang='lat' dir='ltr'><strong>intra</strong></span> <span class='ocrx_word' id='word_1_110' title='bbox 1741 1770 2092 1815; x_wconf 90' lang='lat' dir='ltr'><strong>commune</strong></span> <span class='ocrx_word' id='word_1_111' title='bbox 2131 1749 2447 1815; x_wconf 85' lang='lat' dir='ltr'><strong>omnibus</strong></span> 
     </span>
     <span class='ocr_line' id='line_1_14' title="bbox 264 1854 1956 1940; baseline -0.001 -21"><span class='ocrx_word' id='word_1_112' title='bbox 264 1873 508 1938; x_wconf 86' lang='lat' dir='ltr'><strong>regnum</strong></span> <span class='ocrx_word' id='word_1_113' title='bbox 538 1855 827 1933; x_wconf 80' lang='lat' dir='ltr'><strong>locatuS,</strong></span> <span class='ocrx_word' id='word_1_114' title='bbox 860 1856 1129 1939; x_wconf 88' lang='lat' dir='ltr'><strong>proprio</strong></span> <span class='ocrx_word' id='word_1_115' title='bbox 1146 1855 1297 1940; x_wconf 86' lang='lat' dir='ltr'><strong>jure</strong></span> <span class='ocrx_word' id='word_1_116' title='bbox 1327 1856 1552 1922; x_wconf 86' lang='lat' dir='ltr'><strong>vivere</strong></span> <span class='ocrx_word' id='word_1_117' title='bbox 1586 1854 1956 1920; x_wconf 88' lang='lat' dir='ltr'><strong>desideres.</strong></span> 
     </span>
    </p>
   </div>
   <div class='ocr_carea' id='block_1_3' title="bbox 317 2049 2445 2118">
    <p class='ocr_par' dir='ltr' id='par_1_3' title="bbox 317 2049 2445 2118">
     <span class='ocr_line' id='line_1_15' title="bbox 317 2049 2445 2118; baseline -0.001 -16"><span class='ocrx_word' id='word_1_118' title='bbox 317 2049 339 2083; x_wconf 52' lang='lat' dir='ltr'><strong><em>h</em></strong></span> <span class='ocrx_word' id='word_1_119' title='bbox 369 2054 523 2103; x_wconf 77' lang='lat' dir='ltr'><strong>Meum</strong></span> <span class='ocrx_word' id='word_1_120' title='bbox 538 2056 732 2105; x_wconf 76' lang='lat' dir='ltr'><strong>ludendi</strong></span> <span class='ocrx_word' id='word_1_121' title='bbox 752 2053 1144 2104; x_wconf 69' lang='lat' dir='ltr'><strong>consuetudinem.</strong></span> <span class='ocrx_word' id='word_1_122' title='bbox 1246 2050 1262 2084; x_wconf 75' lang='lat'><em>⁸</em></span> <span class='ocrx_word' id='word_1_123' title='bbox 1294 2053 1722 2118; x_wconf 68' lang='lat' dir='ltr'><strong>Miserimflevisse</strong></span> <span class='ocrx_word' id='word_1_124' title='bbox 1739 2070 1832 2103; x_wconf 76' lang='lat' dir='ltr'><strong>non</strong></span> <span class='ocrx_word' id='word_1_125' title='bbox 1847 2053 1950 2102; x_wconf 76' lang='lat' dir='ltr'><strong>sine</strong></span> <span class='ocrx_word' id='word_1_126' title='bbox 1968 2054 2168 2118; x_wconf 75' lang='lat' dir='ltr'><strong>pietate.</strong></span> <span class='ocrx_word' id='word_1_127' title='bbox 2265 2060 2302 2085; x_wconf 77' lang='lat'><strong>”⁸</strong></span> <span class='ocrx_word' id='word_1_128' title='bbox 2338 2053 2445 2103; x_wconf 77' lang='lat' dir='ltr'><strong>Duo</strong></span> 
     </span>
    </p>
   </div>
   <div class='ocr_carea' id='block_1_4' title="bbox 262 2116 2154 2316">
    <p class='ocr_par' dir='ltr' id='par_1_4' title="bbox 262 2116 2154 2316">
     <span class='ocr_line' id='line_1_16' title="bbox 262 2116 2154 2184; baseline 0.002 -19"><span class='ocrx_word' id='word_1_129' title='bbox 262 2116 387 2182; x_wconf 75' lang='lat' dir='ltr'><strong>dolia,</strong></span> <span class='ocrx_word' id='word_1_130' title='bbox 400 2135 540 2170; x_wconf 73' lang='lat' dir='ltr'><strong>unam</strong></span> <span class='ocrx_word' id='word_1_131' title='bbox 562 2121 754 2184; x_wconf 74' lang='lat' dir='ltr'><strong>quidem</strong></span> <span class='ocrx_word' id='word_1_132' title='bbox 775 2122 1021 2181; x_wconf 74' lang='lat' dir='ltr'><strong>malorum,</strong></span> <span class='ocrx_word' id='word_1_133' title='bbox 1040 2120 1239 2169; x_wconf 70' lang='lat' dir='ltr'><strong>alteram</strong></span> <span class='ocrx_word' id='word_1_134' title='bbox 1262 2123 1418 2169; x_wconf 72' lang='lat' dir='ltr'><strong>autem</strong></span> <span class='ocrx_word' id='word_1_135' title='bbox 1441 2120 1684 2170; x_wconf 75' lang='lat' dir='ltr'><strong>bonorum.</strong></span> <span class='ocrx_word' id='word_1_136' title='bbox 1750 2129 1777 2152; x_wconf 75' lang='lat'><strong>’²</strong></span> <span class='ocrx_word' id='word_1_137' title='bbox 1813 2118 2052 2183; x_wconf 74' lang='lat' dir='ltr'><strong>Quicquid</strong></span> <span class='ocrx_word' id='word_1_138' title='bbox 2072 2119 2154 2169; x_wconf 78' lang='lat' dir='ltr'><strong>sit.</strong></span> 
     </span>
     <span class='ocr_line' id='line_1_17' title="bbox 1235 2265 1449 2316; baseline 0 -1"><span class='ocrx_word' id='word_1_139' title='bbox 1235 2265 1449 2316; x_wconf 81' lang='lat' dir='ltr'><strong>NOTIE</strong></span> 
     </span>
    </p>
   </div>
   <div class='ocr_carea' id='block_1_5' title="bbox 261 2355 2448 2508">
    <p class='ocr_par' dir='ltr' id='par_1_5' title="bbox 261 2355 2448 2508">
     <span class='ocr_line' id='line_1_18' title="bbox 315 2355 2445 2431; baseline -0 -19"><span class='ocrx_word' id='word_1_140' title='bbox 315 2366 337 2394; x_wconf 76' lang='lat'>⁸</span> <span class='ocrx_word' id='word_1_141' title='bbox 368 2363 637 2426; x_wconf 72' lang='lat' dir='ltr'><strong>Nesciebas,</strong></span> <span class='ocrx_word' id='word_1_142' title='bbox 664 2364 903 2427; x_wconf 80' lang='lat' dir='ltr'><strong>Croesum]</strong></span> <span class='ocrx_word' id='word_1_143' title='bbox 944 2365 1151 2415; x_wconf 85' lang='lat' dir='ltr'><strong>Croesus</strong></span> <span class='ocrx_word' id='word_1_144' title='bbox 1182 2363 1300 2414; x_wconf 88' lang='lat' dir='ltr'><strong>ulti·</strong></span> <span class='ocrx_word' id='word_1_145' title='bbox 1380 2365 1660 2416; x_wconf 80' lang='lat' dir='ltr'><strong>miseratus</strong></span> <span class='ocrx_word' id='word_1_146' title='bbox 1690 2361 1858 2431; x_wconf 81' lang='lat' dir='ltr'><strong>flevit,</strong></span> <span class='ocrx_word' id='word_1_147' title='bbox 1880 2372 1936 2414; x_wconf 86' lang='lat' dir='ltr'><strong>et</strong></span> <span class='ocrx_word' id='word_1_148' title='bbox 1970 2363 2202 2413; x_wconf 85' lang='lat' dir='ltr'><strong>assidere</strong></span> <span class='ocrx_word' id='word_1_149' title='bbox 2225 2355 2321 2412; x_wconf 82' lang='lat' dir='ltr'><strong>sibi</strong></span> <span class='ocrx_word' id='word_1_150' title='bbox 2336 2362 2445 2426; x_wconf 83' lang='lat' dir='ltr'><strong>jus-</strong></span> 
     </span>
     <span class='ocr_line' id='line_1_19' title="bbox 261 2438 2448 2508; baseline 0 -20"><span class='ocrx_word' id='word_1_151' title='bbox 261 2451 355 2488; x_wconf 89' lang='lat' dir='ltr'><strong>mus</strong></span> <span class='ocrx_word' id='word_1_152' title='bbox 380 2441 488 2492; x_wconf 86' lang='lat' dir='ltr'><strong>Rex</strong></span> <span class='ocrx_word' id='word_1_153' title='bbox 513 2441 717 2508; x_wconf 69' lang='lat' dir='ltr'><strong>Lydiae,</strong></span> <span class='ocrx_word' id='word_1_154' title='bbox 750 2442 1054 2505; x_wconf 84' lang='lat' dir='ltr'><strong>ditissimus,</strong></span> <span class='ocrx_word' id='word_1_155' title='bbox 1092 2456 1122 2491; x_wconf 89' lang='lat' dir='ltr'><strong>a</strong></span> <span class='ocrx_word' id='word_1_156' title='bbox 1158 2441 1298 2504; x_wconf 89' lang='lat' dir='ltr'><strong>Cyro</strong></span> <span class='ocrx_word' id='word_1_157' title='bbox 1381 2443 1464 2494; x_wconf 86' lang='lat' dir='ltr'><strong>sit.</strong></span> <span class='ocrx_word' id='word_1_158' title='bbox 1532 2443 1842 2494; x_wconf 73' lang='lat' dir='ltr'><strong>Plutarchus</strong></span> <span class='ocrx_word' id='word_1_159' title='bbox 1865 2444 1915 2492; x_wconf 92' lang='lat' dir='ltr'><strong>in</strong></span> <span class='ocrx_word' id='word_1_160' title='bbox 1937 2440 2044 2492; x_wconf 86' lang='lat' dir='ltr'><strong>vita</strong></span> <span class='ocrx_word' id='word_1_161' title='bbox 2066 2438 2257 2491; x_wconf 85' lang='lat' dir='ltr'><strong>AEmilii</strong></span> <span class='ocrx_word' id='word_1_162' title='bbox 2282 2438 2448 2500; x_wconf 80' lang='lat' dir='ltr'><strong>addit,</strong></span> 
     </span>
    </p>
   </div>
   <div class='ocr_carea' id='block_1_6' title="bbox 255 2514 1299 4421">
    <p class='ocr_par' dir='ltr' id='par_1_6' title="bbox 255 2514 1299 3886">
     <span class='ocr_line' id='line_1_20' title="bbox 260 2514 1298 2583; baseline 0.004 -20"><span class='ocrx_word' id='word_1_163' title='bbox 260 2514 382 2579; x_wconf 82' lang='lat' dir='ltr'><strong>Rege</strong></span> <span class='ocrx_word' id='word_1_164' title='bbox 403 2519 680 2569; x_wconf 78' lang='lat' dir='ltr'><strong>Persarum</strong></span> <span class='ocrx_word' id='word_1_165' title='bbox 705 2520 874 2569; x_wconf 80' lang='lat' dir='ltr'><strong>victus</strong></span> <span class='ocrx_word' id='word_1_166' title='bbox 907 2517 1043 2580; x_wconf 80' lang='lat' dir='ltr'><strong>fuit3</strong></span> <span class='ocrx_word' id='word_1_167' title='bbox 1076 2532 1298 2583; x_wconf 85' lang='lat' dir='ltr'><strong>cumque</strong></span> 
     </span>
     <span class='ocr_line' id='line_1_21' title="bbox 258 2589 1298 2660; baseline 0.007 -22"><span class='ocrx_word' id='word_1_168' title='bbox 258 2589 424 2642; x_wconf 83' lang='lat' dir='ltr'><strong>iterum</strong></span> <span class='ocrx_word' id='word_1_169' title='bbox 461 2595 792 2656; x_wconf 74' lang='lat' dir='ltr'><strong>rebellasset,</strong></span> <span class='ocrx_word' id='word_1_170' title='bbox 815 2596 1104 2660; x_wconf 83' lang='lat' dir='ltr'><strong>iterumque</strong></span> <span class='ocrx_word' id='word_1_171' title='bbox 1127 2596 1298 2645; x_wconf 87' lang='lat' dir='ltr'><strong>victus</strong></span> 
     </span>
     <span class='ocr_line' id='line_1_22' title="bbox 258 2671 1299 2736; baseline 0.006 -21"><span class='ocrx_word' id='word_1_172' title='bbox 258 2677 394 2733; x_wconf 68' lang='lat' dir='ltr'><strong>esset,</strong></span> <span class='ocrx_word' id='word_1_173' title='bbox 414 2671 623 2735; x_wconf 82' lang='lat' dir='ltr'><strong>ignibus</strong></span> <span class='ocrx_word' id='word_1_174' title='bbox 658 2672 920 2735; x_wconf 86' lang='lat' dir='ltr'><strong>addictus,</strong></span> <span class='ocrx_word' id='word_1_175' title='bbox 936 2673 1002 2721; x_wconf 91' lang='lat' dir='ltr'><strong>de</strong></span> <span class='ocrx_word' id='word_1_176' title='bbox 1034 2686 1163 2736; x_wconf 87' lang='lat' dir='ltr'><strong>pyra</strong></span> <span class='ocrx_word' id='word_1_177' title='bbox 1195 2673 1299 2721; x_wconf 88' lang='lat' dir='ltr'><strong>cla-</strong></span> 
     </span>
     <span class='ocr_line' id='line_1_23' title="bbox 257 2745 1297 2815; baseline 0.005 -24"><span class='ocrx_word' id='word_1_178' title='bbox 257 2745 415 2815; x_wconf 76' lang='lat' dir='ltr'><strong>mavit,</strong></span> <span class='ocrx_word' id='word_1_179' title='bbox 437 2747 484 2795; x_wconf 92' lang='lat'>0</span> <span class='ocrx_word' id='word_1_180' title='bbox 513 2749 696 2810; x_wconf 86' lang='lat' dir='ltr'><strong>Solon,</strong></span> <span class='ocrx_word' id='word_1_181' title='bbox 716 2748 895 2809; x_wconf 90' lang='lat' dir='ltr'><strong>Solon,</strong></span> <span class='ocrx_word' id='word_1_182' title='bbox 920 2748 1104 2809; x_wconf 68' lang='lat' dir='ltr'><strong>Solem</strong></span> <span class='ocrx_word' id='word_1_183' title='bbox 1139 2748 1297 2798; x_wconf 85' lang='lat' dir='ltr'><strong>inter·</strong></span> 
     </span>
     <span class='ocr_line' id='line_1_24' title="bbox 258 2825 1298 2890; baseline 0.004 -22"><span class='ocrx_word' id='word_1_184' title='bbox 258 2830 451 2884; x_wconf 76' lang='lat' dir='ltr'><strong>rogante</strong></span> <span class='ocrx_word' id='word_1_185' title='bbox 475 2825 637 2889; x_wconf 83' lang='lat' dir='ltr'><strong>Cyro,</strong></span> <span class='ocrx_word' id='word_1_186' title='bbox 669 2825 787 2890; x_wconf 89' lang='lat' dir='ltr'><strong>quis</strong></span> <span class='ocrx_word' id='word_1_187' title='bbox 822 2825 912 2874; x_wconf 91' lang='lat' dir='ltr'><strong>ille</strong></span> <span class='ocrx_word' id='word_1_188' title='bbox 949 2826 1106 2874; x_wconf 91' lang='lat' dir='ltr'><strong>Solon</strong></span> <span class='ocrx_word' id='word_1_189' title='bbox 1141 2831 1298 2886; x_wconf 86' lang='lat' dir='ltr'><strong>esset,</strong></span> 
     </span>
     <span class='ocr_line' id='line_1_25' title="bbox 256 2894 1298 2964; baseline 0.008 -24"><span class='ocrx_word' id='word_1_190' title='bbox 256 2894 321 2943; x_wconf 88' lang='lat' dir='ltr'><strong>ait</strong></span> <span class='ocrx_word' id='word_1_191' title='bbox 357 2897 553 2950; x_wconf 82' lang='lat' dir='ltr'><strong>Croesus</strong></span> <span class='ocrx_word' id='word_1_192' title='bbox 575 2917 591 2950; x_wconf 72' lang='lat' dir='ltr'><strong><em>z</em></strong></span> <span class='ocrx_word' id='word_1_193' title='bbox 663 2901 820 2950; x_wconf 89' lang='lat' dir='ltr'><strong>Solon</strong></span> <span class='ocrx_word' id='word_1_194' title='bbox 857 2901 933 2950; x_wconf 88' lang='lat' dir='ltr'><strong>vir</strong></span> <span class='ocrx_word' id='word_1_195' title='bbox 977 2901 1298 2964; x_wconf 86' lang='lat' dir='ltr'><strong>sapientissi-</strong></span> 
     </span>
     <span class='ocr_line' id='line_1_26' title="bbox 256 2976 1297 3040; baseline 0.007 -21"><span class='ocrx_word' id='word_1_196' title='bbox 256 2983 349 3021; x_wconf 89' lang='lat' dir='ltr'><strong>mus</strong></span> <span class='ocrx_word' id='word_1_197' title='bbox 378 2976 491 3024; x_wconf 89' lang='lat' dir='ltr'><strong>olim</strong></span> <span class='ocrx_word' id='word_1_198' title='bbox 536 2991 626 3026; x_wconf 87' lang='lat' dir='ltr'><strong>me</strong></span> <span class='ocrx_word' id='word_1_199' title='bbox 659 2979 875 3040; x_wconf 83' lang='lat' dir='ltr'><strong>monuit,</strong></span> <span class='ocrx_word' id='word_1_200' title='bbox 912 2978 1163 3027; x_wconf 88' lang='lat' dir='ltr'><strong>nemiuem</strong></span> <span class='ocrx_word' id='word_1_201' title='bbox 1185 2992 1297 3026; x_wconf 90' lang='lat' dir='ltr'><strong>esse</strong></span> 
     </span>
     <span class='ocr_line' id='line_1_27' title="bbox 255 3045 1293 3118; baseline 0.009 -25"><span class='ocrx_word' id='word_1_202' title='bbox 255 3045 299 3095; x_wconf 87' lang='lat' dir='ltr'><strong>iu</strong></span> <span class='ocrx_word' id='word_1_203' title='bbox 317 3049 403 3100; x_wconf 83' lang='lat' dir='ltr'><strong>hac</strong></span> <span class='ocrx_word' id='word_1_204' title='bbox 420 3054 525 3103; x_wconf 87' lang='lat' dir='ltr'><strong>vita</strong></span> <span class='ocrx_word' id='word_1_205' title='bbox 544 3053 777 3115; x_wconf 86' lang='lat' dir='ltr'><strong>felicem,</strong></span> <span class='ocrx_word' id='word_1_206' title='bbox 799 3054 936 3118; x_wconf 86' lang='lat' dir='ltr'><strong>quod</strong></span> <span class='ocrx_word' id='word_1_207' title='bbox 962 3067 1100 3103; x_wconf 88' lang='lat' dir='ltr'><strong>nnnc</strong></span> <span class='ocrx_word' id='word_1_208' title='bbox 1137 3068 1293 3116; x_wconf 82' lang='lat' dir='ltr'><strong>expe·</strong></span> 
     </span>
     <span class='ocr_line' id='line_1_28' title="bbox 258 3122 1292 3194; baseline 0.008 -24"><span class='ocrx_word' id='word_1_209' title='bbox 258 3122 362 3176; x_wconf 88' lang='lat' dir='ltr'><strong>rior.</strong></span> <span class='ocrx_word' id='word_1_210' title='bbox 421 3130 569 3180; x_wconf 88' lang='lat' dir='ltr'><strong>Tunc</strong></span> <span class='ocrx_word' id='word_1_211' title='bbox 597 3132 766 3194; x_wconf 84' lang='lat' dir='ltr'><strong>Cyrus</strong></span> <span class='ocrx_word' id='word_1_212' title='bbox 798 3131 1105 3180; x_wconf 83' lang='lat' dir='ltr'><strong>varietatem</strong></span> <span class='ocrx_word' id='word_1_213' title='bbox 1128 3129 1292 3179; x_wconf 83' lang='lat' dir='ltr'><strong>fortu-</strong></span> 
     </span>
     <span class='ocr_line' id='line_1_29' title="bbox 257 3206 1292 3272; baseline 0.001 -17"><span class='ocrx_word' id='word_1_214' title='bbox 257 3213 323 3250; x_wconf 79' lang='lat' dir='ltr'><strong>nae</strong></span> <span class='ocrx_word' id='word_1_215' title='bbox 359 3206 612 3271; x_wconf 82' lang='lat' dir='ltr'><strong>cogitans,</strong></span> <span class='ocrx_word' id='word_1_216' title='bbox 650 3208 822 3270; x_wconf 84' lang='lat' dir='ltr'><strong>ignem</strong></span> <span class='ocrx_word' id='word_1_217' title='bbox 862 3221 1015 3272; x_wconf 89' lang='lat' dir='ltr'><strong>quem</strong></span> <span class='ocrx_word' id='word_1_218' title='bbox 1055 3208 1292 3270; x_wconf 82' lang='lat' dir='ltr'><strong>jusserat</strong></span> 
     </span>
     <span class='ocr_line' id='line_1_30' title="bbox 258 3281 1288 3348; baseline 0.01 -24"><span class='ocrx_word' id='word_1_219' title='bbox 258 3281 487 3347; x_wconf 83' lang='lat' dir='ltr'><strong>extingui,</strong></span> <span class='ocrx_word' id='word_1_220' title='bbox 500 3285 638 3335; x_wconf 87' lang='lat' dir='ltr'><strong>vidit</strong></span> <span class='ocrx_word' id='word_1_221' title='bbox 667 3286 800 3335; x_wconf 84' lang='lat' dir='ltr'><strong>coelo</strong></span> <span class='ocrx_word' id='word_1_222' title='bbox 815 3283 1101 3335; x_wconf 83' lang='lat' dir='ltr'><strong>famulante</strong></span> <span class='ocrx_word' id='word_1_223' title='bbox 1125 3286 1288 3348; x_wconf 86' lang='lat' dir='ltr'><strong>repri-</strong></span> 
     </span>
     <span class='ocr_line' id='line_1_31' title="bbox 255 3357 1291 3427; baseline 0.005 -19"><span class='ocrx_word' id='word_1_224' title='bbox 255 3357 346 3408; x_wconf 82' lang='lat' dir='ltr'><strong>mi:</strong></span> <span class='ocrx_word' id='word_1_225' title='bbox 394 3363 530 3427; x_wconf 85' lang='lat' dir='ltr'><strong>quod</strong></span> <span class='ocrx_word' id='word_1_226' title='bbox 589 3362 850 3414; x_wconf 84' lang='lat' dir='ltr'><strong>Ausonius</strong></span> <span class='ocrx_word' id='word_1_227' title='bbox 905 3365 980 3412; x_wconf 87' lang='lat' dir='ltr'><strong>sic</strong></span> <span class='ocrx_word' id='word_1_228' title='bbox 1033 3363 1291 3427; x_wconf 83' lang='lat' dir='ltr'><strong>expressit</strong></span> 
     </span>
     <span class='ocr_line' id='line_1_32' title="bbox 256 3432 1289 3505; baseline 0.008 -23"><span class='ocrx_word' id='word_1_229' title='bbox 256 3432 332 3483; x_wconf 85' lang='lat' dir='ltr'><strong>lib.</strong></span> <span class='ocrx_word' id='word_1_230' title='bbox 369 3436 430 3486; x_wconf 87' lang='lat' dir='ltr'><strong>de</strong></span> <span class='ocrx_word' id='word_1_231' title='bbox 456 3439 581 3489; x_wconf 87' lang='lat' dir='ltr'><strong>ludo</strong></span> <span class='ocrx_word' id='word_1_232' title='bbox 625 3447 828 3505; x_wconf 82' lang='lat' dir='ltr'><strong>septem</strong></span> <span class='ocrx_word' id='word_1_233' title='bbox 852 3440 977 3505; x_wconf 86' lang='lat' dir='ltr'><strong>Sap.</strong></span> <span class='ocrx_word' id='word_1_234' title='bbox 1008 3439 1024 3468; x_wconf 77' lang='lat'>⁶</span> <span class='ocrx_word' id='word_1_235' title='bbox 1050 3440 1289 3490; x_wconf 90' lang='lat' dir='ltr'><strong>Clamore</strong></span> 
     </span>
     <span class='ocr_line' id='line_1_33' title="bbox 255 3515 1292 3581; baseline 0.007 -21"><span class='ocrx_word' id='word_1_236' title='bbox 255 3521 420 3575; x_wconf 83' lang='lat' dir='ltr'><strong>magno</strong></span> <span class='ocrx_word' id='word_1_237' title='bbox 451 3521 533 3565; x_wconf 88' lang='lat' dir='ltr'><strong>ter</strong></span> <span class='ocrx_word' id='word_1_238' title='bbox 565 3515 812 3566; x_wconf 88' lang='lat' dir='ltr'><strong>Solonem</strong></span> <span class='ocrx_word' id='word_1_239' title='bbox 830 3523 1134 3581; x_wconf 84' lang='lat' dir='ltr'><strong>nuncupat:</strong></span> <span class='ocrx_word' id='word_1_240' title='bbox 1173 3519 1292 3569; x_wconf 81' lang='lat' dir='ltr'><strong>Qua</strong></span> 
     </span>
     <span class='ocr_line' id='line_1_34' title="bbox 257 3591 1293 3657; baseline 0.007 -20"><span class='ocrx_word' id='word_1_241' title='bbox 257 3598 369 3636; x_wconf 77' lang='lat' dir='ltr'><strong>voce</strong></span> <span class='ocrx_word' id='word_1_242' title='bbox 410 3591 580 3654; x_wconf 82' lang='lat' dir='ltr'><strong>Cyrus</strong></span> <span class='ocrx_word' id='word_1_243' title='bbox 636 3599 806 3643; x_wconf 88' lang='lat' dir='ltr'><strong>motus</strong></span> <span class='ocrx_word' id='word_1_244' title='bbox 853 3594 1095 3656; x_wconf 86' lang='lat' dir='ltr'><strong>extingui</strong></span> <span class='ocrx_word' id='word_1_245' title='bbox 1137 3594 1293 3657; x_wconf 88' lang='lat' dir='ltr'><strong>jubet</strong></span> 
     </span>
     <span class='ocr_line' id='line_1_35' title="bbox 258 3659 1293 3734; baseline 0.008 -21"><span class='ocrx_word' id='word_1_246' title='bbox 258 3659 431 3725; x_wconf 73' lang='lat' dir='ltr'><strong>Cyrum</strong></span> <span class='ocrx_word' id='word_1_247' title='bbox 451 3682 546 3731; x_wconf 85' lang='lat' dir='ltr'><strong>per</strong></span> <span class='ocrx_word' id='word_1_248' title='bbox 569 3683 795 3734; x_wconf 86' lang='lat' dir='ltr'><strong>omnem,</strong></span> <span class='ocrx_word' id='word_1_249' title='bbox 816 3677 872 3720; x_wconf 90' lang='lat' dir='ltr'><strong>et</strong></span> <span class='ocrx_word' id='word_1_250' title='bbox 894 3670 1092 3720; x_wconf 87' lang='lat' dir='ltr'><strong>destrui</strong></span> <span class='ocrx_word' id='word_1_251' title='bbox 1111 3671 1293 3721; x_wconf 87' lang='lat' dir='ltr'><strong>arden-</strong></span> 
     </span>
     <span class='ocr_line' id='line_1_36' title="bbox 255 3741 1289 3810; baseline 0.009 -22"><span class='ocrx_word' id='word_1_252' title='bbox 255 3741 346 3788; x_wconf 79' lang='lat' dir='ltr'><strong>tem</strong></span> <span class='ocrx_word' id='word_1_253' title='bbox 366 3756 576 3807; x_wconf 83' lang='lat' dir='ltr'><strong>pyram:</strong></span> <span class='ocrx_word' id='word_1_254' title='bbox 615 3747 681 3795; x_wconf 90' lang='lat' dir='ltr'><strong>Et</strong></span> <span class='ocrx_word' id='word_1_255' title='bbox 702 3746 1027 3796; x_wconf 87' lang='lat' dir='ltr'><strong>commodum</strong></span> <span class='ocrx_word' id='word_1_256' title='bbox 1048 3745 1289 3810; x_wconf 83' lang='lat' dir='ltr'><strong>profusus</strong></span> 
     </span>
     <span class='ocr_line' id='line_1_37' title="bbox 257 3811 1162 3886; baseline 0.008 -23"><span class='ocrx_word' id='word_1_257' title='bbox 257 3811 400 3867; x_wconf 85' lang='lat' dir='ltr'><strong>imber</strong></span> <span class='ocrx_word' id='word_1_258' title='bbox 416 3820 640 3871; x_wconf 86' lang='lat' dir='ltr'><strong>nubibus</strong></span> <span class='ocrx_word' id='word_1_259' title='bbox 662 3823 935 3885; x_wconf 84' lang='lat' dir='ltr'><strong>Repressit</strong></span> <span class='ocrx_word' id='word_1_260' title='bbox 957 3822 1162 3886; x_wconf 60' lang='lat' dir='ltr'><strong>ignem?</strong></span> 
     </span>
    </p>

    <p class='ocr_par' dir='ltr' id='par_1_7' title="bbox 256 3894 1293 4421">
     <span class='ocr_line' id='line_1_38' title="bbox 308 3894 1293 3961; baseline 0.008 -20"><span class='ocrx_word' id='word_1_261' title='bbox 308 3896 329 3921; x_wconf 87' lang='lat'>⁰</span> <span class='ocrx_word' id='word_1_262' title='bbox 357 3894 481 3944; x_wconf 77' lang='lat' dir='ltr'><strong>Nam</strong></span> <span class='ocrx_word' id='word_1_263' title='bbox 524 3903 573 3946; x_wconf 81' lang='lat' dir='ltr'><strong>te</strong></span> <span class='ocrx_word' id='word_1_264' title='bbox 615 3898 857 3961; x_wconf 58' lang='lat' dir='ltr'><strong>proeterit,</strong></span> <span class='ocrx_word' id='word_1_265' title='bbox 893 3900 1111 3948; x_wconf 76' lang='lat' dir='ltr'><strong>Paullum</strong></span> <span class='ocrx_word' id='word_1_266' title='bbox 1148 3900 1293 3949; x_wconf 77' lang='lat' dir='ltr'><strong>Persi</strong></span> 
     </span>
     <span class='ocr_line' id='line_1_39' title="bbox 257 3964 1291 4037; baseline 0.009 -22"><span class='ocrx_word' id='word_1_267' title='bbox 257 3964 411 4032; x_wconf 69' lang='lat' dir='ltr'><strong>Regu]</strong></span> <span class='ocrx_word' id='word_1_268' title='bbox 437 3971 620 4022; x_wconf 85' lang='lat' dir='ltr'><strong>Perses</strong></span> <span class='ocrx_word' id='word_1_269' title='bbox 643 3974 877 4036; x_wconf 87' lang='lat' dir='ltr'><strong>Philippi</strong></span> <span class='ocrx_word' id='word_1_270' title='bbox 907 3974 1060 4037; x_wconf 88' lang='lat' dir='ltr'><strong>filius,</strong></span> <span class='ocrx_word' id='word_1_271' title='bbox 1084 3975 1291 4024; x_wconf 89' lang='lat' dir='ltr'><strong>ultimus</strong></span> 
     </span>
     <span class='ocr_line' id='line_1_40' title="bbox 258 4040 1288 4114; baseline 0.009 -23"><span class='ocrx_word' id='word_1_272' title='bbox 258 4040 579 4099; x_wconf 77' lang='lat' dir='ltr'><strong>Macedonum</strong></span> <span class='ocrx_word' id='word_1_273' title='bbox 619 4052 755 4112; x_wconf 88' lang='lat' dir='ltr'><strong>Rex,</strong></span> <span class='ocrx_word' id='word_1_274' title='bbox 796 4050 961 4099; x_wconf 82' lang='lat' dir='ltr'><strong>victus</strong></span> <span class='ocrx_word' id='word_1_275' title='bbox 1005 4049 1108 4099; x_wconf 83' lang='lat' dir='ltr'><strong>fuit</strong></span> <span class='ocrx_word' id='word_1_276' title='bbox 1151 4051 1288 4114; x_wconf 87' lang='lat' dir='ltr'><strong>apud</strong></span> 
     </span>
     <span class='ocr_line' id='line_1_41' title="bbox 257 4118 1290 4190; baseline 0.007 -20"><span class='ocrx_word' id='word_1_277' title='bbox 257 4118 594 4176; x_wconf 76' lang='lat' dir='ltr'><strong>Samothracas</strong></span> <span class='ocrx_word' id='word_1_278' title='bbox 608 4143 642 4177; x_wconf 88' lang='lat' dir='ltr'><strong>a</strong></span> <span class='ocrx_word' id='word_1_279' title='bbox 660 4127 845 4178; x_wconf 82' lang='lat' dir='ltr'><strong>Paullo</strong></span> <span class='ocrx_word' id='word_1_280' title='bbox 864 4128 1085 4190; x_wconf 85' lang='lat' dir='ltr'><strong>AEmilio,</strong></span> <span class='ocrx_word' id='word_1_281' title='bbox 1101 4127 1290 4177; x_wconf 87' lang='lat' dir='ltr'><strong>Roma-</strong></span> 
     </span>
     <span class='ocr_line' id='line_1_42' title="bbox 258 4198 1288 4267; baseline 0.007 -20"><span class='ocrx_word' id='word_1_282' title='bbox 258 4207 314 4243; x_wconf 81' lang='lat' dir='ltr'><strong>no</strong></span> <span class='ocrx_word' id='word_1_283' title='bbox 345 4198 578 4267; x_wconf 86' lang='lat' dir='ltr'><strong>Consule,</strong></span> <span class='ocrx_word' id='word_1_284' title='bbox 619 4211 676 4255; x_wconf 89' lang='lat' dir='ltr'><strong>et</strong></span> <span class='ocrx_word' id='word_1_285' title='bbox 713 4219 829 4253; x_wconf 87' lang='lat' dir='ltr'><strong>cum</strong></span> <span class='ocrx_word' id='word_1_286' title='bbox 868 4204 987 4254; x_wconf 84' lang='lat' dir='ltr'><strong>tiliis</strong></span> <span class='ocrx_word' id='word_1_287' title='bbox 1023 4205 1074 4253; x_wconf 90' lang='lat' dir='ltr'><strong>in</strong></span> <span class='ocrx_word' id='word_1_288' title='bbox 1109 4205 1288 4254; x_wconf 90' lang='lat' dir='ltr'><strong>trium-</strong></span> 
     </span>
     <span class='ocr_line' id='line_1_43' title="bbox 256 4271 1287 4345; baseline 0.006 -21"><span class='ocrx_word' id='word_1_289' title='bbox 256 4271 389 4332; x_wconf 81' lang='lat' dir='ltr'><strong>phum</strong></span> <span class='ocrx_word' id='word_1_290' title='bbox 412 4278 592 4329; x_wconf 85' lang='lat' dir='ltr'><strong>ductus</strong></span> <span class='ocrx_word' id='word_1_291' title='bbox 614 4298 627 4331; x_wconf 71' lang='grc' dir='ltr'>ς</span> <span class='ocrx_word' id='word_1_292' title='bbox 662 4282 797 4330; x_wconf 84' lang='lat' dir='ltr'><strong>hunc</strong></span> <span class='ocrx_word' id='word_1_293' title='bbox 820 4289 878 4331; x_wconf 88' lang='lat' dir='ltr'><strong>ut</strong></span> <span class='ocrx_word' id='word_1_294' title='bbox 909 4288 1121 4345; x_wconf 84' lang='lat' dir='ltr'><strong>captum</strong></span> <span class='ocrx_word' id='word_1_295' title='bbox 1147 4282 1209 4329; x_wconf 84' lang='lat' dir='ltr'><strong>ad</strong></span> <span class='ocrx_word' id='word_1_296' title='bbox 1232 4297 1287 4330; x_wconf 90' lang='lat' dir='ltr'><strong>se</strong></span> 
     </span>
     <span class='ocr_line' id='line_1_44' title="bbox 258 4350 1286 4421; baseline 0.011 -26"><span class='ocrx_word' id='word_1_297' title='bbox 258 4350 352 4411; x_wconf 83' lang='lat' dir='ltr'><strong>rapi</strong></span> <span class='ocrx_word' id='word_1_298' title='bbox 384 4353 589 4406; x_wconf 82' lang='lat' dir='ltr'><strong>vidisset</strong></span> <span class='ocrx_word' id='word_1_299' title='bbox 619 4357 853 4419; x_wconf 87' lang='lat' dir='ltr'><strong>Paullus,</strong></span> <span class='ocrx_word' id='word_1_300' title='bbox 888 4358 1005 4421; x_wconf 87' lang='lat' dir='ltr'><strong>ejus</strong></span> <span class='ocrx_word' id='word_1_301' title='bbox 1033 4356 1286 4408; x_wconf 79' lang='lat' dir='ltr'><strong>fortunam</strong></span> 
     </span>
    </p>
   </div>
   <div class='ocr_carea' id='block_1_7' title="bbox 370 4432 881 4498">
    <p class='ocr_par' dir='ltr' id='par_1_8' title="bbox 370 4432 881 4498">
     <span class='ocr_line' id='line_1_45' title="bbox 370 4432 881 4498; baseline 0.018 -19"><span class='ocrx_word' id='word_1_302' title='bbox 370 4432 536 4498; x_wconf 78' lang='lat' dir='ltr'><strong>Delph.</strong></span> <span class='ocrx_word' id='word_1_303' title='bbox 550 4442 594 4486; x_wconf 77' lang='lat' dir='ltr'><strong>et</strong></span> <span class='ocrx_word' id='word_1_304' title='bbox 618 4439 732 4489; x_wconf 77' lang='lat' dir='ltr'><strong>Var.</strong></span> <span class='ocrx_word' id='word_1_305' title='bbox 753 4438 881 4489; x_wconf 76' lang='lat' dir='ltr'><strong>Clas.</strong></span> 
     </span>
    </p>
   </div>
   <div class='ocr_carea' id='block_1_8' title="bbox 1369 2515 2446 4420">
    <p class='ocr_par' dir='ltr' id='par_1_9' title="bbox 1379 2515 2446 2725">
     <span class='ocr_line' id='line_1_46' title="bbox 1381 2515 2446 2578; baseline -0.005 -8"><span class='ocrx_word' id='word_1_306' title='bbox 1381 2521 1574 2570; x_wconf 81' lang='lat' dir='ltr'><strong>victum</strong></span> <span class='ocrx_word' id='word_1_307' title='bbox 1609 2522 1808 2570; x_wconf 83' lang='lat' dir='ltr'><strong>Persen</strong></span> <span class='ocrx_word' id='word_1_308' title='bbox 1846 2519 2021 2569; x_wconf 88' lang='lat' dir='ltr'><strong>inedia</strong></span> <span class='ocrx_word' id='word_1_309' title='bbox 2054 2532 2109 2569; x_wconf 87' lang='lat' dir='ltr'><strong>se</strong></span> <span class='ocrx_word' id='word_1_310' title='bbox 2136 2515 2446 2578; x_wconf 82' lang='lat' dir='ltr'><strong>confecisse,</strong></span> 
     </span>
     <span class='ocr_line' id='line_1_47' title="bbox 1380 2593 2446 2660; baseline -0.005 -14"><span class='ocrx_word' id='word_1_311' title='bbox 1380 2603 1470 2646; x_wconf 88' lang='lat' dir='ltr'><strong>aut</strong></span> <span class='ocrx_word' id='word_1_312' title='bbox 1490 2603 1636 2647; x_wconf 91' lang='lat' dir='ltr'><strong>certe</strong></span> <span class='ocrx_word' id='word_1_313' title='bbox 1659 2596 1725 2646; x_wconf 89' lang='lat' dir='ltr'><strong>ob</strong></span> <span class='ocrx_word' id='word_1_314' title='bbox 1760 2602 1996 2660; x_wconf 84' lang='lat' dir='ltr'><strong>ereptum</strong></span> <span class='ocrx_word' id='word_1_315' title='bbox 2020 2608 2250 2644; x_wconf 90' lang='lat' dir='ltr'><strong>somnum</strong></span> <span class='ocrx_word' id='word_1_316' title='bbox 2287 2593 2446 2642; x_wconf 85' lang='lat' dir='ltr'><strong>inter-</strong></span> 
     </span>
     <span class='ocr_line' id='line_1_48' title="bbox 1379 2675 1516 2725; baseline 0 0"><span class='ocrx_word' id='word_1_317' title='bbox 1379 2675 1516 2725; x_wconf 87' lang='lat' dir='ltr'><strong>iisse.</strong></span> 
     </span>
    </p>

    <p class='ocr_par' dir='ltr' id='par_1_10' title="bbox 1369 2747 2444 4267">
     <span class='ocr_line' id='line_1_49' title="bbox 1442 2747 2440 2813; baseline -0.007 -12"><span class='ocrx_word' id='word_1_318' title='bbox 1442 2759 1468 2793; x_wconf 71' lang='grc' dir='ltr'><strong>Ι)</strong></span> <span class='ocrx_word' id='word_1_319' title='bbox 1506 2753 1636 2808; x_wconf 74' lang='lat' dir='ltr'><strong>Quid</strong></span> <span class='ocrx_word' id='word_1_320' title='bbox 1679 2753 2017 2813; x_wconf 72' lang='lat' dir='ltr'><strong>tragoediarum</strong></span> <span class='ocrx_word' id='word_1_321' title='bbox 2060 2747 2257 2809; x_wconf 80' lang='lat' dir='ltr'><strong>clamor]</strong></span> <span class='ocrx_word' id='word_1_322' title='bbox 2317 2748 2440 2795; x_wconf 77' lang='lat' dir='ltr'><strong>Tra·</strong></span> 
     </span>
     <span class='ocr_line' id='line_1_50' title="bbox 1378 2825 2443 2892; baseline -0.007 -15"><span class='ocrx_word' id='word_1_323' title='bbox 1378 2828 1550 2892; x_wconf 84' lang='lat' dir='ltr'><strong>goedia</strong></span> <span class='ocrx_word' id='word_1_324' title='bbox 1576 2834 1659 2877; x_wconf 87' lang='lat' dir='ltr'><strong>est</strong></span> <span class='ocrx_word' id='word_1_325' title='bbox 1691 2842 1899 2877; x_wconf 85' lang='lat' dir='ltr'><strong>carmen</strong></span> <span class='ocrx_word' id='word_1_326' title='bbox 1941 2825 2315 2888; x_wconf 86' lang='lat' dir='ltr'><strong>gravissimum,</strong></span> <span class='ocrx_word' id='word_1_327' title='bbox 2340 2837 2443 2886; x_wconf 87' lang='lat' dir='ltr'><strong>quo</strong></span> 
     </span>
     <span class='ocr_line' id='line_1_51' title="bbox 1379 2900 2444 2969; baseline -0.006 -15"><span class='ocrx_word' id='word_1_328' title='bbox 1379 2900 1674 2969; x_wconf 79' lang='lat' dir='ltr'><strong>principum</strong></span> <span class='ocrx_word' id='word_1_329' title='bbox 1716 2904 1942 2951; x_wconf 83' lang='lat' dir='ltr'><strong>virorum</strong></span> <span class='ocrx_word' id='word_1_330' title='bbox 1975 2900 2302 2951; x_wconf 81' lang='lat' dir='ltr'><strong>calamitates</strong></span> <span class='ocrx_word' id='word_1_331' title='bbox 2336 2900 2444 2948; x_wconf 88' lang='lat' dir='ltr'><strong>luc-</strong></span> 
     </span>
     <span class='ocr_line' id='line_1_52' title="bbox 1380 2976 2443 3045; baseline -0.008 -13"><span class='ocrx_word' id='word_1_332' title='bbox 1380 2990 1531 3041; x_wconf 86' lang='lat' dir='ltr'><strong>tuoso</strong></span> <span class='ocrx_word' id='word_1_333' title='bbox 1575 2979 1801 3045; x_wconf 87' lang='lat' dir='ltr'><strong>quodam</strong></span> <span class='ocrx_word' id='word_1_334' title='bbox 1836 2980 1979 3028; x_wconf 83' lang='lat' dir='ltr'><strong>exitu</strong></span> <span class='ocrx_word' id='word_1_335' title='bbox 2027 2977 2316 3026; x_wconf 74' lang='lat' dir='ltr'><strong>terminatae</strong></span> <span class='ocrx_word' id='word_1_336' title='bbox 2354 2976 2443 3024; x_wconf 83' lang='lat' dir='ltr'><strong>de-</strong></span> 
     </span>
     <span class='ocr_line' id='line_1_53' title="bbox 1376 3052 2443 3122; baseline -0.007 -16"><span class='ocrx_word' id='word_1_337' title='bbox 1376 3059 1690 3122; x_wconf 86' lang='lat' dir='ltr'><strong>pinguntur:</strong></span> <span class='ocrx_word' id='word_1_338' title='bbox 1762 3055 2099 3120; x_wconf 86' lang='lat' dir='ltr'><strong>quamobrem</strong></span> <span class='ocrx_word' id='word_1_339' title='bbox 2168 3052 2443 3114; x_wconf 84' lang='lat' dir='ltr'><strong>Tragoedia</strong></span> 
     </span>
     <span class='ocr_line' id='line_1_54' title="bbox 1375 3129 2439 3196; baseline -0.004 -13"><span class='ocrx_word' id='word_1_340' title='bbox 1375 3132 1554 3183; x_wconf 83' lang='lat' dir='ltr'><strong>differt</strong></span> <span class='ocrx_word' id='word_1_341' title='bbox 1596 3149 1628 3183; x_wconf 91' lang='lat' dir='ltr'><strong>a</strong></span> <span class='ocrx_word' id='word_1_342' title='bbox 1674 3132 1959 3194; x_wconf 88' lang='lat' dir='ltr'><strong>Comoedia,</strong></span> <span class='ocrx_word' id='word_1_343' title='bbox 2004 3145 2120 3196; x_wconf 80' lang='lat' dir='ltr'><strong>quae</strong></span> <span class='ocrx_word' id='word_1_344' title='bbox 2162 3129 2439 3193; x_wconf 87' lang='lat' dir='ltr'><strong>tranquillo</strong></span> 
     </span>
     <span class='ocr_line' id='line_1_55' title="bbox 1372 3206 2443 3276; baseline -0.007 -14"><span class='ocrx_word' id='word_1_345' title='bbox 1372 3213 1598 3276; x_wconf 80' lang='lat' dir='ltr'><strong>laetoque</strong></span> <span class='ocrx_word' id='word_1_346' title='bbox 1622 3211 1765 3261; x_wconf 85' lang='lat' dir='ltr'><strong>exitu</strong></span> <span class='ocrx_word' id='word_1_347' title='bbox 1800 3209 2131 3259; x_wconf 88' lang='lat' dir='ltr'><strong>continetur:</strong></span> <span class='ocrx_word' id='word_1_348' title='bbox 2167 3206 2305 3256; x_wconf 90' lang='lat' dir='ltr'><strong>unde</strong></span> <span class='ocrx_word' id='word_1_349' title='bbox 2335 3207 2443 3256; x_wconf 90' lang='lat' dir='ltr'><strong>Ho-</strong></span> 
     </span>
     <span class='ocr_line' id='line_1_56' title="bbox 1374 3283 2443 3338; baseline -0.007 0"><span class='ocrx_word' id='word_1_350' title='bbox 1374 3296 1474 3338; x_wconf 84' lang='lat' dir='ltr'><strong>rat.</strong></span> <span class='ocrx_word' id='word_1_351' title='bbox 1498 3302 1563 3337; x_wconf 92' lang='lat'><strong>11.</strong></span> <span class='ocrx_word' id='word_1_352' title='bbox 1597 3288 1769 3337; x_wconf 80' lang='lat' dir='ltr'><strong>Carni.</strong></span> <span class='ocrx_word' id='word_1_353' title='bbox 1804 3286 1909 3336; x_wconf 88' lang='lat' dir='ltr'><strong>Od.</strong></span> <span class='ocrx_word' id='word_1_354' title='bbox 1946 3289 1993 3335; x_wconf 93' lang='lat'><strong>1.</strong></span> <span class='ocrx_word' id='word_1_355' title='bbox 2058 3286 2074 3313; x_wconf 86' lang='lat'>‘</span> <span class='ocrx_word' id='word_1_356' title='bbox 2100 3283 2323 3333; x_wconf 87' lang='lat' dir='ltr'><strong>Paulum</strong></span> <span class='ocrx_word' id='word_1_357' title='bbox 2362 3296 2443 3331; x_wconf 90' lang='lat' dir='ltr'><strong>se·</strong></span> 
     </span>
     <span class='ocr_line' id='line_1_57' title="bbox 1372 3358 2443 3425; baseline -0.007 -12"><span class='ocrx_word' id='word_1_358' title='bbox 1372 3378 1513 3414; x_wconf 84' lang='lat' dir='ltr'><strong>verae</strong></span> <span class='ocrx_word' id='word_1_359' title='bbox 1537 3365 1692 3413; x_wconf 88' lang='lat' dir='ltr'><strong>Musa</strong></span> <span class='ocrx_word' id='word_1_360' title='bbox 1716 3360 1985 3425; x_wconf 86' lang='lat' dir='ltr'><strong>tragoediae</strong></span> <span class='ocrx_word' id='word_1_361' title='bbox 2010 3361 2167 3410; x_wconf 90' lang='lat' dir='ltr'><strong>Desit</strong></span> <span class='ocrx_word' id='word_1_362' title='bbox 2189 3358 2443 3408; x_wconf 83' lang='lat' dir='ltr'><strong>theatris.’</strong></span> 
     </span>
     <span class='ocr_line' id='line_1_58' title="bbox 1374 3430 2442 3504; baseline -0.007 -14"><span class='ocrx_word' id='word_1_363' title='bbox 1374 3439 1514 3490; x_wconf 89' lang='lat' dir='ltr'><strong>Hinc</strong></span> <span class='ocrx_word' id='word_1_364' title='bbox 1537 3440 1818 3504; x_wconf 80' lang='lat' dir='ltr'><strong>tragoedias</strong></span> <span class='ocrx_word' id='word_1_365' title='bbox 1842 3430 2061 3489; x_wconf 59' lang='lat' dir='ltr'><strong>movere*</strong></span> <span class='ocrx_word' id='word_1_366' title='bbox 2077 3437 2327 3486; x_wconf 85' lang='lat' dir='ltr'><strong>dicuntur</strong></span> <span class='ocrx_word' id='word_1_367' title='bbox 2344 3434 2442 3495; x_wconf 89' lang='lat' dir='ltr'><strong>illi,</strong></span> 
     </span>
     <span class='ocr_line' id='line_1_59' title="bbox 1372 3513 2443 3581; baseline -0.007 -15"><span class='ocrx_word' id='word_1_368' title='bbox 1372 3518 1461 3581; x_wconf 88' lang='lat' dir='ltr'><strong>qui</strong></span> <span class='ocrx_word' id='word_1_369' title='bbox 1486 3518 1739 3566; x_wconf 90' lang='lat' dir='ltr'><strong>tumultus</strong></span> <span class='ocrx_word' id='word_1_370' title='bbox 1769 3515 2020 3581; x_wconf 87' lang='lat' dir='ltr'><strong>quosdam</strong></span> <span class='ocrx_word' id='word_1_371' title='bbox 2053 3513 2313 3564; x_wconf 84' lang='lat' dir='ltr'><strong>excitant:</strong></span> <span class='ocrx_word' id='word_1_372' title='bbox 2356 3513 2443 3560; x_wconf 87' lang='lat' dir='ltr'><strong>cui</strong></span> 
     </span>
     <span class='ocr_line' id='line_1_60' title="bbox 1371 3588 2442 3654; baseline -0.005 -13"><span class='ocrx_word' id='word_1_373' title='bbox 1371 3591 1516 3643; x_wconf 72' lang='lat' dir='ltr'><strong>favet</strong></span> <span class='ocrx_word' id='word_1_374' title='bbox 1570 3593 1791 3642; x_wconf 84' lang='lat' dir='ltr'><strong>nominis</strong></span> <span class='ocrx_word' id='word_1_375' title='bbox 1835 3590 2234 3654; x_wconf 78' lang='lat' dir='ltr'><strong>interpretatio:</strong></span> <span class='ocrx_word' id='word_1_376' title='bbox 2292 3588 2442 3637; x_wconf 89' lang='lat' dir='ltr'><strong>aiunt</strong></span> 
     </span>
     <span class='ocr_line' id='line_1_61' title="bbox 1374 3665 2440 3731; baseline -0.005 -13"><span class='ocrx_word' id='word_1_377' title='bbox 1374 3670 1509 3718; x_wconf 83' lang='lat' dir='ltr'><strong>enim</strong></span> <span class='ocrx_word' id='word_1_378' title='bbox 1549 3669 1781 3718; x_wconf 85' lang='lat' dir='ltr'><strong>nonnulli</strong></span> <span class='ocrx_word' id='word_1_379' title='bbox 1818 3666 2124 3731; x_wconf 77' lang='lat' dir='ltr'><strong>tragoediam</strong></span> <span class='ocrx_word' id='word_1_380' title='bbox 2156 3665 2257 3714; x_wconf 81' lang='lat' dir='ltr'><strong>dici</strong></span> <span class='ocrx_word' id='word_1_381' title='bbox 2295 3666 2440 3729; x_wconf 89' lang='lat' dir='ltr'><strong>quasi</strong></span> 
     </span>
     <span class='ocr_line' id='line_1_62' title="bbox 1371 3740 2441 3809; baseline -0.007 -15"><span class='ocrx_word' id='word_1_382' title='bbox 1371 3748 1635 3809; x_wconf 78' lang='grc' dir='ltr'><strong><em>τραχωδίαν</em></strong></span> <span class='ocrx_word' id='word_1_383' title='bbox 1675 3761 1705 3795; x_wconf 90' lang='lat' dir='ltr'><strong>a</strong></span> <span class='ocrx_word' id='word_1_384' title='bbox 1736 3743 1917 3809; x_wconf 79' lang='grc' dir='ltr'>τραχὺς</span> <span class='ocrx_word' id='word_1_385' title='bbox 1946 3757 2115 3807; x_wconf 86' lang='lat' dir='ltr'><strong>asper,</strong></span> <span class='ocrx_word' id='word_1_386' title='bbox 2142 3740 2278 3806; x_wconf 86' lang='lat' dir='ltr'><strong>quod</strong></span> <span class='ocrx_word' id='word_1_387' title='bbox 2316 3748 2441 3804; x_wconf 85' lang='lat' dir='ltr'><strong>agat</strong></span> 
     </span>
     <span class='ocr_line' id='line_1_63' title="bbox 1376 3815 2439 3885; baseline -0.007 -14"><span class='ocrx_word' id='word_1_388' title='bbox 1376 3823 1443 3872; x_wconf 89' lang='lat' dir='ltr'><strong>de</strong></span> <span class='ocrx_word' id='word_1_389' title='bbox 1477 3823 1631 3873; x_wconf 80' lang='lat' dir='ltr'><strong>rebus</strong></span> <span class='ocrx_word' id='word_1_390' title='bbox 1665 3822 1807 3871; x_wconf 88' lang='lat' dir='ltr'><strong>duris</strong></span> <span class='ocrx_word' id='word_1_391' title='bbox 1842 3827 2001 3885; x_wconf 85' lang='lat' dir='ltr'><strong>atque</strong></span> <span class='ocrx_word' id='word_1_392' title='bbox 2035 3817 2250 3882; x_wconf 86' lang='lat' dir='ltr'><strong>asperis,</strong></span> <span class='ocrx_word' id='word_1_393' title='bbox 2272 3817 2350 3866; x_wconf 84' lang='lat' dir='ltr'><strong>uti</strong></span> <span class='ocrx_word' id='word_1_394' title='bbox 2368 3815 2439 3865; x_wconf 82' lang='lat' dir='ltr'><strong>de</strong></span> 
     </span>
     <span class='ocr_line' id='line_1_64' title="bbox 1375 3895 2440 3958; baseline -0.007 -10"><span class='ocrx_word' id='word_1_395' title='bbox 1375 3898 1605 3948; x_wconf 86' lang='lat' dir='ltr'><strong>caedibus</strong></span> <span class='ocrx_word' id='word_1_396' title='bbox 1629 3913 1690 3948; x_wconf 89' lang='lat' dir='ltr'><strong>ac</strong></span> <span class='ocrx_word' id='word_1_397' title='bbox 1711 3897 1965 3947; x_wconf 83' lang='lat' dir='ltr'><strong>mortibus</strong></span> <span class='ocrx_word' id='word_1_398' title='bbox 1988 3895 2238 3944; x_wconf 84' lang='lat' dir='ltr'><strong>Heroum.</strong></span> <span class='ocrx_word' id='word_1_399' title='bbox 2272 3895 2440 3958; x_wconf 86' lang='lat' dir='ltr'><strong>Prop-</strong></span> 
     </span>
     <span class='ocr_line' id='line_1_65' title="bbox 1373 3971 2441 4033; baseline -0.005 -9"><span class='ocrx_word' id='word_1_400' title='bbox 1373 3980 1519 4024; x_wconf 83' lang='lat' dir='ltr'><strong>terea</strong></span> <span class='ocrx_word' id='word_1_401' title='bbox 1554 3988 1688 4023; x_wconf 89' lang='lat' dir='ltr'><strong>nunc</strong></span> <span class='ocrx_word' id='word_1_402' title='bbox 1722 3975 1906 4022; x_wconf 87' lang='lat' dir='ltr'><strong>merito</strong></span> <span class='ocrx_word' id='word_1_403' title='bbox 1942 3973 2137 4021; x_wconf 83' lang='lat' dir='ltr'><strong>dicitur</strong></span> <span class='ocrx_word' id='word_1_404' title='bbox 2165 3971 2441 4033; x_wconf 80' lang='lat' dir='ltr'><strong>‘tragoedi-</strong></span> 
     </span>
     <span class='ocr_line' id='line_1_66' title="bbox 1374 4045 2438 4105; baseline -0.007 -5"><span class='ocrx_word' id='word_1_405' title='bbox 1374 4066 1517 4100; x_wconf 85' lang='lat' dir='ltr'><strong>arum</strong></span> <span class='ocrx_word' id='word_1_406' title='bbox 1554 4049 1779 4105; x_wconf 66' lang='lat' dir='ltr'><strong>clamor?</strong></span> <span class='ocrx_word' id='word_1_407' title='bbox 1826 4050 1953 4098; x_wconf 77' lang='lat' dir='ltr'><strong>nihil</strong></span> <span class='ocrx_word' id='word_1_408' title='bbox 1993 4050 2008 4078; x_wconf 88' lang='lat'>‘</span> <span class='ocrx_word' id='word_1_409' title='bbox 2042 4048 2178 4097; x_wconf 81' lang='lat' dir='ltr'><strong>aliud</strong></span> <span class='ocrx_word' id='word_1_410' title='bbox 2224 4045 2438 4103; x_wconf 83' lang='lat' dir='ltr'><strong>deflere,</strong></span> 
     </span>
     <span class='ocr_line' id='line_1_67' title="bbox 1371 4121 2441 4177; baseline -0.007 -1"><span class='ocrx_word' id='word_1_411' title='bbox 1371 4128 1469 4177; x_wconf 89' lang='lat' dir='ltr'><strong>nisi</strong></span> <span class='ocrx_word' id='word_1_412' title='bbox 1507 4128 1792 4177; x_wconf 80' lang='lat' dir='ltr'><strong>indiscreto</strong></span> <span class='ocrx_word' id='word_1_413' title='bbox 1822 4128 1934 4176; x_wconf 80' lang='lat' dir='ltr'><strong>ictu</strong></span> <span class='ocrx_word' id='word_1_414' title='bbox 1970 4125 2234 4175; x_wconf 83' lang='lat' dir='ltr'><strong>fortunam</strong></span> <span class='ocrx_word' id='word_1_415' title='bbox 2264 4121 2441 4172; x_wconf 87' lang='lat' dir='ltr'><strong>felicia</strong></span> 
     </span>
     <span class='ocr_line' id='line_1_68' title="bbox 1369 4202 1890 4267; baseline 0.002 -16"><span class='ocrx_word' id='word_1_416' title='bbox 1369 4217 1532 4267; x_wconf 81' lang='lat' dir='ltr'><strong>regna</strong></span> <span class='ocrx_word' id='word_1_417' title='bbox 1558 4202 1890 4254; x_wconf 85' lang='lat' dir='ltr'><strong>vertentem.&#39;</strong></span> 
     </span>
    </p>

    <p class='ocr_par' dir='ltr' id='par_1_11' title="bbox 1371 4273 2438 4420">
     <span class='ocr_line' id='line_1_69' title="bbox 1434 4273 2438 4338; baseline -0.008 -10"><span class='ocrx_word' id='word_1_418' title='bbox 1434 4288 1458 4321; x_wconf 74' lang='grc' dir='ltr'><strong>(Ι</strong></span> <span class='ocrx_word' id='word_1_419' title='bbox 1491 4278 1590 4328; x_wconf 77' lang='grc' dir='ltr'><strong>Δύο</strong></span> <span class='ocrx_word' id='word_1_420' title='bbox 1625 4279 1735 4328; x_wconf 78' lang='grc' dir='ltr'>τοὺς</span> <span class='ocrx_word' id='word_1_421' title='bbox 1757 4279 1935 4338; x_wconf 70' lang='grc' dir='ltr'><strong><em>πίθους,</em></strong></span> <span class='ocrx_word' id='word_1_422' title='bbox 1967 4275 2091 4336; x_wconf 62' lang='grc' dir='ltr'><strong>δια]</strong></span> <span class='ocrx_word' id='word_1_423' title='bbox 2137 4276 2256 4322; x_wconf 82' lang='lat' dir='ltr'><strong>Duo</strong></span> <span class='ocrx_word' id='word_1_424' title='bbox 2281 4273 2438 4334; x_wconf 79' lang='lat' dir='ltr'><strong>dolia,</strong></span> 
     </span>
     <span class='ocr_line' id='line_1_70' title="bbox 1371 4352 2436 4420; baseline -0.006 -15"><span class='ocrx_word' id='word_1_425' title='bbox 1371 4371 1526 4405; x_wconf 80' lang='lat' dir='ltr'><strong>unum</strong></span> <span class='ocrx_word' id='word_1_426' title='bbox 1562 4355 1768 4420; x_wconf 80' lang='lat' dir='ltr'><strong>quidem</strong></span> <span class='ocrx_word' id='word_1_427' title='bbox 1805 4353 2068 4413; x_wconf 82' lang='lat' dir='ltr'><strong>malornm,</strong></span> <span class='ocrx_word' id='word_1_428' title='bbox 2090 4352 2323 4411; x_wconf 29' lang='lat' dir='ltr'><strong>alterum..</strong></span> <span class='ocrx_word' id='word_1_429' title='bbox 2348 4365 2436 4399; x_wconf 84' lang='lat' dir='ltr'><strong>au·</strong></span> 
     </span>
    </p>
   </div>
   <div class='ocr_carea' id='block_1_9' title="bbox 1239 4431 2308 4488">
    <p class='ocr_par' dir='ltr' id='par_1_12' title="bbox 1239 4431 2308 4488">
     <span class='ocr_line' id='line_1_71' title="bbox 1239 4431 2308 4488; baseline -0.008 0"><span class='ocrx_word' id='word_1_430' title='bbox 1239 4437 1410 4488; x_wconf 71' lang='lat' dir='ltr'><strong>Boe&#39;th.</strong></span> <span class='ocrx_word' id='word_1_431' title='bbox 2263 4431 2308 4479; x_wconf 94' lang='lat' dir='ltr'>L</span> 
     </span>
    </p>
   </div>
  </div>
 </body>
</html>
