3049 4928
632 414 935 465 BOE'I'HII
986 417 1083 465 DE
1112 419 1432 470 {CONSUL-

351 557 433 621 pit
455 559 631 607 artes?
699 560 911 627 Nosque
936 562 1093 625 jubet
1125 564 1332 629 tacitos,
1353 572 1410 616 et

340 634 458 697 jam
480 635 694 685 rationis
717 651 929 701 egenos,
963 640 1084 689 Non
1110 640 1280 701 aliter,
1302 641 1406 705 pri-

346 725 431 759 mo
449 725 603 775 quam
621 727 738 762 cum
760 716 1072 766 surreximus
1097 733 1229 775 aevo,
1248 718 1408 769 Glan-

348 784 500 836 dibus
538 794 595 837 et
647 805 790 854 purae
848 807 1021 842 rursus
1064 796 1406 858 procumbere

344 863 572 926 lymphae
594 865 632 913 Ρ
700 868 943 919 Notabile
962 872 1088 920 illud
1110 872 1404 922 cassiodori

347 952 430 987 vr.
462 942 666 991 variar.
695 949 774 993 18.
811 946 825 972 4
851 948 1007 996 Ceres
1039 946 1296 998 frumenta
1328 950 1405 999 di-

346 1015 485 1065 citur
524 1018 802 1084 invenisse,
847 1023 958 1071 Pan
1002 1031 1176 1074 autem
1211 1028 1404 1090 primus

312 1106 651 1157 ‘consparsas
693 1096 868 1161 fruges
913 1102 1115 1151 coxisse
1168 1105 1402 1166 perhibe-

343 1175 464 1218 tur:
499 1171 635 1221 unde
670 1180 725 1222 et
757 1177 961 1226 nomine
995 1179 1109 1241 ejus
1144 1181 1289 1242 panis
1322 1189 1403 1231 est

342 1248 676 1309 appellatus!
714 1250 865 1300 Idem.

408 1323 607 1383 «Ieiunia
622 1327 801 1377 solvere
815 1331 1011 1394 glande]
1057 1333 1244 1384 Totum
1267 1336 1401 1385 bunc

345 1414 555 1449 versum
583 1403 798 1454 Rustico
821 1421 913 1454 sno
937 1410 1148 1459 inseruit
1169 1410 1401 1475 Angelus

346 1476 682 1530 Politianus:
725 1484 739 1510 4
765 1484 835 1531 Et
878 1484 1110 1547 perferre
1165 1488 1302 1537 sitim
1348 1496 1404 1539 et

336 1552 540 1615 jejunia
559 1558 762 1607 solvere
782 1560 989 1624 glande,
1023 1561 1094 1611 Et
1112 1563 1306 1614 lassare
1331 1565 1408 1615 fe·

346 1644 435 1679 ras
455 1633 641 1681 cursu.'
675 1635 824 1685 Idem.

411 1709 527 1758 Non
548 1711 784 1761 Bacchica
811 1728 1004 1764 munera
1032 1717 1226 1781 norant]
1261 1719 1404 1783 Virg.

345 1796 389 1831 1.
412 1783 609 1849 Geor-g.
652 1786 733 1836 De
787 1788 998 1839 Baccho
1052 1798 1109 1841 et
1161 1793 1401 1844 Venere:

343 1859 572 1912 ‘Vestro
606 1864 646 1911 si
681 1879 889 1915 munere
928 1868 1080 1917 tellus
1118 1870 1402 1920 Chaoniam

343 1937 523 2002 pingui
541 1941 779 2003 glandem
801 1944 1019 1994 mutavit
1045 1945 1221 2009 arista,
1237 1947 1402 1997 Pocu-

341 2015 501 2079 laque
524 2016 746 2066 inventis
771 2020 1020 2069 Acheloia
1032 2021 1239 2072 miscuit
1256 2023 1403 2073 uvis.’

343 2091 500 2142 Quod
537 2093 688 2157 Virg.
721 2096 854 2145 dixit
895 2099 909 2125 4
936 2098 1194 2160 miscere,'
1225 2109 1404 2150 noster

344 2169 359 2193 ‘
387 2167 746 2233 confundere,’
778 2173 889 2235 pari
912 2173 1220 2237 significatu.
1254 2178 1404 2228 Idem.

408 2243 612 2308 Ia‘quido
632 2247 907 2306 confundere
926 2252 1079 2316 melle]
1105 2253 1273 2303 Notus
1293 2271 1402 2305 mos

341 2320 582 2384 priscus:
623 2324 797 2375 vinum
821 2334 877 2376 et
900 2329 1002 2376 mel
1025 2330 1279 2394 principio
1302 2348 1403 2382 cae-

347 2412 429 2447 nae
468 2401 662 2463 apponi
700 2405 1046 2469 consuevisse,
1077 2413 1138 2455 ut
1181 2408 1403 2459 conviva

345 2476 565 2541 quisque
612 2493 704 2542 pro
753 2482 967 2533 arbitrio
1004 2484 1060 2532 id
1104 2491 1400 2548 temperans

342 2553 563 2602 mulsum
596 2555 692 2604 sibi
716 2557 1011 2609 conticeret.
1077 2559 1179 2609 Adi
1205 2562 1400 2612 Miner-

345 2643 425 2678 voe
466 2637 522 2680 et
549 2632 815 2683 Musarum
850 2649 1051 2685 amores
1084 2637 1136 2687 J.
1174 2638 1403 2701 Lipsium

344 2707 702 2758 amicissimum
725 2719 1001 2774 cognatum
1032 2728 1198 2763 meum
1223 2714 1402 2780 Antiq.

342 2783 559 2834 lection.
580 2786 667 2834 lib.
693 2801 783 2837 111.
817 2789 1046 2839 Ber-nare.

412 2863 520 2912 Nec
541 2866 696 2915 lucida
724 2868 899 2917 vellera
920 2868 1109 2932 Serum]
1165 2871 1404 2922 Pelluce-

340 2938 474 2988 bant
502 2940 750 3005 siquidem
777 2943 958 2993 sericae
985 2953 1173 3008 vestes,
1198 2954 1257 2995 ut
1278 2945 1403 2996 Am-

340 3017 543 3065 mianus
587 3017 681 3078 ait,
726 3020 1044 3070 ‘tenerrima
1079 3021 1402 3075 subtilitate?

344 3092 497 3144 Idem.

300 3196 303 3197 ν
352 3210 357 3213 .
418 3169 602 3220 Vellera
626 3171 816 3236 Serum]
865 3175 1082 3225 Vellera
1100 3176 1187 3226 illa
1209 3180 1405 3242 tenuia,

343 3259 462 3308 qnae
502 3249 652 3296 Seres
688 3247 826 3298 foliis
860 3251 1162 3314 depectunt,
1194 3255 1209 3282 ‘
1230 3257 1401 3306 crines

340 3322 559 3372 lacteos’
574 3326 805 3376 nominat
819 3328 1174 3393 Cassiodorus,
1190 3334 1402 3397 quicar-

342 3413 443 3447 neo
469 3402 655 3464 poculo
676 3401 756 3452 bis
792 3410 973 3469 terque
1004 3408 1180 3458 satiati
1205 3411 1404 3472 pulcer-

343 3475 477 3526 rima
510 3478 767 3529 ebrietate
816 3482 1052 3532 rubeant.
1119 3484 1306 3537 Senec.
1347 3488 1402 3536 in

342 3556 619 3622 Hippolyt.
645 3574 720 3609 vs.
745 3563 858 3608 386.
894 3560 910 3587 ‘
933 3561 1221 3612 Removete
1239 3563 1404 3614 famu-

342 3635 409 3683 1ae
435 3650 666 3699 purpura
683 3644 840 3700 atque
861 3651 984 3687 auro
1008 3639 1166 3688 illitas
1194 3641 1402 3705 Vestez,

341 3711 530 3772 procul
563 3713 631 3759 sit
662 3712 870 3760 muricis
902 3714 1045 3776 Tyrii
1067 3717 1242 3780 rubor,
1274 3719 1404 3769 Quae

341 3785 432 3835 fila
474 3788 630 3836 ramis
680 3788 845 3857 ultimi
889 3789 1044 3838 Seres
1075 3792 1285 3853 legunt)
1341 3795 1403 3845 In

340 3863 554 3925 Thyest.
598 3878 670 3913 vs.
714 3868 828 3914 378.
882 3867 1235 3933 ‘Quocunque
1289 3873 1404 3924 loco

333 3939 525 4001 jacent
577 3940 729 3989 Seres
791 3942 984 3991 vellere
1042 3945 1272 3996 nobiles?
1340 3949 1403 3997 In

343 4017 509 4067 Herc.
554 4018 665 4067 OEt.
698 4033 772 4067 vs.
810 4023 925 4069 667.
978 4021 1129 4071 ‘Nec
1175 4024 1405 4074 Maeonia

344 4094 620 4157 distinguit
654 4109 770 4156 acii,
810 4097 940 4148 Quae
966 4096 1206 4148 Phoebeis
1231 4102 1402 4150 subdi·

339 4179 426 4222 tus
452 4173 603 4220 Euris
638 4173 791 4236 Legit
824 4173 946 4222 Eois
977 4173 1075 4223 Ser
1098 4177 1406 4232 arboribus.’

341 4248 533 4301 Avitus
558 4247 790 4298 Alcimus
814 4249 904 4298 lib.
928 4249 993 4298 ad
1017 4251 1288 4302 Fuscinam
1322 4270 1402 4305 so·

341 4341 545 4377 rorem:
584 4327 730 4377 ‘Nec
768 4335 820 4377 te
853 4328 1123 4380 Sidonium
1164 4331 1242 4381 bis
1267 4335 1403 4385 cocti

1481 425 1921 477 PnlnosoPH.
1969 430 2114 480 mn.
2159 433 2240 482 11.
2411 419 2541 488 471

1482 570 1692 621 muricis
1710 578 1905 623 ostrum
1922 575 2121 640 Induit,
2138 586 2228 627 aut
2249 580 2408 631 rutilo
2425 597 2541 646 per·

1482 646 1658 696 lucens
1682 663 1911 713 purpura
1928 665 2104 711 cocco,
2128 656 2309 704 Mollia
2334 659 2414 707 vel
2437 666 2542 708 tac·

1485 730 1542 772 tu
1572 727 1690 788 quae'
1721 726 1935 776 mittunt
1970 730 2160 778 vellera
2192 731 2382 781 Seres.’
2447 735 2540 783 So-

1479 798 1615 848 linus
1662 816 1781 864 cap.
1816 806 1899 852 53.
1933 804 2000 853 de
2033 805 2245 856 Seribus
2280 816 2334 856 et
2359 808 2539 859 Serico

1479 877 1706 926 vellere:
1748 879 1762 905 4
1782 879 1935 928 Seres
1980 895 2222 945 aquarum
2264 886 2539 949 aspergine

1477 953 1743 1005 inundatis
1766 955 2055 1021 frondibus,
2080 960 2276 1009 vellera
2301 963 2539 1012 arborum

1480 1031 1789 1083 adminiculo
1814 1034 2103 1099 depectunt
2125 1038 2355 1102 liquoris,
2372 1046 2428 1088 et
2450 1041 2540 1088 hu-

1478 1109 1636 1157 moris
1680 1117 1914 1160 teneram
1949 1114 2289 1164 subtilitatem
2330 1117 2539 1165 humore

1478 1186 1691 1237 domant
1735 1189 1800 1237 ad
1853 1190 2171 1255 obsequium.
2244 1193 2362 1241 Hoc
2412 1193 2539 1242 illud

1479 1270 1562 1311 est
1584 1263 1834 1327 Sericum,
1871 1267 1921 1313 in
1948 1281 2091 1315 usum
2115 1267 2379 1331 publicum
2399 1269 2540 1319 dam·

1478 1354 1545 1388 no
1568 1341 1863 1390 severitatis
1903 1342 2203 1405 admissum,
2239 1354 2293 1392 et
2323 1358 2424 1408 quo
2458 1361 2541 1394 os-

1481 1423 1682 1465 tentare
1705 1418 1878 1481 potius
1902 1433 2135 1483 corpora,
2156 1435 2308 1484 quam
2328 1421 2537 1485 vestire,

1478 1494 1645 1555 primo
1666 1492 1896 1556 feminis,
1929 1499 2064 1544 nunc
2095 1497 2251 1545 etiam
2277 1497 2399 1545 viris
2422 1512 2539 1562 per·

1478 1570 1640 1618 suasit
1664 1569 1881 1618 luxuriae
1907 1570 2104 1632 libido,’
2120 1574 2219 1622 διο.
2254 1573 2405 1622 Idem.

1546 1644 1691 1708 Tyrio
1711 1646 1905 1695 miscere
1927 1647 2121 1709 veneno]
2153 1648 2436 1697 Puniceani
2461 1649 2538 1698 in·-

1476 1718 1747 1783 fecturam,
1781 1723 1918 1786 apud
1952 1724 2131 1787 Tyrios
2164 1724 2428 1774 inventam
2463 1726 2540 1773 in-

1479 1798 1688 1862 telligit,
1704 1799 1770 1848 de
1786 1800 2247 1868 quaCassiodorq.
2266 1802 2470 1852 Variar.
2486 1806 2537 1853 2.

1478 1875 1494 1903 4
1511 1875 1706 1924 Verum
1726 1876 1845 1925 talis
1859 1881 2107 1940 tantaque
2125 1890 2204 1925 res
2223 1890 2375 1941 qnam
2392 1876 2541 1927 facili

1476 1952 1668 2016 legitur
1686 1954 1891 2002 inventa
1911 1954 2249 2017 compendio?
2270 1954 2402 2003 Nam
2420 1957 2537 2003 eum

1477 2028 1613 2079 fame
1657 2031 1799 2079 canis
1856 2030 2008 2079 avida
2057 2031 2109 2078 in
2154 2029 2315 2093 Tyrio
2361 2030 2538 2079 littore

1479 2107 1722 2170 projecta
1745 2108 2014 2172 conchylia
2047 2106 2311 2169 impressis
2343 2107 2539 2155 mandi-

1479 2187 1613 2235 bulis
1639 2187 1977 2249 eontudisset,
2013 2187 2100 2236 illa
2123 2188 2431 2237 naturaliter
2449 2188 2540 2237 hu-

1479 2278 1676 2313 morem
1722 2265 2058 2328 sanguineum
2109 2262 2415 2325 defluentia,
2447 2278 2541 2314 ora

1479 2340 1595 2402 ejus
1626 2340 1849 2389 mirabili
1871 2341 2042 2389 colore
2067 2340 2369 2389 tinxerunt:
2405 2347 2459 2390 et
2480 2347 2540 2389 ut

1479 2422 1561 2464 est
1579 2431 1689 2466 mos
1708 2416 2014 2479 hominibusi,
2035 2416 2331 2466 occasiones
2355 2432 2541 2481 repen-

1481 2492 1616 2541 tinas
1640 2493 1703 2541 ad
1728 2500 1866 2542 artes
1904 2493 2115 2553 ducere,
2148 2493 2275 2541 talia
2302 2496 2541 2556 exempla

1478 2568 1794 2617 meditantes
1826 2567 2069 2617 feceruut
2103 2567 2422 2631 principibus
2451 2568 2539 2617 de-

1479 2657 1570 2690 cus
1625 2644 1795 2692 nobile
1835 2643 1981 2705 dare,
2019 2643 2157 2707 quod
2198 2643 2539 2692 substantiam

1479 2721 1710 2769 noscitur
1761 2719 1954 2768 habere
2004 2717 2354 2768 mediocrem.’
2410 2720 2540 2768 Pro-

1479 2803 1620 2859 pert.
1638 2795 1729 2844 lib.
1751 2809 1837 2844 111.
1877 2795 2025 2858 Eleg.
2055 2798 2135 2842 12.
2171 2808 2247 2843 vs.
2271 2799 2318 2843 7.
2341 2795 2356 2822 4
2375 2794 2538 2857 Tyros

1479 2875 1702 2924 ostrinos
1759 2873 1964 2937 praebet
2021 2872 2247 2920 Cadmea
2301 2871 2542 2922 colores?

1478 2950 1603 3001 Alia
1624 2967 1687 3002 ex
1713 2951 1929 3000 Polluce
1951 2956 2006 2998 et
2024 2949 2229 2997 Nonno
2253 2950 2430 2998 attulit
2450 2962 2540 3012 po-

1475 3033 1631 3081 litiss.
1667 3031 1955 3081 Politianus
1991 3027 2372 3077 Miscellaneor.
2421 3028 2537 3090 cap.

1480 3112 1562 3157 12.
1597 3109 1747 3157 Idem.
2408 3156 2414 3162 ,

1547 3185 1746 3235 Somnos
1765 3182 1905 3232 dabat
1926 3177 2091 3242 herba]
2114 3178 2297 3229 Senec.
2321 3177 2377 3226 iu
2403 3176 2536 3240 Hip-

1479 3264 1646 3327 polyt.
1672 3276 1747 3311 vs.
1767 3265 1884 3310 508.
1918 3260 1934 3287 ‘
1953 3260 1987 3310 J
1994 3259 2103 3307 uvit
2126 3263 2212 3306 aut
2233 3254 2394 3304 amnis
2419 3255 2539 3319 vagi

1479 3340 1740 3389 Pressisse
1755 3337 1913 3401 ripas,
1926 3336 2123 3399 cespite
2140 3343 2229 3383 aut
2246 3332 2386 3382 nudo
2402 3333 2539 3382 leves

1477 3416 1705 3466 :Duxisse
1722 3411 1963 3464 somnos.’
2030 3411 2170 3460 Vide
2186 3409 2375 3461 Jacob.
2399 3410 2538 3459 Pon-

1480 3500 1586 3543 tan.
1611 3493 1677 3542 ad
1703 3491 1888 3553 Virgil.
1910 3490 2087 3551 Eclog.
2110 3501 2150 3538 1.
2196 3488 2343 3535 Idem.

1546 3568 1744 3620 Somnos
1763 3566 1991 3630 salubres]
2022 3564 2208 3628 virgil.
2230 3577 2321 3612 111.
2345 3561 2541 3625 Georg-

1479 3648 1494 3676 ‘
1517 3650 1635 3698 Nec
1678 3663 1881 3698 somnos
1932 3645 2198 3709 abrumpit
2237 3658 2364 3693 eura
2408 3644 2542 3692 salu-

1479 3723 1636 3774 bres?
1672 3725 1824 3774 Idem.
2261 3770 2262 3775 ,

1547 3802 1745 3849 Potum·
1765 3815 1941 3864 quoque
1982 3797 2189 3847 lubricus
2225 3793 2401 3857 amnis]
2438 3795 2540 3843 Lu·

1480 3884 1613 3927 cret.
1634 3878 1724 3926 lib.
1742 3891 1795 3927 ν.
1828 3880 1844 3905 4
1865 3876 2058 3925 Sedare
2078 3874 2215 3922 sitim
2238 3870 2402 3933 fluvii,
2426 3870 2540 3920 fon·

1478 3960 1667 4017 tesque
1710 3951 1999 4002 vocabant.’
2065 3951 2249 4000 Senec.
2281 3948 2337 3996 in
2377 3948 2540 4012 Hipp.

1480 4044 1557 4079 ve.
1582 4032 1697 4078 513.
1730 4030 1744 4056 4
1770 4029 2004 4076 Excussa
2038 4027 2195 4090 sylvis
2229 4039 2383 4089 poma
2403 4038 2540 4074 com-

1479 4111 1702 4170 pescunt
1717 4102 1926 4163 famem,
1949 4105 2016 4153 Et
2037 4102 2183 4167 fraga
2208 4103 2378 4165 parvis
2396 4102 2540 4150 vulsa

1480 4181 1705 4232 dumetis
1737 4180 1880 4229 cibos
1904 4179 2080 4228 Facile
2101 4179 2420 4227 ministrant:
2459 4190 2541 4225 re-

1481 4260 1593 4323 gios
1650 4258 1802 4305 luxus
1840 4255 2017 4319 procul
2052 4256 2152 4304 Est
2189 4255 2413 4316 impetus
2456 4251 2539 4301 fu-

1481 4335 1651 4400 gisse:
1691 4332 1916 4382 sollicito
1937 4331 2118 4380 bibant
2138 4330 2280 4380 Auro
2300 4330 2535 4394 superbi:
