3049 4928
612 410 914 457 Botss'rmt
968 406 1063 456 DE
1109 406 1415 455 CONSOL.
1466 408 1906 457 PHlbOSOPH.
1958 412 2105 458 mn.
2157 411 2232 457 11.

341 567 442 618 que
459 566 615 601 voces
633 566 756 600 anre
775 551 989 601 sollicita
1005 550 1234 614 excipit!
1260 552 1404 601 Idem.

407 628 616 691 Acidos]
668 630 852 678 Senec.
894 628 942 677 in
977 628 1142 678 Herc.
1179 630 1291 680 OEt.
1331 644 1402 678 vs.

342 708 458 754 631.
526 707 541 732 ⁸
565 703 761 766 Avidis,
781 704 944 753 avidis
980 705 1184 754 Natura
1222 718 1400 768 parum

346 778 464 829 est!
499 781 649 829 Idem.

414 856 695 919 [top-citas]
727 857 911 907 Senec.
949 857 1001 906 in
1032 857 1155 907 Oct.
1189 872 1264 907 vs.
1285 862 1402 907 424.

344 935 361 961 ‘
383 935 611 982 Luxuria
631 934 814 983 victrix
830 934 969 983 orbis
987 935 1260 984 immensas
1277 947 1403 998 opes

336 1005 671 1074 Jampridem
707 1012 875 1060 avaris
906 1010 1158 1073 manibus,
1196 1020 1253 1061 ut
1289 1027 1403 1075 per·

345 1090 457 1150 dat,
482 1087 656 1151 rapit!
704 1088 765 1137 In
789 1089 1150 1153 rapacitatem,
1174 1088 1281 1138 sive
1301 1104 1405 1137 nua-

345 1167 425 1214 vis
448 1166 736 1227 avaritiam,
764 1168 952 1215 acriter
974 1167 1251 1225 invehitur,
1273 1167 1408 1229 ejus·

334 1257 453 1306 qne
497 1242 677 1290 sordes
720 1243 962 1306 graphice
1007 1243 1241 1306 depingit
1278 1243 1408 1292 Pru·

350 1319 499 1367 deut.
539 1318 589 1367 in
624 1318 898 1382 Psychoui.
956 1320 1192 1382 Rapaces
1236 1327 1407 1367 autem

350 1395 482 1443 istos
513 1396 530 1423 ‘
553 1395 845 1458 Harpyias'
900 1396 1129 1444 nominat
1186 1394 1409 1445 Rutilius

351 1471 616 1522 Itinerarii
638 1474 773 1522 libro
797 1487 834 1523 1.
898 1474 913 1501 ‘
939 1475 1079 1523 Sacri
1096 1473 1411 1537 justissimus

324 1548 550 1597 -arbiter
581 1548 679 1598 aevi
697 1549 1147 1598 circumsistentes
1187 1549 1414 1611 reppulit

352 1625 653 1689 Harpyias3
687 1626 967 1690 Harpyias,
1001 1642 1215 1691 quarum
1240 1629 1414 1677 decer·

354 1701 501 1764 pitur
526 1702 781 1765 unguibus
803 1704 964 1765 orbis,
995 1704 1097 1756 Qui
1139 1705 1269 1766 pede
1304 1705 1412 1767 glu-

356 1779 500 1826 tineo
522 1777 660 1841 quod
682 1779 904 1841 tetigere
927 1779 1176 1828 trahunt!
1217 1782 1362 1830 Idem.

427 1854 548 1909 Qua·
568 1852 682 1912 jam
713 1855 1001 1917 precipitem
1032 1855 1180 1914 frena
1219 1856 1416 1919 Cupidi-

356 1929 490 1992 nem]
525 1930 708 1982 Senec.
744 1932 793 1979 in
817 1933 1005 1984 OctaV.
1029 1948 1103 1985 vs.
1124 1938 1238 1984 416.
1280 1937 1294 1962 ‘
1314 1936 1415 1984 Cu-

328 2006 486 2069 ,pido
510 2006 632 2054 belli
655 2008 844 2068 crevit,
876 2015 1031 2073 atque
1070 2011 1180 2058 auri
1220 2008 1417 2060 fames!

356 2082 634 2132 Juvenalis
668 2084 779 2132 Sat.
803 2098 926 2135 xw.
956 2087 972 2112 ‘
1000 2086 1133 2135 Inde
1171 2085 1283 2137 fere
1308 2104 1418 2138 sce-

357 2158 529 2207 lerum
552 2173 767 2222 caussae,
786 2175 881 2211 nec
904 2162 1053 2225 plura
1076 2179 1274 2213 venena
1293 2165 1418 2214 Mis-

359 2235 493 2295 cuit,
509 2243 601 2284 ant
616 2233 757 2284 ferro
774 2247 1042 2300 grassatur
1058 2241 1247 2303 saepius
1265 2242 1420 2290 ullum

357 2311 620 2374 Humanae
641 2312 826 2360 mentis
862 2313 1061 2377 vitium,
1091 2330 1243 2379 quam
1282 2332 1421 2366 saeva

332 2405 338 2412 ·
358 2386 555 2450 cupido
574 2388 845 2438 Immodici
865 2390 1084 2441 census.’
1149 2391 1283 2441 Vide
1300 2408 1422 2457 quo·

330 2491 337 2495 ·
361 2479 465 2528 que
488 2464 553 2515 B.
576 2464 919 2529 Augustinnm
952 2468 1039 2517 lib.
1069 2482 1156 2519 111.
1196 2469 1261 2519 de
1286 2470 1420 2519 Civi-

363 2549 483 2591 tate
507 2543 633 2604 Dei,
668 2558 783 2606 cap.
803 2548 882 2592 10.
920 2545 1069 2595 Idem.

430 2618 554 2668 Sitis
570 2621 772 2668 ardescit
793 2619 1015 2684 habendi]
1048 2623 1107 2672 C.
1140 2622 1275 2671 Plin.
1307 2624 1424 2673 Sec.

363 2693 459 2744 lib.
484 2708 566 2744 rx.
590 2696 759 2758 Epist.
784 2700 866 2746 30.
900 2697 915 2724 ‘
932 2698 1010 2747 Ea
1050 2697 1241 2748 invasit
1263 2701 1424 2748 homi·

364 2783 463 2819 nes
512 2769 734 2819 habendi
796 2771 1005 2835 cupido,
1057 2781 1116 2823 ut
1173 2774 1424 2837 possideri

365 2845 553 2910 magis,
598 2860 750 2911 quam
804 2848 1071 2911 possidere
1119 2850 1430 2901 videantur!

334 2922 629 2973 ,Prudenn
683 2923 736 2971 in
793 2923 1085 2990 Hamartig.
1172 2928 1188 2954 ‘
1226 2927 1427 2989 Gurges

367 2999 626 3059 avaritiae,
652 2998 767 3049 finis
804 3015 955 3064 quem
995 3002 1164 3051 nullus
1204 3002 1428 3052 habendi

362 3075 679 3137 Temperat?
744 3076 847 3127 Qui
872 3092 995 3127 vero
1032 3078 1282 3140 dubitem,
1318 3080 1429 3130 Sal-

366 3232 700 3294 respexisse?
730 3232 850 3281 vide
875 3233 945 3282 sis
967 3234 1088 3297 quid
1117 3235 1203 3284 ille
1238 3235 1328 3284 lib.
1353 3250 1431 3285 tv.

366 3307 435 3357 de
457 3307 749 3358 Gubernat.
771 3309 891 3370 Dei,
923 3309 989 3359 de
1020 3323 1174 3359 avaro
1208 3312 1429 3375 quodam

367 3382 633 3448 proferat:
681 3385 847 3433 ‘Tum
878 3382 966 3434 ille
1003 3387 1113 3449 ejus
1150 3389 1304 3436 rebus
1346 3386 1435 3439 siti

343 3458 521 3509 ‘avida
539 3459 846 3523 inhiaverat,
875 3475 936 3510 ac
962 3463 1190 3524 praedam
1204 3462 1316 3525 jam
1341 3479 1435 3526 spe

371 3543 427 3584 et
471 3535 760 3598 cupiditate
804 3535 1168 3587 ardentissima
1225 3537 1438 3587 devora-

346 3638 349 3641 ·
375 3610 541 3673 verat,
570 3611 851 3675 respiciens
906 3627 967 3661 ac
1022 3612 1226 3662 vibrans
1277 3614 1328 3663 in
1383 3630 1439 3666 os

375 3704 547 3740 meum
573 3696 747 3739 truces
769 3691 967 3752 oculos,
996 3698 1181 3755 utpote
1203 3691 1288 3756 qui
1327 3693 1440 3742 tolli

379 3766 479 3817 sibi
516 3781 548 3815 a
579 3781 663 3816 me
709 3774 933 3829 putaret,
964 3768 1101 3833 quod
1142 3770 1252 3832 ipse
1292 3770 1440 3819 alteri

350 3857 476 3892 non
521 3843 747 3902 tulisset,
795 3857 1119 3908 nequaquam
1164 3844 1260 3894 hoc
1306 3845 1440 3909 quod

374 3926 612 3985 peterem
636 3918 812 3969 facere
851 3934 906 3968 se
945 3934 1095 3982 posse
1137 3920 1441 3983 respondit!

354 3996 502 4046 -Alia
527 3995 741 4044 adducit
765 3994 998 4045 Andreas
1014 3997 1356 4062 Tiraqnellus,
1376 3998 1442 4046 de

352 4071 672 4122 ·Nobilitate
705 4086 822 4135 cap.
857 4076 907 4121 3.
942 4087 1080 4122 num.
1110 4079 1160 4122 6.
1201 4080 1257 4122 et
1295 4088 1444 4138 seqq.

380 4149 571 4198 Multis
594 4162 796 4212 quoque
817 4149 914 4199 hoc
934 4151 1124 4199 malum
1163 4151 1352 4212 passim
1394 4152 1446 4199 iu

358 4224 488 4273 ,suis
527 4224 749 4272 homiliis
792 4226 1027 4288 exagitat
1070 4226 1121 4274 S.
1146 4226 1448 4290 chrysosto-

383 4314 525 4351 mus:
563 4299 711 4363 cujus
734 4301 848 4351 loca
867 4301 1045 4350 omniu¹
1063 4316 1331 4353 recensere
1360 4303 1445 4353 hic

2403 396 2534 460 459

1479 551 1629 600 nimis
1647 553 1851 616 longum
1872 559 2025 603 esset.
2061 553 2210 602 Idem.

1546 630 1799 691 Nunquam
1834 630 1964 679 dives
2006 629 2135 691 agit]
2168 632 2184 658 ‘
2211 626 2338 677 llle’
2382 627 2534 693 siqui·

1481 702 1617 766 dem,
1656 711 1788 754 teste
1810 706 2011 754 Seneca
2035 706 2203 768 Epist.
2226 710 2303 754 15.
2341 706 2356 733 ‘
2379 706 2539 753 maxi-

1480 795 1563 829 me
1587 782 1780 831 divitiis
1810 781 2015 845 fruitur,
2046 783 2131 847 qui
2167 782 2374 830 minime
2412 782 2540 831 divi-

1480 858 1566 907 tiis
1604 858 1843 921 indiget.’
1896 860 2162 909 claudian.
2197 873 2237 907 1.
2277 859 2328 907 in
2365 858 2538 908 Rufin.

1481 949 1554 984 vs.
1575 940 1689 985 200.
1732 936 1748 963 ‘
1771 937 2043 1001 Nunquam
2069 936 2213 985 dives
2248 936 2369 996 eris,
2409 950 2538 983 nun-

1479 1027 1634 1075 quam
1657 1013 1912 1062 satiabere
1947 1020 2176 1076 quaestu:
2214 1013 2428 1074 Semper
2467 1013 2541 1060 iu·

1483 1103 1596 1152 ops,
1628 1089 1919 1153 quicunque
1959 1089 2142 1153 cupit!
2220 1090 2351 1138 Min.
2389 1090 2540 1138 Felix

1483 1166 1535 1215 iu
1578 1167 1703 1216 Oct.
1745 1167 1912 1219 ‘Quis
1958 1174 2129 1229 potest
2166 1181 2363 1229 pauper
2405 1181 2543 1230 esse,

1465 1243 1573 1306 ·qui
1595 1257 1696 1292 non
1718 1251 1855 1305 eget,
1890 1243 1976 1307 qui
2013 1258 2112 1292 non
2154 1244 2315 1292 inhiat
2354 1245 2543 1304 alieno,

1484 1319 1575 1384 qui
1614 1320 1726 1368 Deo
1771 1318 1916 1368 dives
1960 1320 2071 1368 est?
2135 1320 2305 1382 Magis
2346 1334 2545 1383 pauper

1483 1394 1573 1443 ille
1597 1402 1696 1456 est,
1728 1395 1814 1459 qui
1839 1408 1953 1443 cum
1980 1395 2140 1443 multa
2162 1394 2369 1454 habeat,
2395 1396 2543 1456 plura

1486 1471 1782 1520 desiderat.’
1803 1477 1858 1520 et
1880 1485 1991 1534 quae
2016 1478 2322 1534 sequuntur.
2358 1473 2508 1520 Idem.

1552 1549 1743 1598 PnosA
1765 1561 1768 1564 ·
1816 1552 1865 1598 3.
1954 1547 2236 1612 Principum
2308 1549 2544 1611 civitatis]

1486 1624 1629 1673 Festi
1647 1623 1882 1673 nimirum
1904 1632 1956 1674 et
1969 1625 2278 1689 Symmachi.
2334 1627 2544 1675 Festum

1486 1700 1712 1764 quidem,
1730 1707 1887 1763 caput
1903 1709 2111 1750 senatus
2131 1708 2183 1750 et
2205 1702 2551 1764 exconsulem,

1488 1777 1557 1826 ab
1579 1791 1713 1826 anno
1732 1777 1933 1827 scilicet
1953 1790 2201 1828 cnnxxn.
2248 1777 2549 1827 Anastasius

1466 1853 1719 1903 ‘bibliotlu
1745 1854 1796 1903 in
1830 1853 2168 1916 Symmacho;
2202 1852 2387 1902 Avitus
2425 1867 2549 1902 vero

1470 1932 1765 1995 episcopus
1785 1931 2090 1980 Viennensis
2112 1931 2283 1993 Epist.
2306 1935 2353 1979 2.
2404 1931 2549 1993 Sym-

1472 2009 1728 2057 ·machum
1752 2007 1890 2057 iuter
1912 2008 2102 2070 primos
2125 2015 2388 2056 senatores
2410 2007 2551 2055 urbis

1493 2088 1744 2149 agnoscit.
1808 2086 1911 2135 Sed
1957 2085 2164 2134 dubium
2216 2098 2365 2133 omne
2419 2083 2554 2132 tollit

1496 2165 1761 2214 Enuodius
1803 2163 2067 2213 Paraenesi
2118 2161 2431 2210 didascalica
2473 2159 2553 2208 his

1494 2240 1698 2291 verbis:
1735 2240 1986 2290 ‘Patricii
2026 2240 2210 2288 Festus
2241 2245 2295 2288 et
2327 2239 2557 2301 Symma-

1496 2317 1643 2379 chus,
1677 2317 1897 2366 omnium
1921 2315 2309 2379 disciplinarum
2333 2314 2556 2364 'materia

1497 2401 1553 2444 et
1596 2400 1891 2443 constantes
1934 2391 2101 2442 forma
2148 2392 2439 2456 sapientiae,
2489 2392 2556 2440 ab

1497 2470 1625 2519 urbe
1648 2469 1997 2520 sacratissima
2036 2483 2138 2518 non
2156 2468 2425 2518 recedunt.
2492 2468 2557 2517 In

1496 2546 1621 2608 ipsis
1645 2552 1729 2595 est
1763 2546 1950 2595 nobilis
1989 2545 2156 2594 Curioe
2196 2543 2556 2607 principatus:

1500 2636 1629 2685 qnos
1653 2621 1864 2684 vidisse,
1889 2622 2080 2671 erudiri
2097 2620 2213 2671 est.’
2280 2620 2445 2670 Iidem
2467 2620 2561 2682 igi-

1500 2705 1589 2747 tur
1610 2707 1731 2747 sunt
1752 2698 1939 2748 Boetio
1962 2704 2017 2747 et
2042 2697 2277 2747 Eunodio
2300 2698 2559 2760 principes

1499 2774 1723 2824 Senatus
1778 2788 1866 2824 seu
1921 2774 2168 2837 civitatis,
2206 2773 2560 2822 Consularium

1502 2850 1862 2915 antiquissimi,
1895 2851 2077 2900 Festus
2111 2858 2165 2899 et
2200 2850 2560 2914 Symmachus:

1502 2926 1659 2976 iidem
1704 2941 1907 2991 quoque
1954 2941 2081 2991 quos
2124 2934 2310 2990 postea
2358 2938 2564 2981 soceros

1503 3017 1625 3052 suos
1667 3011 1819 3052 vocat
1863 3000 2099 3051 Boetius.
2167 3000 2343 3064 Atque
2384 3008 2444 3049 ut
2480 2999 2565 3048 ‘in

1476 3093 1681 3128 ‘eornm
1733 3077 2037 3128 affinitatem
2083 3076 2338 3125 delectum
2374 3074 2462 3124 se'
2498 3075 2565 3124 ab

363 3153 574 3203 vianum
619 3154 683 3203 ad
719 3155 939 3205 Carmen
985 3158 1081 3207 hoc
1119 3158 1429 3209 Boe‘tianum
1478 3163 1483 3169 '

1506 3157 1581 3206 eis
1626 3163 1885 3216 testatur;
1930 3155 2005 3205 ita
2040 3160 2096 3203 et
2128 3153 2261 3203 idem
2297 3152 2568 3202 confirmat

1506 3233 1625 3282 ead.
1663 3233 1924 3282 Paraenesi
1964 3231 2226 3280 Ennodius
2260 3230 2360 3279 hoc
2399 3229 2569 3293 modo,

1506 3311 1522 3338 ⁸
1552 3311 1643 3360 Est
1679 3307 1894 3358 Boiitius
1935 3306 2217 3368 Patricius,
2248 3306 2299 3355 in
2340 3320 2441 3370 quo
2481 3306 2570 3354 vix

1509 3387 1744 3436 discendi
1768 3400 1925 3435 annos
1961 3383 2195 3448 respicis,
2229 3390 2284 3433 et
2318 3383 2568 3446 intelligis

1480 3457 1487 3481 ³
1510 3463 1747 3526 peritiam
1788 3460 2025 3511 sufficere
2059 3461 2168 3525 jam
2211 3460 2467 3509 docendi:
2503 3459 2570 3508 de

1480 3572 1485 3575 -
1511 3554 1613 3603 quo
1638 3538 2024 3587 emendatorum
2054 3536 2311 3601 judicavit
2334 3536 2521 3586 electio
2540 3534 2576 3585 :’

1512 3629 1611 3678 per
1627 3614 1953 3675 emendatos,
1974 3621 2034 3661 ut
2056 3612 2175 3660 milii
2199 3611 2407 3676 quidem
2431 3610 2573 3660 vide-

1516 3698 1617 3753 tur,
1669 3691 1804 3738 viros
1840 3689 1955 3738 illos
1998 3701 2220 3736 summos
2264 3687 2574 3749 intelligens.

1514 3767 1661 3830 Elpis
1684 3765 1843 3828 igitur
1875 3763 2018 3812 Festi
2055 3762 2179 3824 filia,
2209 3770 2267 3811 ut
2288 3762 2578 3826 Symmachi

1517 3841 1834 3892 Rusticiana.
1903 3839 2072 3889 Ambo
2128 3827 2263 3888 eniin
2318 3846 2460 3888 recte
2512 3840 2578 3889 de

1519 3917 1708 3968 Boetio
1716 3916 2104 3982 judicaverunt,
2135 3914 2256 3963 dum
2290 3927 2406 3962 eum
2441 3922 2583 3964 uter-

1518 3995 1693 4060 quein
1735 4006 1982 4056 generum
2023 3990 2215 4051 elegit3
2253 3990 2439 4038 Festus
2472 3990 2582 4053 qui-

1519 4071 1640 4120 dem
1695 4071 1816 4118 data
1870 4069 2026 4130 Elpe,
2070 4063 2406 4129 Symmachus
2460 4080 2583 4115 vero

1521 4146 1846 4197 Rusticiana.
1888 4144 2059 4193 Vallia.

1588 4225 1807 4284 Negatas
1846 4220 2036 4269 senibus
2075 4214 2357 4278 dignitates]
2414 4215 2586 4264 Patri-

1521 4301 1736 4362 ciatum,
1768 4311 1868 4363 quo
1890 4295 2164 4345 admodum
2191 4292 2405 4364 juvenis
2441 4306 2590 4342 orna-
