3049 4928
513 399 645 467 216

1212 416 1299 463 to
1310 413 1520 463 2'1'11111
1572 412 1669 463 DE
1717 412 1948 464 CONSO
1960 414 2020 463 [ι.

1503 558 1723 612 NOTAE

516 662 710 712 tionem
764 659 1194 726 nobilitatemque
1247 659 1571 724 despiciunt,

512 737 790 803 praedicari
815 737 880 787 de
905 752 959 786 se
977 752 1037 787 ac
1062 738 1314 787 nominari
1336 736 1556 787 volunt!

577 820 597 845 ¹·
618 815 813 863 Nostra»
843 814 1052 863 rationes
1072 815 1200 863 credi
1231 813 1421 876 vetant]
1444 814 1569 862 Plu·

511 904 595 940 res
619 890 755 940 enim
780 897 900 940 sunt
921 890 1165 953 rationes,
1180 889 1364 955 quibus
1388 889 1568 939 Philo·

511 967 691 1032 sophia
711 967 898 1031 probat
913 973 1138 1016 mentem
1159 967 1430 1016 humanam
1453 981 1567 1016 esse

508 1044 1112 1109 immortalem,adeoque
1127 1043 1379 1093 hominem
1396 1051 1567 1094 totum

507 1136 609 1171 non
663 1121 821 1171 mori:
880 1120 1087 1170 unicam
1133 1120 1439 1185 proferimus
1499 1136 1566 1170 ex

507 1198 625 1261 ipsa
646 1197 833 1246 mentis
855 1202 1047 1246 natura
1069 1195 1376 1247 desumtam.
1441 1196 1565 1246 Om-

508 1274 589 1323 nis
628 1288 711 1322 res
751 1272 862 1324 sive
905 1271 1214 1336 substantia,
1249 1274 1393 1337 cnjus
1422 1273 1565 1325 nulla

508 1355 592 1398 est
614 1349 712 1398 nisi
749 1350 976 1398 exterior
998 1363 1172 1411 causa,
1196 1358 1278 1399 est
1318 1351 1563 1417 perennis

507 1434 569 1476 et
600 1433 883 1491 perpetua:
937 1427 1056 1476 Deo
1099 1428 1354 1490 nimirum,
1386 1442 1417 1477 a
1460 1441 1563 1492 quo

506 1509 608 1566 est,
647 1519 795 1553 snum
828 1504 1017 1567 agendi
1050 1503 1279 1566 modum,
1325 1520 1427 1570 quo
1472 1506 1565 1554 illa

505 1579 802 1630 substantia
822 1580 1033 1630 condita
1068 1587 1169 1642 est,
1190 1581 1558 1631 continuante:

503 1655 577 1704 sic
613 1656 811 1706 Genios
848 1663 952 1705 tam
993 1656 1174 1720 malos,
1213 1643 1369 1720 quam‘
1399 1657 1561 1708 bonos

503 1739 786 1796 perpetuos
840 1730 952 1782 fore
995 1732 1286 1783 credimus:
1326 1734 1405 1782 sic
1448 1736 1563 1798 ipsa

501 1806 741 1866 materia,
786 1822 902 1871 quae
946 1808 1099 1870 vulgo
1142 1807 1333 1858 dicitur
1378 1810 1561 1874 prima,

503 1880 569 1930 ab
591 1881 828 1931 omnibus
848 1881 1071 1932 habetur
1089 1889 1359 1947 perpetua.
1392 1883 1559 1949 Atqui

502 1970 648 2007 mens
663 1957 883 2007 hnmana
902 1957 979 2007 ita
1002 1972 1056 2008 se
1076 1958 1254 2008 habet.
1319 1961 1416 2010 Est
1442 1960 1556 2025 qui·

1651 659 1769 709 dem
1784 658 2106 709 substantia:
2133 657 2251 723 quia
2269 658 2420 708 alteri
2436 672 2538 708 non
2551 657 2715 709 inhae·

1653 750 1788 797 rens,
1825 735 1926 784 suis
1965 734 2200 798 subjacet
2236 721 2706 799 qualitatibusz'at

1651 812 1877 876 ejusdem
1901 812 2042 861 nulla
2062 818 2143 860 est
2165 811 2263 859 nisi
2280 813 2510 861 exterior
2527 827 2718 873 causa3

1650 887 1902 951 efficiens,
1926 895 1980 938 et
2002 887 2119 939 finis
2145 905 2158 938 :
2194 888 2615 952 quandoquidem
2640 903 2709 937 ex

1648 967 1866 1016 materia
1903 980 2006 1016 non
2050 965 2267 1028 pendet.
2350 964 2513 1030 Atqui
2555 965 2710 1029 liujus

1647 1058 1749 1093 auae
1793 1043 2193 1094 immortalitatis
2217 1058 2362 1092 mens
2393 1044 2716 1092 humanaita

1648 1119 1854 1169 conscia
1879 1128 1980 1182 est,
2003 1120 2134 1168 banc
2158 1127 2216 1167 ut
2238 1133 2445 1182 semper
2467 1125 2714 1182 appetat,

1649 1210 1899 1261 quamque
1938 1195 2036 1245 sibi
2070 1202 2268 1244 tantum
2309 1195 2528 1245 deberet
2560 1194 2715 1244 attri-

1648 1271 1827 1333 buere,
1859 1272 1992 1321 hanc
2045 1272 2325 1321 temeraria
2363 1271 2586 1336 quadam
2628 1285 2712 1319 as-

1645 1350 1901 1399 sumtione
1942 1348 2154 1400 caducis
2194 1348 2352 1397 etiam
2377 1348 2549 1410 rebus,
2586 1364 2710 1398 cum

1645 1425 1829 1490 quibus
1863 1440 1919 1474 se
1944 1423 2199 1490 quandam
2223 1431 2378 1488 putat
2398 1424 2595 1474 habere
2619 1439 2713 1473 ne-

1645 1501 2034 1563 cessitudinem,
2073 1500 2270 1550 tribuat
2294 1517 2307 1549 ι
2350 1501 2424 1550 sic
2457 1508 2712 1563 parentes

1643 1578 1697 1628 in
1711 1577 1914 1638 liberis;
1933 1584 2170 1627 auctores
2192 1577 2241 1626 in
2260 1576 2498 1640 scriptis;
2522 1591 2710 1626 omnes

1642 1655 1697 1704 in
1747 1654 2125 1718 superbioribus
2184 1654 2437 1718 sepulcris
2495 1654 2711 1703 immor·

1644 1733 1801 1782 talem
1820 1732 2075 1796 quandam
2107 1732 2268 1780 vitam
2290 1731 2559 1780 habituros
2584 1745 2712 1793 spe·

1642 1818 1759 1860 rant
1780 1829 1794 1860 ε
1832 1826 1992 1874 quare
2009 1810 2211 1860 Tullius
2228 1811 2295 1860 de
2311 1811 2524 1878 Senect.
2554 1811 2570 1837 ‘
2588 1809 2708 1876 Op-

1639 1886 1790 1949 timi:
1814 1888 2003 1951 inquit,
2022 1889 2038 1915 ‘
2061 1888 2317 1951 cujusque
2339 1886 2535 1935 animus
2559 1900 2708 1934 max-

1637 1963 1740 2013 ime
1763 1962 1831 2012 ad
1847 1963 2188 2020 immortalem
2211 1960 2422 2027 gloriam
2446 1960 2678 2011 nititur-⁸

1278 2456 1704 2524 METRUM
1751 2458 1926 2524 VII.

759 2638 1228 2719 chUMQUB.
1258 2641 1477 2706 solam
1499 2649 1550 2688 ¹⁵
1593 2649 1807 2708 mente
1834 2617 2205 2729 praecipiti’
2244 2647 2437 2732 petit,

846 2745 1334 2829 Summumque
1369 2745 1587 2811 credit
1615 2746 1894 2830 gloriam
1914 2768 1932 2829 ;
1950 2748 1967 2782 ‘

567 2957 792 3023 Quisquis
814 2960 1158 3012 inconsiderato
1179 2962 1337 3012 animo
1359 2962 1515 3013 tendit
1538 2966 1728 3012 tantum
1747 2965 1810 3013 ad
1828 2964 2054 3028 gloriam,
2082 2970 2128 3016 et
2150 2965 2280 3015 illam
2296 2969 2437 3031 putat
2456 2980 2559 3016 esse
2578 2978 2701 3014 suut-

1415 3107 1777 3130 ‘OOOOOOOOOOO

556 3210 616 3255 15
652 3206 758 3256 Ms.
781 3206 1034 3260 Rittersh.
1058 3208 1349 3274 Quicumque
1368 3209 1535 3260 solum.

1488 3342 1539 3392 N
1546 3342 1703 3394 01·AE

554 3458 573 3482 ⁸
606 3451 775 3501 Mente
803 3454 1069 3519 precipiti]
1098 3454 1219 3504 Sive
1252 3454 1552 3519 praecipita-

490 3526 652 3576 tione.
698 3530 796 3577 Est
812 3537 984 3578 autem
1003 3531 1356 3594 praecipitatio
1375 3531 1555 3581 incon·

491 3604 776 3656 sideratum
799 3607 865 3657 de
888 3608 1064 3672 ignoto
1077 3608 1362 3672 judiciumz
1385 3610 1554 3673 prima

489 3681 678 3730 erroris
702 3681 938 3748 adeoque
965 3683 1078 3732 vitii
1100 3683 1263 3746 origo.

551 3757 717 3819 Petit]
748 3758 943 3809 Petere
966 3759 1156 3823 aliquo,
1189 3759 1399 3824 proprie
1436 3775 1547 3810 cor-

486 3833 627 3895 poris
650 3840 731 3883 est
748 3834 815 3885 ab
848 3849 949 3884 una
979 3835 1034 3884 in
1055 3837 1275 3887 alteram
1307 3838 1546 3889 viciniam

485 3911 757 3961 translati:
783 3911 874 3961 sed
899 3920 1116 3977 propter
1134 3915 1388 3980 quandam
1410 3917 1549 3966 simi-

483 3984 759 4036 litudinem
803 3988 999 4038 dicitur
1038 3991 1194 4040 etiam
1239 3992 1307 4043 de
1352 4001 1547 4057 mente,

485 4070 738 4126 quatenus
781 4064 896 4115 haec
933 4066 1197 4117 voluntate
1237 4082 1332 4118 sua
1376 4069 1547 4133 aliquo

482 4138 723 4190 inclinat.
793 4186 807 4196 .

549 4220 565 4248 ⁸
596 4216 925 4284 Summumque
951 4221 1104 4271 credit
1134 4220 1363 4284 gloriam]
1396 4222 1547 4271 Sum·

484 4306 622 4344 mum
637 4295 839 4348 scilicet
858 4296 1077 4348 bonnm:
1102 4311 1220 4347 cum
1240 4297 1375 4347 enim
1392 4311 1547 4348 omne

1636 3456 1776 3522 quod
1806 3456 2090 3520 expetitur,
2122 3455 2175 3504 id
2214 3451 2471 3519 quandam
2510 3451 2701 3501 babeat

1632 3533 1754 3584 boni
1778 3532 2025 3599 speciem,
2056 3537 2341 3596 propterea
2364 3541 2578 3577 necesse
2601 3534 2704 3590 est,

1632 3616 1693 3659 ut
1715 3609 1852 3675 quod
1877 3623 1986 3673 prae
2011 3608 2245 3659 omnibus
2266 3605 2552 3670 expetitur,
2568 3603 2698 3655 illud

1631 3686 1815 3736 summi
1869 3686 1993 3736 boni
2047 3684 2274 3750 speciem
2321 3681 2545 3732 habeat:
2582 3679 2698 3729 fieri

1630 3770 1805 3813 autem
1826 3777 1929 3812 non
1952 3769 2145 3827 potest,
2175 3768 2235 3810 ut
2270 3759 2436 3824 gloria
2463 3756 2699 3807 mortalis

1629 3839 1872 3889 videatur
1889 3853 2140 3890 summum
2157 3835 2366 3898 bonum,
2386 3834 2487 3884 nisi
2505 3834 2586 3896 iis,
2607 3831 2697 3896 qui

1630 3914 1947 3979 praecipites‚
1978 3913 2188 3962 notione
2216 3910 2439 3961 obscura
2460 3914 2553 3958 aut
2574 3920 2697 3959 con·

1630 3991 1746 4041 fusa
1764 3991 1830 4040 ad
1843 3990 2186 4056 judicandum
2209 3987 2502 4038 ducuntur:
2535 3985 2599 4039 iis
2618 3984 2694 4033 ni·

1628 4069 1834 4132 mirum,
1864 4067 1970 4132 qui,
1993 4067 2174 4116 innata
2195 4065 2429 4125 notione,
2462 4078 2567 4129 qua
2587 4077 2693 4112 om·

1626 4160 1720 4195 nes
1739 4146 1971 4194 volumus
1990 4157 2102 4192 esse
2116 4141 2319 4204 felices,
2333 4141 2554 4201 inducti,
2565 4137 2697 4187 falsa

1629 4220 1942 4270 assumtione
1967 4219 2161 4268 homini
2177 4218 2375 4283 potius,
2397 4230 2553 4281 quam
2573 4216 2692 4265 Deo

1627 4298 1779 4349 unice
1801 4296 2087 4348 adhaerent.
