3049 4928
646 400 952 450 1301?an
1005 402 1099 449 DE
1149 400 1458 447 CONSUL.
1510 399 1957 448 PHILOSOPH.
2013 403 2155 449 LlB.
2206 403 2252 450 1.

341 542 488 593 Ὀτοι
516 541 636 592 ποτὲ
671 544 777 606 ὑμῖν
819 543 909 606 εἰμι
941 541 1314 606 διατεταγμένος,
1335 544 1420 593 Ὦς

354 620 524 685 ἕψομαι
543 621 593 684 γ’
613 620 794 673 ἄοκνος.
864 622 983 672 Hoc
1008 630 1106 683 est,
1128 625 1142 651 ‘
1157 622 1247 671 Me
1268 622 1303 673 J
1308 621 1418 685 upi-

356 705 441 748 ter
479 698 582 748 duc
617 705 673 748 et
707 698 804 748 fati
842 699 1146 757 necessitas,
1172 699 1418 749 Quocun-

352 788 455 839 que
494 781 669 825 vestro
713 776 998 825 destinatus
1032 776 1243 825 numine
1275 776 1416 825 Sum.

351 867 474 901 nam
498 853 676 903 volens
714 853 933 918 sequar!
996 853 1121 917 Ipse
1141 852 1418 916 Epictetus

349 943 455 979 non
492 931 672 992 semel,
708 936 767 979 ut
801 930 938 994 apud
975 930 1207 993 Lipsium
1241 931 1418 981 videre

352 1014 469 1057 est:
506 1006 599 1057 sed
622 1013 680 1058 et
709 1008 903 1058 celebri
936 1009 1025 1057 illo
1046 1010 1162 1059 loco
1192 1009 1418 1060 Dissert.

349 1085 551 1134 ultimae
590 1084 681 1134 lib.
720 1098 806 1136 ιιι.
854 1083 1296 1148 nmo-navaverunt
1326 1104 1418 1147 μου

349 1159 444 1219 τὴν
465 1158 611 1225 ὁρμὴν
629 1162 699 1225 τῷ
718 1162 820 1222 θεῷ.
840 1160 963 1211 θέλει
982 1162 1030 1223 μ’
1053 1162 1228 1213 ἐκεῖνος
1246 1162 1415 1227 πυρέσ-

351 1253 490 1298 σεινς
522 1238 653 1299 κάγὼ
697 1236 832 1287 θέλω.
866 1236 990 1288 θέλει
1030 1240 1179 1304 ὁρμᾷν
1226 1239 1303 1288 ἐπί
1338 1256 1412 1303 τις

350 1315 491 1377 κάγὼ
505 1313 641 1364 θέλω.
662 1313 787 1364 θέλει
807 1314 1054 1381 ὀρέγεσθαι
1073 1332 1089 1378 ;
1118 1317 1248 1378 κᾶεγὼ
1270 1315 1410 1367 θέλων

352 1392 482 1442 θέλει
501 1411 561 1454 με
579 1396 746 1455 τυχεῖν
764 1392 919 1454 τινόςς
942 1393 1074 1455 κάγὼ
1096 1393 1341 1455 βούλομαι.
1361 1395 1418 1443 οὐ

347 1468 510 1533 θέλεις
563 1471 617 1521 οὐ
660 1468 904 1532 βούλομαι.
956 1471 1201 1521 ἀποθανεῖν
1261 1470 1410 1534 θέλεις

347 1548 598 1598 ἆτοθανεῖν
647 1546 728 1597 οὖν
776 1547 912 1599 θέλω.
969 1549 1001 1598 i.
1070 1550 1085 1577 ‘
1105 1549 1416 1612 Appetitum

348 1630 524 1675 meum
550 1626 875 1675 obedientem
897 1625 1092 1688 praebni
1116 1625 1247 1675 Deo.
1287 1627 1417 1676 Vult

348 1702 438 1751 ille
485 1716 569 1753 me
615 1701 946 1751 febricitare?
987 1703 1121 1751 Volo
1165 1710 1221 1751 et
1262 1703 1415 1766 ipse.’

348 1779 546 1828 Vultue
570 1793 651 1827 me
676 1778 741 1828 ad
778 1781 793 1808 6
814 1779 1010 1844 aliquid
1034 1780 1286 1843 agendum
1321 1782 1414 1848 im·

348 1855 585 1919 pellere?
622 1856 691 1905 Et
725 1870 824 1918 ego
859 1858 991 1906 volo.
1059 1858 1188 1906 Vult
1216 1871 1298 1905 me
1324 1858 1414 1906 ali-

345 1933 472 1998 quid
506 1934 797 1997 appetere?
839 1934 956 1981 volo
993 1940 1049 1982 et
1088 1934 1219 1997 ipse.
1288 1934 1414 1983 Vult

345 2024 431 2059 me
451 2010 625 2075 aliqua
647 2024 703 2058 re
728 2009 917 2073 potiri?
937 2010 1070 2058 Volo
1087 2019 1142 2059 et
1166 2010 1293 2074 ipse.
1312 2023 1412 2061 uon

346 2086 501 2137 vult?
532 2088 668 2138 nolo.
738 2086 874 2135 Mori
897 2102 976 2135 me
995 2087 1138 2136 vult?
1161 2088 1298 2137 Mori
1319 2087 1414 2152 igi-

346 2170 434 2213 tur
480 2162 639 2213 volo!
702 2165 898 2212 Seneca
941 2179 1149 2229 qnoque
1203 2165 1290 2215 lib.
1346 2165 1414 2215 de

346 2240 508 2290 beata
532 2241 656 2304 vita,
689 2243 706 2270 6
728 2241 949 2291 Omnem
975 2250 1263 2305 temporum
1281 2243 1413 2293 diffi-

345 2318 599 2367 cultatem
622 2316 784 2367 sciet’
820 2317 1042 2381 Sapiens
1060 2321 1264 2381 ‘legem
1297 2335 1413 2370 esse

345 2402 573 2446 naturae.
642 2397 730 2458 Et,
764 2402 823 2445 nt
857 2396 1024 2445 bonus
1067 2397 1234 2460 miles,
1279 2397 1413 2448 feret

347 2475 584 2536 vulnera,
638 2474 963 2524 enumerabit
1011 2474 1304 2535 cicatriceS,
1356 2489 1413 2525 et

345 2551 799 2601 transverberatus
818 2551 955 2612 telis,
978 2553 1201 2601 moriens
1221 2552 1414 2602 amabit

346 2642 488 2689 eum,
528 2642 624 2692 pro
663 2643 767 2693 quo
812 2628 990 2691 cadet,
1022 2628 1411 2694 imperatorem.

344 2704 565 2755 habebit
586 2706 638 2754 in
664 2706 831 2754 auimo
855 2706 983 2754 illud
1006 2713 1154 2755 vetus
1179 2721 1413 2770 praecep-

347 2789 479 2842 tum,
494 2782 662 2831 Deum
681 2782 934 2847 sequere?
977 2784 1045 2832 Et
1066 2783 1307 2846 Epistola
1323 2797 1412 2835 xo-

343 2861 553 2923 sapieus
590 2860 924 2910 Democritus
959 2862 974 2889 6
997 2850 1095 2909 ηοή
1121 2875 1273 2910 nosse
1301 2871 1410 2910 tan·

343 2942 477 2997 tum,
511 2935 604 2985 sed
636 2936 782 3000 sequi
805 2936 986 2986 docuit
1007 2939 1172 2997 Deos,
1195 2946 1251 2986 et
1274 2940 1410 2987 acci-

342 3012 526 3061 dentia
547 3026 652 3061 nou
672 3013 826 3062 aliter
848 3014 1114 3077 excipere,
1146 3004 1410 3079 quam'im·

342 3086 574 3151 perata.’
656 3088 723 3137 Et
778 3104 974 3140 xczrm.
1041 3094 1056 3120 ‘
1080 3092 1199 3141 Non
1252 3107 1410 3155 pareo

346 3164 488 3226 Deo,
523 3163 614 3213 sed
641 3167 927 3216 assentior:
964 3182 1029 3216 ex
1058 3168 1225 3216 animo
1249 3168 1410 3229 illum,

341 3254 446 3289 non
470 3242 595 3304 quia
627 3256 840 3291 necesse
879 3249 981 3305 est,
1019 3244 1239 3308 sequor.'
1307 3246 1408 3294 Cu·

333 3315 426 3378 jus
450 3319 709 3380 praecepti
746 3333 847 3367 nou
883 3326 1089 3369 veteres
1125 3320 1201 3369 illi
1236 3322 1409 3382 modo,

340 3392 434 3440 sed
458 3399 515 3442 et
546 3395 710 3443 nostri
745 3396 1107 3446 meminerunt.
1175 3398 1247 3447 D.
1271 3397 1405 3447 enim

341 3466 667 3540 Augustinus
718 3472 808 3522 lib.
857 3474 923 3522 de
967 3472 1281 3536 virginitate
1317 3475 1411 3535 ait,

343 3545 359 3572 ‘
376 3546 528 3610 sequi
553 3547 720 3595 Deum
739 3547 753 3567 '
778 3563 891 3597 esse
929 3552 943 3577 ‘
960 3550 1149 3599 imitari
1166 3551 1180 3571 ’
1217 3553 1408 3600 Deum.

342 3621 358 3649 ‘
379 3621 486 3672 Qui
510 3623 684 3672 Deum
707 3625 1164 3689 sequitur,’inqnit
1189 3628 1259 3676 D.
1283 3626 1406 3676 Am-

342 3700 549 3751 brosius
571 3703 602 3750 l.
629 3716 667 3750 ι.
688 3702 753 3750 de
777 3703 1060 3765 Abraham,
1077 3706 1093 3733 ‘
1118 3712 1259 3753 tutus
1279 3719 1410 3753 sem·

342 3791 441 3840 per
465 3777 582 3826 est.’
651 3778 709 3825 ln
755 3792 920 3842 eoque
954 3781 968 3807 ‘
994 3777 1372 3842 perfectionem
1395 3780 1409 3801 '

342 3854 413 3902 D.
438 3854 745 3918 Hieronym.
792 3854 842 3903 in
866 3855 1032 3906 Math.
1052 3861 1133 3908 19.
1164 3859 1407 3909 collocat.

356 3928 535 3979 Vallin.

411 4006 716 4055 Consimilem
741 4008 1064 4072 Deosaceres]
1097 4010 1167 4059 Et
1184 4011 1282 4060 hoc
1304 4010 1408 4075 Py-

344 4080 663 4144 thagoricum
690 4098 805 4132 esse
836 4100 899 4133 ex
934 4086 1165 4149 ejusdem
1189 4086 1408 4138 Jambli-

341 4157 425 4206 chi
473 4160 594 4206 vitae
646 4162 954 4223 Pythagorae
1011 4162 1099 4211 lib.
1140 4174 1206 4212 ιι.
1240 4170 1408 4228 patet,

340 4234 471 4294 Φημὶ,
511 4234 562 4284 δὲ
594 4237 806 4295 ὁμοίωσις
837 4240 923 4298 θεῷ
950 4240 1074 4288 κατὰ
1103 4239 1162 4288 τὸ
1194 4239 1407 4290 δυνατόν.

339 4312 556 4381 ὁμοίωσις
576 4311 630 4362 δὲ
644 4313 817 4362 δίκαιον
835 4315 914 4364 καὶ
945 4315 1073 4364 ὅσιον
1097 4317 1218 4377 μετὰ
1239 4316 1407 4380 φρονή-

2426 387 2559 452 445

1492 558 1613 593 σεως
1653 541 1886 605 γενέσθαι.
1976 543 2089 595 Θεὸς
2126 546 2301 607 οὐδαμῆ
2344 547 2560 609 οὐδαμῶς

1493 619 1666 685 ἄδικος,
1684 622 1817 683 ἀλλ’,
1838 622 1901 672 ὡς
1911 619 2009 673 οἷόν
2033 641 2109 684 τε,
2134 622 2441 677 δικαιότατος.
2478 625 2559 675 καὶ

1490 698 1578 748 οὐκ
1598 696 1729 749 ἔστιν
1760 699 1886 762 αὐτῷ
1914 698 2178 765 ὁμοιότερον
2205 699 2338 750 οὐδὲν
2356 702 2388 761 ἢ
2410 701 2462 752 ὃς
2501 702 2560 751 ἃν

1490 774 1620 836 ἡμῶν
1642 773 1701 825 αὖ
1715 774 1914 839 γένηται
1934 776 2004 827 ὅτι
2022 777 2331 829 δικαιότατος.
2370 779 2405 829 i.
2426 780 2441 807 ‘
2459 781 2559 830 Fu·-

1492 868 1559 914 ga
1582 860 1753 903 autem
1774 853 1789 877 '
1813 869 1843 904 e
1868 856 2091 904 mundo‘
2124 856 2176 905 in
2219 870 2281 906 eo
2321 856 2425 906 sita
2458 863 2560 920 est,

1492 935 1571 991 ut,
1590 937 1842 994 quantum
1854 931 2096 994 possibile
2113 938 2213 1001 est,
2228 933 2349 983 Deo
2364 933 2556 984 similes

1490 1002 1711 1055 fiamus?
1790 1008 1894 1057 Et:
1943 1007 2163 1059 ‘Dens'
2199 1008 2339 1059 enim
2385 1010 2557 1060 ‘nullo

1492 1083 1700 1138 omniuo
1744 1091 1901 1146 pacto
1940 1084 2181 1148 injustus,
2221 1085 2335 1150 sed,
2378 1093 2436 1136 ut
2482 1087 2559 1138 sic

1493 1155 1686 1220 dicam,
1718 1173 1869 1223 quam
1894 1159 2243 1222 justissimus:
2280 1176 2378 1211 nec
2413 1162 2558 1228 quic·

1492 1249 1644 1299 quam
1679 1235 1730 1284 ei
1769 1236 2004 1299 similius,
2039 1252 2192 1301 quem
2227 1245 2287 1288 ut
2323 1248 2558 1288 nostrum

1493 1310 1716 1375 quisque
1753 1311 1822 1361 sit
1850 1311 2209 1374 justissimus!
2249 1314 2559 1379 ,voluitque

1492 1387 1834 1451 Pythagoras,
1858 1394 1916 1438 ut
1950 1388 2112 1438 refert
2153 1390 2273 1440 vitae
2303 1390 2413 1454 ejus
2442 1405 2561 1441 auc-

1495 1470 1577 1512 tor
1605 1478 1890 1528 anonymus
1925 1465 2063 1529 apud
2094 1466 2359 1528 Photinm,
2397 1466 2557 1519 homi-

1491 1554 1584 1589 nes
1608 1555 1721 1590 eam
1744 1540 2129 1592 similitudinem
2152 1545 2417 1607 consequi,
2436 1545 2560 1594 assi·

1491 1618 1595 1668 due
1618 1620 1680 1684 τῇ
1700 1618 1857 1685 ὁμιλίᾳ
1873 1622 1938 1685 τῇ
1954 1620 2069 1685 πρὸς
2088 1621 2200 1671 τοὺς
2231 1621 2375 1686 θεοὺς,
2405 1624 2421 1651 ‘
2440 1638 2557 1674 cum

1491 1696 1609 1745 Diis
1645 1697 2024 1762 colloquendo.'
2060 1697 2244 1761 ἀνάγκη
2275 1699 2370 1763 γὰρ
2401 1716 2560 1764 προσι-

1488 1771 1606 1822 ὄντα
1636 1773 1811 1839 αὐτοῖς,
1830 1780 1935 1824 κατ’
1960 1776 2109 1825 ἐκεῖνο
2142 1778 2304 1842 καιροῦ
2325 1776 2557 1840 χωρίζεσ·

1488 1853 1563 1899 θαι
1615 1851 1761 1901 αὐτὸν
1811 1850 1968 1911 πόσης
2021 1853 2205 1916 κακίας,
2256 1853 2324 1906 εἷς
2366 1854 2559 1916 δύναμιν

1489 1927 1737 1988 ὁμοιοῦντα
1755 1928 1923 1979 ἑαυτὸν
1937 1931 2007 1992 τῷ
2028 1932 2131 1993 θεῷ’.
2168 1932 2185 1960 ‘
2199 1932 2554 1983 Accedentem

1488 2007 1629 2056 enim
1655 2008 1720 2057 ad
1745 2023 1835 2058 eos
1858 2015 1984 2059 tunc
2011 2010 2327 2074 potissimum
2351 2011 2417 2060 ab
2450 2026 2561 2060 om-

1489 2082 1545 2130 ni
1575 2098 1630 2132 se
1655 2084 1910 2136 maleficio
1934 2086 2193 2136 abstinere
2217 2102 2431 2137 necesse
2454 2093 2557 2148 est,

1489 2164 1546 2208 et
1566 2161 1739 2225 quoad
1762 2160 1874 2216 fieri
1895 2171 2093 2227 potest,
2112 2165 2228 2214 Deo
2248 2164 2557 2226 assimilari,'

1489 2234 1777 2300 inquiebat.
1843 2239 1962 2290 Quo
1985 2254 2049 2288 ex
2074 2239 2239 2304 fonte,
2265 2247 2322 2290 ut
2366 2246 2423 2291 et
2453 2242 2557 2290 alia

1489 2313 1655 2361 multa
1710 2312 1885 2364 hausit
1931 2315 2107 2377 Plato,
2161 2316 2288 2368 illud
2334 2317 2557 2380 protulit

1489 2403 1695 2455 qnoque
1719 2392 1770 2440 in
1788 2392 2077 2456 Theaeteto‚
2094 2394 2225 2456 Φυγὴ
2254 2392 2323 2454 δὲ,
2344 2394 2557 2457 ὁμοίωσις

1487 2470 1577 2531 θεᾷ
1602 2468 1726 2518 κατὰ
1757 2468 1816 2518 τὸ
1848 2469 2059 2523 δυνατόν.
2123 2471 2368 2535 *Ομοίωσις
2404 2472 2455 2521 δὲ
2490 2472 2554 2522 δί-

1487 2559 1621 2593 καιον
1640 2545 1719 2593 καὶ
1736 2545 1869 2596 ὅσιον
1889 2548 2011 2608 μετὰ
2032 2548 2298 2613 φρονήσεως
2317 2549 2556 2612 γενέσθαι.

1487 2621 1587 2670 Et:
1640 2619 1757 2672 Θεὸς
1794 2623 1970 2686 οὐδαμῆ
2009 2626 2216 2688 οὐδαμῶς
2236 2626 2407 2689 ἄδικος,
2436 2623 2551 2678 ἀλλ’

1485 2695 1548 2745 ὥς
1584 2694 1685 2746 οἷόν
1723 2717 1781 2748 τε
1821 2700 2127 2752 δικαιότατος.
2166 2702 2248 2753 καὶ
2290 2703 2375 2753 οὐκ
2424 2701 2555 2752 ἔστιν

1486 2773 1614 2835 αὐτῷ’
1634 2774 1899 2840 ὁμοιότερον
1932 2777 2064 2828 οὐδὲν
2096 2780 2128 2839 ἢ
2163 2779 2217 2830 ὃς
2244 2781 2304 2830 ὃν
2332 2781 2463 2842 ἡμῶν
2495 2780 2556 2831 αὖ

1485 2851 1681 2913 ’γένηται
1718 2851 1793 2902 ὅτι
1826 2856 2137 2908 δικαιότατος.
2175 2859 2279 2924 περὶ
2316 2859 2489 2909 τούτου
2520 2859 2553 2918 ἡ

1484 2930 1547 2979 ὡς
1581 2931 1768 2990 ἀληθῶς
1806 2932 2015 2993 δεινάνης
2052 2934 2229 3000 ἀνδρός.
2295 2938 2331 2986 i.
2365 2939 2382 2966 ‘
2404 2939 2553 3000 Fuga

1486 3013 1665 3058 autem
1684 3010 1698 3030 ’
1718 3025 1748 3058 e
1772 3011 1963 3061 mundo
2000 3012 2086 3061 ‘in
2118 3027 2181 3063 eo
2214 3014 2317 3062 sita
2349 3020 2450 3074 est,
2475 3021 2554 3074 nt,

1487 3101 1640 3151 qnam
1664 3088 1901 3150 proxime
1938 3087 2055 3138 fieri
2095 3091 2309 3154 poterit,
2347 3090 2461 3139 Deo
2484 3091 2551 3139 si·

1485 3165 1633 3212 miles
1654 3162 1873 3213 fiamus.’
1936 3166 2011 3215 Et
2041 3181 2179 3230 mox,
2199 3169 2214 3195 ‘
2234 3168 2383 3216 Deus
2405 3168 2549 3216 nullo

1486 3242 1695 3290 omuino
1719 3247 1878 3304 paeto
1904 3241 2127 3305 injustus
2149 3250 2250 3301 est,
2273 3244 2364 3293 sed
2390 3258 2551 3308 quan·

1487 3327 1597 3368 tum
1651 3317 1766 3367 fieri
1821 3326 2000 3382 potest
2042 3321 2396 3383 justissimus:
2454 3335 2551 3370 nec

1486 3395 1764 3459 quicquam
1789 3397 1838 3445 ei
1878 3397 2116 3458 similius,
2154 3408 2307 3462 quam
2336 3413 2456 3447 cum
2485 3410 2551 3446 ex

1484 3472 1632 3521 nobis
1650 3471 1665 3494 '
1687 3473 1976 3522 hominibus
2012 3474 2028 3502 ‘
2047 3474 2234 3538 aliquis
2258 3488 2411 3539 quam
2436 3475 2550 3536 jus-

1485 3549 1715 3600 tissimus
1739 3560 1841 3601 est.
1910 3549 1970 3598 In
2005 3550 2104 3599 hoc
2143 3551 2381 3599 nimirum
2423 3565 2551 3599 vera

1482 3625 1705 3675 hominis
1748 3628 2048 3691 prestantia
2091 3627 2364 3677 versatur!
2444 3627 2550 3676 Ubi

1483 3704 1764 3753 notandum
1784 3712 1867 3755 est
1897 3705 2171 3754 Platonem
2195 3719 2409 3754 censere
2432 3719 2550 3753 cum

1485 3780 1845 3845 Pythagoraeis
1856 3783 2126 3834 ,Iustitiam
2138 3789 2193 3832 et
2202 3782 2550 3832 sanctitatem

1483 3871 1601 3906 cum
1619 3858 1912 3909 Prudentia
1928 3874 2021 3908 seu
2033 3860 2306 3922 Sapientia
2316 3859 2549 3910 homines

1485 3933 1601 3982 Deo
1624 3935 1910 3985 assimilare
1950 3935 2074 3985 κατὰ
2105 3935 2165 3984 τὸ
2195 3935 2387 3985 δυνατὸν
2415 3937 2551 3985 scili-

1483 4017 1598 4072 cet3
1632 4018 1692 4061 ut
1716 4019 1772 4061 et
1793 4012 1861 4062 de
1890 4015 2017 4076 Rep.
2040 4004 2173 4063 libro
2199 4015 2416 4062 ultimo:
2451 4013 2550 4061 sic-

1482 4094 1543 4138 ut
1560 4095 1615 4138 et
1651 4088 1819 4140 refert
1842 4091 2088 4140 Alcinous
2110 4105 2226 4154 cap.
2253 4104 2349 4140 xX.
2394 4088 2545 4141 Quod

1482 4168 1498 4196 6
1518 4181 1635 4216 cum
1645 4168 1764 4216 Deo
1778 4169 2000 4233 colloqui
2011 4166 2027 4189 '
2042 4168 2177 4217 dixit
2189 4167 2547 4230 Pythagor-11⁸3

1481 4244 1498 4271 6
1517 4244 1862 4305 contemplari
1876 4243 2100 4292 divinam
2117 4241 2335 4305 effigiem
2354 4241 2368 4263 ’
2382 4241 2546 4301 scrip-

1483 4319 1552 4368 sit
1590 4320 1847 4383 Apuleius
1883 4320 1974 4368 lib.
2018 4318 2085 4368 de
2126 4319 2244 4368 Deo
2284 4316 2543 4366 Socratis:
