3049 4928
478 404 608 471 558

476 562 622 615 τόνοι.
685 565 741 614 8.
764 563 1069 615 Ambrosius
1094 565 1158 614 ad
1185 566 1357 615 Relat.
1389 566 1536 630 Sym-

477 642 681 694 machi:
719 644 735 672 ‘
757 643 925 693 Nemo
959 644 1134 692 Deum
1157 641 1310 706 fallit,
1330 644 1412 692 cni
1434 657 1541 693 om-

477 720 567 770 nia
605 719 761 769 etiam
800 718 969 768 cordis
1015 719 1226 769 occulta
1258 718 1539 769 manifesta

477 795 634 847 sunt!
673 798 915 846 Lactant.
955 795 1085 845 libro
1108 801 1275 857 sexto,
1298 810 1415 859 cap.
1452 799 1536 847 24.

474 875 491 902 ⁴
511 874 804 937 Purgemus
833 873 994 936 igitur
1011 873 1404 935 conscientiam,
1418 887 1536 937 quae

478 950 640 1000 oeulis
665 949 767 999 Dei
794 948 975 1012 pervia
992 955 1110 1007 est;
1145 954 1201 996 et
1215 954 1273 996 ut
1295 947 1369 997 ait
1390 947 1538 997 Cice-

478 1040 557 1087 ro,
578 1026 798 1089 Semper
830 1026 905 1073 ita
927 1023 1181 1083 vivamus,
1203 1029 1260 1072 ut
1285 1023 1537 1073 rationem

477 1103 626 1153 nobis
650 1101 970 1152 reddendam
996 1100 1345 1161 arbitremur3
1388 1107 1538 1164 pute-

476 1195 713 1245 musque,
736 1192 828 1227 nos
850 1179 1127 1227 momentis
1151 1176 1408 1241 omnibns,
1431 1192 1536 1227 non

477 1260 531 1308 in
556 1260 748 1323 aliquo,
787 1257 872 1323 (ut
905 1257 994 1306 ille
1016 1255 1175 1320 dixit)
1207 1256 1347 1306 orbis
1383 1263 1539 1306 terroe

476 1338 684 1386 theatro
720 1336 786 1385 ab
829 1335 1137 1398 hominibus,
1179 1334 1271 1385 sed
1312 1335 1540 1398 desuper

476 1415 703 1479 spectari
732 1414 799 1464 ab
820 1429 901 1474 eo,
923 1414 1009 1478 qui
1035 1419 1091 1463 et
1118 1412 1285 1476 judex
1308 1419 1365 1462 et
1388 1414 1536 1462 testis

477 1491 598 1540 olim
630 1489 835 1540 futurus
870 1498 972 1553 est,
1011 1490 1095 1538 cui
1128 1490 1379 1539 rationem
1415 1489 1537 1538 vitae

475 1568 734 1632 poscenti,
755 1575 905 1616 actus
941 1580 1057 1616 suos
1094 1565 1312 1615 inficiari
1351 1579 1453 1614 non
1477 1565 1540 1613 li-

478 1643 657 1694 cebit!
719 1644 806 1693 Sic
840 1643 1091 1692 divinitus
1128 1649 1276 1691 certe
1319 1641 1542 1691 Plautus

477 1723 529 1771 in
550 1722 819 1786 Captivis:
854 1723 869 1749 ‘
887 1722 982 1770 Est
1005 1719 1243 1785 profecto
1261 1719 1427 1782 Deus,
1454 1719 1543 1783 qui

477 1813 595 1863 quae
619 1812 710 1848 nos
745 1796 972 1861 gerimus
997 1795 1250 1859 auditque
1274 1802 1329 1845 et
1352 1794 1540 1845 videt!

477 1877 662 1925 Virtus
711 1875 776 1923 ad
825 1874 1121 1937 Scipionem
1167 1871 1306 1935 apud
1359 1871 1542 1920 Silium

475 1954 722 2004 Italicum
760 1952 849 2001 lib.
900 1965 999 2002 xv.
1090 1952 1107 1980 ‘
1127 1950 1275 1999 Idem
1308 1948 1539 2000 Justitiae

478 2030 669 2092 cultor,
700 2043 1026 2094 quaecunque
1062 2042 1329 2092 capesses,
1348 2028 1540 2076 Testes

479 2104 735 2155 factorum
790 2112 929 2155 stare
986 2106 1313 2156 arbitrabere
1355 2104 1542 2154 divos!

767 420 1071 470 Bon'rnu
1124 421 1221 469 DE
1268 419 1576 470 coNsol„

1624 420 1750 470 Pul
1765 422 2065 472 LosoPH.
2115 426 2186 472 LI
2197 426 2256 473 B·
2303 427 2369 476 V.

1622 566 1845 617 Ovidius
1887 582 1927 617 1.
1971 567 2129 618 Trist.
2167 568 2317 632 Eleg.
2356 571 2406 618 2.
2491 569 2507 596 ‘
2533 567 2668 620 Acta

1620 646 1763 693 Deos
1784 659 2040 709 nunquam
2075 646 2308 694 mortalia
2328 643 2557 695 fallunt.’
2585 647 2669 695 Sic

1620 721 1789 771 Poeta
1807 736 1954 770 sacer
1974 738 1988 770 ε
2014 723 2030 749 ‘
2046 721 2139 770 Nil
2152 722 2361 771 absente
2380 722 2675 787 Deoloqui·

1619 812 1764 861 mur;
1814 800 1888 848 nil
1929 799 2110 849 abdita
2152 799 2387 848 clausum
2431 799 2675 850 Pectoris

1621 882 1771 925 antra
1807 881 2010 939 tegunt.
2091 876 2277 926 Cernit
2317 878 2468 925 Deus
2502 876 2670 924 omnia

1620 952 1890 1016 praesens.'
1978 954 2202 1003 Claudat
2244 953 2414 1003 Notas
2470 962 2673 1002 nostras

1621 1028 1994 1092 chysostomus
2025 1029 2122 1079 hoc
2160 1030 2354 1093 insigni
2387 1044 2484 1078 suo
2518 1029 2677 1091 dicto,

1622 1106 1758 1171 quod
1793 1122 1858 1157 ex
1879 1107 2017 1157 hom.
2038 1112 2120 1157 62.
2144 1108 2198 1156 in
2221 1107 2456 1157 Genesin
2480 1107 2671 1157 adscri-

1621 1185 1703 1236 bo.
1770 1188 1786 1215 ‘
1811 1186 2024 1236 Etiamsi
2063 1185 2361 1235 fecerimus'
2394 1186 2567 1249 inquit
2587 1187 2603 1214 ‘
2623 1192 2680 1235 ut

1620 1276 1702 1311 res
1724 1264 1856 1311 clam
1880 1263 1947 1312 sit
1970 1263 2223 1326 omnibus,
2245 1262 2309 1312 ab
2331 1262 2485 1311 oculo
2507 1269 2681 1312 tamen

1620 1336 1730 1399 illo,
1752 1339 1838 1402 qui
1862 1337 2147 1387 dormitare
2171 1338 2556 1402 nequit‚⁷latere
2578 1351 2677 1386 non

1620 1414 1925 1478 poterimus.
1962 1416 2115 1464 Illum
2131 1414 2295 1464 solum
2319 1413 2506 1463 timere
2533 1427 2681 1477 opor-

1623 1496 1722 1554 tet,
1762 1497 1818 1540 et
1858 1498 2082 1541 tremere
2117 1504 2178 1540 ac
2208 1504 2424 1554 pavere,
2446 1496 2507 1538 ut
2541 1504 2608 1538 ne
2630 1491 2682 1539 in

1622 1574 1908 1630 conspectu
1934 1566 2048 1630 ejus
2068 1567 2199 1614 male
2223 1566 2489 1630 quippiam
2523 1564 2681 1615 facia·

1622 1643 1771 1692 mus?
1817 1644 1887 1692 Et
1916 1642 2083 1692 infra:
2123 1644 2139 1671 ‘
2157 1642 2241 1692 Sic
2266 1649 2483 1706 oportet
2502 1645 2676 1693 omnia

1623 1720 1901 1784 diligenter
1943 1718 2079 1782 fieri,
2119 1734 2185 1768 ne
2228 1718 2365 1769 forte
2408 1735 2437 1768 a
2473 1720 2683 1771 domino

1623 1798 2041 1847 condemnemur.
2107 1797 2296 1861 Neque
2310 1797 2446 1846 enim
2462 1797 2577 1847 fieri
2599 1813 2686 1861 po·

1622 1881 1746 1937 test,
1781 1879 1841 1923 ut
1868 1874 2162 1924 occultetur
2196 1873 2390 1937 aliquid
2429 1874 2494 1923 ab
2528 1877 2684 1925 oculo

1624 1950 1713 1999 illo
1754 1950 1844 2015 qui
1882 1949 2166 1998 dormitare
2207 1950 2420 2014 nequit3
2482 1951 2682 1999 Verum

1622 2040 1839 2075 necesse
1862 2026 2067 2074 omnino
2100 2031 2199 2089 est,
2225 2033 2282 2075 ut
2304 2026 2350 2074 is
2371 2026 2460 2090 qui
2492 2036 2683 2090 peccat

1626 2103 1900 2167 suppliciis
1923 2102 2180 2152 obnoxius
2201 2101 2327 2152 fiat)
2360 2102 2535 2155 Sitzm.

1275 2493 1875 2526 m

1065 2582 1259 2640 FINIS
1293 2579 1653 2633 NOTARUM
1685 2579 2099 2635 VARIORUM

1278 2701 1878 2728 σ--ι-ι--υ--ι-η
