3049 4928
493 383 583 452 74

1202 401 1508 451 BonTHu
1558 402 1656 452 m:
1704 404 2014 453 coNsot..

754 543 1059 622 Exercet,
1081 546 1309 611 varios
1338 545 1523 613 flexa
1551 567 1672 631 per
1701 549 1922 627 orbes„

754 644 1234 731 Comprensam
1262 650 1559 713 numeris
1582 658 1632 699 ¹⁷
1677 651 1899 715 victor
1925 650 2245 717 habebat.

754 749 941 829 Quin
972 751 1181 816 etiam
1213 771 1481 831 causas»,
1511 752 1687 817 unde
1716 773 1964 819 sonora

752 852 1066 920 Flamina
1085 862 1115 892 ¹²
1158 856 1496 922 solicitant
1524 876 1805 941 aequora
1833 846 2051 941 ponti,

491 1031 586 1080 sos,
626 1016 712 1066 has
754 1033 934 1068 sunum
974 1021 1188 1071 collectas
1222 1021 1408 1084 peritus
1434 1023 1640 1074 tenebat.
1705 1024 1951 1075 Proeterea
1982 1029 2280 1074 consueverat
2315 1023 2552 1088 inquirere
2586 1040 2699 1074 cuu-

491 1094 589 1151 sus,
610 1083 777 1146 quibus
808 1085 941 1157 venti
978 1085 1243 1145 frementes
1290 1087 1481 1136 turbent
1515 1088 1764 1151 planitiem
1804 1092 1951 1138 maris
1983 1094 2233 1153 aquatam,
2275 1100 2443 1154 easque
2471 1092 2696 1139 reddere:

1414 1233 1442 1252 0
1446 1233 1591 1255 θθθθ

1598 1233 1772 1253 ttttt

491 1326 507 1355 ‘
524 1325 576 1376 in
593 1336 863 1380 numerato
877 1329 1103 1380 habebat
1129 1330 1177 1382 ι’
1209 1331 1365 1383 lectio
1387 1339 1469 1383 est
1490 1333 1715 1383 omnium
1739 1329 2014 1384 codicum.’
2057 1331 2229 1383 Vallia.
2263 1331 2339 1382 sic
2371 1331 2529 1382 etiam
2552 1333 2700 1385 exhi·

1489 1459 1702 1512 No'rAE

487 1552 603 1619 phis
622 1570 721 1605 non
741 1565 1056 1610 recensetur.
1081 1559 1165 1610 Illi
1181 1576 1306 1611 vero
1326 1561 1550 1625 planetae

487 1630 575 1682 alii
591 1642 709 1681 sunt
728 1634 971 1696 majores,
990 1635 1074 1701 qui
1099 1638 1265 1700 palam
1290 1644 1413 1686 ante
1430 1652 1551 1686 ocu-

489 1704 568 1758 los
590 1709 816 1759 omnium
842 1720 1132 1775 versantur,
1153 1728 1343 1778 nempe
1372 1713 1550 1763 Satur-

488 1786 841 1849 nus,Jupiter,
859 1788 1217 1851 Mars‚Venus‚
1232 1789 1549 1854 Mercurium,

484 1860 656 1924 Ianum
669 1863 826 1912 ethos
844 1864 1076 1914 ‘numero
1094 1862 1550 1930 comprehendere’

486 1938 662 2002 potuit
678 1938 954 1990 Boethius:
971 1941 1057 1990 alii
1072 1950 1193 1991 sunt
1204 1943 1446 2006 minores,
1458 1941 1545 2008 qui

483 2025 586 2062 non
611 2013 711 2062 nisi
731 2030 925 2064 summo
948 2031 1064 2066 cum
1100 2017 1277 2067 labore
1318 2019 1546 2068 animad-

486 2097 792 2142 vertuntur:
832 2093 1008 2156 quales
1032 2101 1152 2142 sunt
1178 2109 1339 2160 prope
1372 2097 1549 2145 Satur·

484 2179 626 2229 num,
662 2167 869 2230 Jovem,
903 2176 957 2217 et
997 2169 1245 2233 Martem,
1272 2171 1359 2236 qui
1395 2187 1549 2237 prop-

486 2246 635 2291 terea
657 2242 902 2292 dicuntur
913 2245 1182 2295 satellites
1206 2247 1434 2310 Saturni,
1455 2250 1548 2310 Jo-

484 2317 581 2381 vis,
601 2324 656 2367 et
677 2319 886 2368 Martis.
931 2320 1116 2384 Immo,
1132 2328 1191 2372 ut
1208 2338 1321 2372 cum
1345 2325 1551 2375 Seneca

480 2396 684 2460 loquar,
701 2397 844 2446 multi
861 2405 1052 2461 praeter
1067 2400 1158 2448 hos
1177 2416 1269 2466 per
1286 2411 1548 2452 secretum

482 2480 896 2541 eunt,nunquam
915 2478 1144 2529 humanis
1163 2481 1323 2530 oculis
1341 2490 1545 2532 euntes:

481 2551 653 2613 'neque
717 2551 850 2600 enim
900 2554 1073 2604 omnia
1116 2557 1264 2607 Deus
1312 2558 1549 2609 humanis

482 2626 646 2676 oculis
665 2636 788 2677 nota
811 2628 953 2680 fecit.
1019 2632 1173 2684 Quod
1192 2634 1399 2684 tandem
1424 2635 1547 2685 Phi·

478 2703 713 2766 Iosophia
742 2705 823 2754 bic
847 2721 948 2755 non
972 2708 1212 2772 loquatur
1231 2710 1331 2759 nisi
1354 2711 1417 2759 de
1439 2713 1547 2775 pla·

479 2779 636 2841 netis,
652 2780 814 2844 iisque
830 2782 1121 2847 majoribus,
1134 2771 1216 2834 vel
1230 2801 1292 2835 ex
1305 2801 1366 2835 eo
1379 2795 1546 2850 patet,

480 2855 618 2919 quod
637 2856 777 2905 dicat
798 2858 888 2906 bas
906 2861 1082 2909 stellas
1098 2859 1113 2889 ‘
1127 2876 1284 2925 vagos
1304 2876 1542 2912 recursus

479 2931 768 2997 exercere,'
788 2947 1042 3002 quatenus
1066 2942 1381 2992 recurrendo
1396 2943 1461 2991 ab
1476 2957 1540 2992 eo

476 3013 616 3078 quod
640 3013 856 3077 primum
904 3024 1185 3069 tenuerunt
1227 3020 1346 3081 iter,
1398 3034 1542 3068 rece·

478 3088 628 3151 dunt,
648 3098 701 3142 et
722 3092 738 3118 ‘
751 3093 914 3143 varios
934 3109 1028 3158 per
1045 3096 1196 3146 orbes
1214 3093 1391 3156 flecti‚'
1417 3112 1542 3160 qua-

476 3171 629 3215 tenns
668 3168 747 3217 sui
784 3177 904 3219 sunt
922 3172 1296 3236 singulis‚quos
1321 3172 1546 3221 animad-

478 3242 744 3304 vertimus,
777 3245 1005 3308 planetis
1039 3247 1303 3297 circuitus.
1372 3249 1538 3297 Deni-

478 3313 579 3383 que
638 3322 653 3346 ‘
677 3321 871 3371 victor'
923 3323 1061 3372 idem
1103 3331 1184 3372 est
1235 3324 1372 3388 quod
1430 3325 1538 3375 voti

476 3407 716 3459 compos:
750 3398 824 3446 sic
843 3398 998 3455 enim,
1023 3406 1235 3448 auctore
1255 3400 1450 3462 Servio,
1462 3397 1539 3449 in-

480 3471 790 3535 telligendus
814 3482 891 3524 est
915 3475 1100 3536 virgil.
1126 3488 1211 3523 111.
1247 3475 1442 3542 Georg.
1469 3493 1541 3527 vs.

477 3551 527 3598 8.
557 3550 573 3577 ‘
595 3549 868 3600 Tentanda
886 3552 966 3600 via
990 3559 1090 3612 est,
1113 3567 1212 3617 qna
1233 3567 1312 3602 me
1336 3569 1542 3620 quoque

476 3625 664 3687 possim
683 3627 889 3676 Tollere
906 3629 1079 3690 humo,
1095 3629 1361 3694 victorque
1380 3632 1543 3680 virum

476 3701 691 3751 volitare
716 3717 810 3764 per
831 3702 951 3752 ora.'

508 3773 509 3776 ’
541 3785 565 3811 “
592 3777 728 3826 Unde
741 3793 911 3826 sonora
936 3778 1176 3842 Flamina]
1198 3794 1271 3831 ιν.
1290 3781 1541 3833 Boethius

470 3868 532 3905 se
552 3868 755 3919 quoque
793 3852 988 3903 fatetur
1025 3859 1322 3919 cognovisse
1359 3868 1536 3909 vento-

477 3923 587 3979 rum
607 3944 802 3981 causas.
868 3932 1067 3982 Ventus
1088 3935 1222 3984 enim
1247 3938 1534 3998 generatim

474 4014 557 4057 est
591 4016 760 4057 motus
797 4009 932 4058 aeris
971 4011 1068 4061 huc
1092 4019 1147 4061 et
1171 4013 1292 4062 illuc
1319 4013 1533 4063 effluen-

476 4083 573 4134 tis:
600 4083 717 4133 hinc
739 4087 754 4112 ‘
772 4093 959 4137 ventus
976 4087 989 4108 ’
1018 4089 1280 4152 Scaligero
1293 4090 1357 4139 de
1378 4092 1533 4152 Caus-

476 4161 537 4212 L.
547 4162 605 4211 L·
629 4177 676 4212 c.
691 4166 771 4215 67.
791 4164 1127 4229 pluribusque
1145 4166 1279 4228 aliis,
1295 4165 1487 4215 dicitur
1502 4182 1536 4220 a

474 4239 495 4302 ⁸,
508 4238 772 4307 'veniendo
790 4239 825 4303 ς’
848 4241 986 4308 quod
1005 4241 1026 4270 ‘
1046 4242 1224 4291 venire
1244 4240 1258 4263 ’
1293 4242 1362 4291 sit
1393 4243 1409 4271 ‘
1430 4257 1537 4292 mo·

1635 1556 1781 1621 veri,'
1816 1560 1832 1588 ‘
1856 1554 2069 1608 ventus'
2104 1565 2277 1609 autem
2322 1557 2457 1609 netis
2503 1565 2695 1612 motus.

1633 1636 1707 1686 At
1751 1642 1938 1685 ventus
1983 1636 2203 1701 duplicis
2242 1641 2322 1685 est
2355 1637 2560 1700 generis
2598 1652 2694 1701 pro

1632 1712 1828 1777 duplici
1853 1713 2025 1777 modo,
2063 1730 2163 1778 quo
2200 1713 2291 1763 aer
2330 1714 2431 1765 huc
2466 1715 2695 1780 illucque

1628 1788 1841 1841 effluere
1866 1798 2055 1855 potest.
2089 1789 2241 1840 Alter
2263 1798 2449 1840 ventus
2470 1787 2531 1840 fit
2554 1792 2694 1841 nubo

1627 1871 1922 1927 corruente,
1941 1879 2038 1914 non
2061 1880 2208 1914 secus
2231 1880 2293 1915 ac
2314 1866 2546 1915 videmus
2567 1881 2692 1916 casu

1628 1940 1840 2001 arboris,
1872 1941 2050 2003 turris,
2071 1949 2158 1990 ant
2182 1942 2450 2005 cujusdam
2477 1943 2692 1993 alterius

1627 2014 1856 2078 ingentis
1877 2017 2106 2080 corporis
2131 2025 2336 2066 ventum
2357 2019 2594 2081 excitari,
2613 2020 2698 2068 ni-

1628 2092 1832 2150 mirum,
1868 2102 2086 2157 propter
2108 2094 2250 2144 illum
2275 2109 2549 2158 corporum
2583 2111 2691 2147 mo-

1630 2175 1799 2218 torum
1838 2170 2129 2231 circuitum,
2160 2170 2269 2218 sine
2303 2186 2403 2235 quo
2437 2172 2607 2221 nullus
2637 2172 2691 2221 iu

1629 2244 1821 2298 mundo
1843 2248 1956 2298 fieri
1974 2256 2150 2313 potest
2167 2257 2352 2299 motus.
2395 2251 2514 2302 Hoc
2537 2252 2694 2303 modo

1632 2328 1868 2377 oriuntur
1892 2334 2230 2391 tempestates
2253 2343 2393 2392 saepe
2411 2328 2620 2393 quidem
2638 2328 2693 2381 ‘ui

1632 2403 1806 2464 terris,
1862 2403 1951 2451 sed
2000 2402 2191 2467 saepius
2235 2403 2285 2451 in
2327 2404 2470 2454 mari.
2537 2403 2693 2455 Alter

1633 2486 1816 2529 ventus
1840 2477 1901 2530 fit
1926 2477 2200 2542 vaporibus
2231 2496 2262 2529 a
2292 2480 2412 2530 Sole
2444 2496 2538 2545 per
2569 2481 2692 2531 aera

1630 2558 2033 2623 rarescentibus,
2076 2558 2502 2623 quemadmodum
2546 2559 2691 2610 vide-

1630 2649 1741 2684 mus
1783 2643 1992 2686 ventum
2031 2633 2144 2684 fieri
2181 2635 2233 2683 in
2258 2650 2428 2698 pomo,
2452 2635 2591 2698 ligno
2616 2637 2687 2685 vi-

1626 2712 1748 2774 ridi,
1780 2719 1837 2762 et
1862 2714 2072 2777 vulgato
2102 2726 2241 2774 vase,
2272 2711 2409 2777 quod
2441 2712 2690 2777 ‘AEolipi-

1625 2783 1757 2837 lam'
1804 2796 2014 2850 vocant,
2051 2788 2173 2837 dum
2213 2789 2326 2837 hoec
2358 2789 2465 2852 igni
2513 2790 2689 2839 admo-

1626 2872 1829 2917 ventur.
1854 2864 2017 2930 Atqui
2037 2864 2541 2928 Boethiu8,cognitis
2555 2866 2690 2916 side·

1621 2941 1784 3005 ribus,
1815 2942 2100 3006 praesertim
2125 2957 2249 2991 vero
2280 2942 2417 3004 Sole,
2436 2942 2692 3006 ejusmodi

1621 3024 1888 3066 ventorum
1931 3032 2108 3066 causas
2146 3018 2422 3082 cognovit:
2459 3019 2690 3082 quando-

1621 3094 1824 3158 quidem
1858 3093 1978 3144 Sole
2020 3101 2260 3143 movente
2300 3094 2577 3158 aliqnando
2604 3094 2686 3149 fit,

1624 3176 1683 3219 ut
1700 3175 1791 3219 aut
1808 3169 1967 3219 nubes
1988 3176 2218 3232 corruat,
2233 3179 2321 3218 aut
2341 3186 2503 3234 vapor
2522 3186 2691 3221 rares-
2719 3215 2726 3225 ,

1621 3257 1707 3301 cat
1732 3265 1826 3313 per
1847 3249 1987 3307 aera,
2022 3249 2158 3316 quod
2202 3264 2316 3298 cum
2359 3247 2686 3315 frequentius

1620 3328 1887 3391 contingat
1902 3327 1953 3376 in
1969 3326 2095 3376 mari
2115 3339 2267 3391 quam
2289 3325 2519 3388 interris,
2537 3339 2693 3388 prop·

1623 3411 1703 3453 ter
1720 3406 1961 3467 majorem
1977 3409 2066 3452 aut
2080 3402 2289 3451 nubium
2309 3401 2686 3452 imminentium

1624 3488 1715 3531 aut
1740 3495 1987 3545 vaporum
2028 3481 2422 3542 exsurgentium
2465 3478 2689 3542 copiam,

1624 3556 1819 3606 idcirco
1852 3559 1867 3584 ‘
1885 3570 2070 3604 sonora
2095 3554 2328 3603 Flamina
2349 3552 2365 3576 ’
2397 3568 2531 3603 nunc
2567 3569 2685 3619 per·

1626 3632 1868 3681 hibentur
1902 3634 1916 3660 ‘
1941 3644 2149 3694 aequora
2183 3629 2341 3679 Ponti
2376 3629 2634 3679 solicitare
2655 3628 2691 3681 ε’

1624 3723 1767 3758 mare
1805 3707 1939 3755 enim
1978 3707 2276 3770 appellatur
2313 3711 2371 3755 et.
2413 3719 2591 3769 aequor
2631 3711 2689 3757 et

1624 3783 1826 3832 Pontus
1855 3799 1867 3829 ε
1900 3795 2078 3846 aequor
2108 3780 2337 3845 quidem,
2371 3779 2506 3844 quod
2534 3795 2683 3845 squae

1622 3857 1945 3922 superficies,
1962 3858 2179 3922 aequatis
2200 3856 2424 3920 undique
2442 3857 2689 3920 ponderis·

1617 3936 1732 3998 bus,
1766 3936 2063 3999 planissima
2092 3936 2191 3984 sit:
2227 3935 2363 3983 unde
2401 3934 2596 3984 Tullius
2620 3948 2684 3983 ιι.

1618 4011 1781 4061 Acad.
1801 4027 1888 4075 qq.
1904 4012 1920 4040 ‘
1938 4010 2074 4061 Quid
2095 4019 2197 4059 tam
2210 4012 2417 4073 planum
2435 4008 2682 4072 videtur‚’

1617 4090 1806 4154 inquit,
1837 4091 1852 4117 ‘
1879 4103 2029 4153 quam
2067 4088 2246 4136 mare?
2280 4101 2347 4135 ex
2387 4100 2491 4151 quo
2519 4086 2680 4136 etiam

1615 4179 1793 4230 aequor
1833 4164 1957 4214 illud
2001 4163 2172 4228 poetae
2213 4162 2435 4213 vocant.'
2476 4163 2679 4212 Pontus

1617 4255 1763 4306 vero,
1817 4240 1862 4291 si
1915 4239 2224 4305 quibusdam
2272 4238 2563 4302 credamus,
2610 4238 2679 4296 ab
