3049 4928
512 408 602 474 44
1155 420 1622 473 'rus'rmomA
1673 425 2080 477 vAruonuM

510 566 881 634 hermenias
922 585 1131 652 supra
1173 576 1579 639 memoratus
1634 569 1976 637 Patricius
2008 570 2332 636 Boethius
2375 572 2713 638 transtulit

510 672 579 735 in
611 672 950 751 Latinum,
1016 672 1212 758 cujus
1261 677 1642 738 commenta
1694 674 1844 765 ipse
1907 672 2208 758 duplicia
2262 673 2715 740 minutissima

509 773 965 857 disputatione
1040 776 1355 841 tractavit
1398 822 1415 840 .
1462 819 1478 836 .
1522 822 1540 840 .
1631 775 1853 859 Supra
1901 781 2309 840 memoratus
2369 773 2712 840 Patricius

511 875 850 942 Boethius
910 877 997 942 de
1066 878 1492 964 Syllogismis
1555 878 2041 963 Hypotheticis
2092 875 2505 943 lucidissime
2558 896 2710 962 per·

506 980 863 1061 tractavitss
890 984 1012 1047 Sto.

1541 1129 1684 1201 ΙΙΙ.

594 1286 999 1372 Procopius,
1023 1287 1460 1354 Caesariensis
1489 1308 1581 1354 ex
1601 1288 1996 1366 Palaestina,
2023 1287 2245 1353 rhetor
2271 1291 2337 1351 et
2366 1283 2710 1370 sophista,

502 1388 680 1455 inter
734 1391 959 1456 varias
1015 1412 1181 1465 suas
1252 1392 1571 1458 historias
1623 1391 1899 1476 scripsit
1954 1391 2039 1456 de
2084 1390 2265 1456 bello
2316 1388 2706 1454 Gothorum

500 1491 713 1558 libros
741 1500 902 1572 treS,
942 1494 1012 1558 in
1045 1516 1331 1580 quorum
1360 1498 1575 1581 primo
1603 1495 1791 1580 quod
1822 1495 2062 1560 Graece
2085 1493 2264 1559 dixit
2302 1491 2387 1556 de
2409 1489 2703 1558 Boethio

499 1595 601 1661 sic
631 1595 871 1662 Latine
906 1597 1227 1664 redditur.

588 1702 611 1732 ‘
629 1698 1074 1782 Symmachus
1103 1707 1169 1766 et
1212 1700 1360 1786 ejus
1390 1718 1588 1782 gener
1606 1698 1938 1765 Boethius
1974 1698 2278 1781 Pati-ich,
2311 1698 2453 1762 alto
2483 1698 2706 1782 majo-

498 1819 645 1866 rum
677 1803 1022 1884 sanguine,
1050 1803 1394 1887 principes
1416 1821 1579 1867 vero
1599 1802 1897 1867 Senatus
1924 1801 2244 1880 Romani,
2266 1807 2338 1867 et
2359 1800 2702 1866 Consules

497 1901 706 1982 fuere,
738 1905 1178 1989 philosophiae
1219 1912 1284 1970 et
1329 1906 1636 1990 aequitati
1666 1924 1869 1988 supra
1897 1910 2152 1969 ceteros
2203 1903 2522 1969 mortales
2555 1909 2701 1968 stu-

497 2004 801 2085 duerant,
851 2009 1212 2093 multisque
1262 1997 1515 2092 egenis,
1573 2014 1710 2073 tum
1768 2009 2227 2074 Romanorum
2284 2013 2426 2071 tum
2478 2011 2700 2071 exter-

493 2130 751 2192 norum,
782 2110 1023 2197 opibus
1068 2115 1212 2180 suis
1257 2108 1652 2180 subvenere.
1743 2113 1868 2191 Hi,
1914 2112 2000 2178 ad
2036 2113 2373 2194 ingentem
2418 2110 2697 2190 gloriam

492 2214 736 2293 evecti,
784 2216 1179 2282 deterrimos
1232 2237 1543 2302 quosque
1585 2219 1654 2283 in
1697 2217 1806 2283 sui
1851 2214 2176 2282 invidiam
2237 2213 2697 2279 concitarunt:

493 2315 745 2399 quibus
775 2316 1184 2384 delatoribus
1211 2318 1672 2385 Theodericus
1720 2317 1877 2382 Rex
1904 2336 2285 2402 persuasuS,
2329 2317 2512 2381 viros
2562 2316 2701 2380 cla-

493 2418 798 2485 rissimos
827 2420 1098 2503 perinde
1127 2441 1208 2487 ac
1237 2442 1344 2487 res
1367 2441 1582 2487 novas
1613 2421 1965 2487 molientes
2006 2419 2278 2499 occidit,
2327 2438 2697 2503 eorumque

489 2521 676 2585 bona
700 2522 926 2587 omnia
952 2524 1347 2607 publicavit.
1436 2524 1569 2589 Sed
1621 2524 1864 2607 paucis
1899 2529 2058 2607 post
2108 2523 2347 2587 diebus
2393 2522 2697 2587 coenanti

486 2623 589 2688 illi
619 2645 769 2689 cum
801 2627 1081 2708 ingentis
1111 2628 1323 2711 piscis
1363 2633 1573 2710 caput
1623 2626 1909 2689 ministri
1960 2626 2461 2710 apposuissent,
2513 2623 2689 2688 illud

487 2725 915 2791 Theoderico
947 2728 1164 2792 visum
1195 2734 1304 2793 est
1330 2735 1541 2811 caput
1587 2745 1743 2791 esse
1775 2726 2160 2810 Symmachi
2208 2744 2421 2809 nuper
2445 2725 2692 2802 occisi,

486 2828 801 2894 dentibus
849 2830 1121 2914 quidem
1167 2832 1238 2895 in
1287 2830 1569 2895 inferius
1599 2830 1862 2895 labrum
1891 2828 2229 2911 impactis,
2279 2828 2494 2892 oculis
2524 2847 2687 2893 vero

487 2937 678 2996 torve
707 2938 779 2996 et
806 2929 1155 2998 furibunde
1197 2934 1618 2998 intuentibus
1664 2933 1902 2997 minari
1952 2932 2083 2995 sibi
2114 2931 2473 3016 plurimum
2501 2930 2693 2995 vide-

480 3032 700 3097 batur.
825 3032 1018 3098 Unde
1073 3035 1365 3118 prodigii
1422 3034 1727 3099 novitate
1785 3035 2195 3117 perterritus,
2244 3032 2690 3115 membrisque

484 3141 728 3217 praeter
768 3136 1041 3204 modum
1070 3135 1545 3201 tremebundus
1596 3144 1669 3201 et
1712 3137 2012 3213 horrens,
2064 3136 2134 3200 in
2183 3135 2431 3199 lectum
2477 3136 2689 3202 citato

489 3235 700 3317 gradu
734 3256 811 3302 se
837 3238 1118 3321 recepit,
1149 3236 1649 3322 identidemque
1695 3238 1830 3303 sibi
1860 3243 2161 3320 togarum
2189 3238 2326 3303 vim
2376 3255 2690 3320 magnam

485 3341 692 3424 ingeri
733 3340 1037 3426 jubendo
1097 3338 1377 3423 paulum
1433 3340 1709 3425 quievit.
1825 3338 2100 3424 Elpidio
2142 3339 2381 3404 deinde
2419 3339 2687 3404 medico

480 3443 819 3522 omnibus,
858 3440 1426 3526 quemadmodum
1475 3444 1905 3523 accidissent,
1954 3442 2345 3525 explicatis,
2391 3443 2460 3505 in
2490 3442 2685 3528 Sym-

482 3546 792 3614 machum
828 3543 1330 3629 Boethiumque
1356 3553 1697 3632 patratum
1730 3567 1773 3612 a
1801 3566 1877 3611 se
1908 3542 2492 3611 scelusdefiebat:
2547 3564 2684 3628 quo

482 3646 772 3732 denique
826 3645 1178 3728 deplorato
1233 3668 1320 3712 ex
1374 3657 1663 3733 accepta
1708 3647 2091 3712 calamitate
2138 3645 2371 3711 dolore
2424 3646 2683 3729 ingenti

480 3747 784 3826 affectuS,
833 3748 1012 3813 haud
1065 3748 1265 3833 longe
1324 3758 1485 3834 post
1524 3750 1836 3815 moritur:
1900 3768 2054 3812 cum
2103 3749 2387 3831 primum
2436 3749 2566 3815 hoc
2617 3757 2686 3818 et

485 3848 784 3913 ultimum
814 3849 1075 3934 injuriae
1101 3852 1484 3935 exemplum
1529 3852 1599 3916 in
1647 3851 1777 3916 sibi
1819 3852 2165 3936 subjectos
2202 3850 2459 3917 idcirco
2487 3871 2681 3917 exer-

484 3950 767 4031 cuisset,
797 3954 957 4037 quia
983 3973 1142 4033 non,
1189 3957 1289 4019 uti
1340 3960 1801 4032 consueverat,
1850 3953 2199 4038 diligenter
2229 3954 2681 4038 pervestigata

479 4073 724 4132 causa,
754 4055 827 4119 in
853 4061 1078 4121 tantos
1102 4058 1285 4121 viros
1313 4056 1925 4123 animadverterat!

566 4155 756 4222 Idem
814 4165 1048 4223 auctor
1094 4159 1265 4224 libro
1315 4161 1510 4225 tertio
1565 4160 1917 4244 praedictae
1972 4159 2275 4225 historiae
2326 4159 2413 4223 de
2462 4176 2674 4224 uxore

477 4258 758 4329 Boethii
792 4261 1152 4345 superstite
1183 4261 1453 4330 locutus
1482 4263 1631 4331 haec
1655 4263 1797 4330 ait:
1841 4268 1863 4298 ‘
1881 4261 2076 4329 Unde
2092 4263 2200 4327 vel
2227 4260 2680 4348 Rusticianae,
