3049 4928
968 375 1493 432 PHILOSOPHIAE
1548 375 1690 430 [AB.
1739 374 1848 429 111.

2387 359 2520 430 273

406 528 625 610 Quem
652 547 785 596 non
815 533 1109 595 externae
1139 529 1533 613 pepulerunt
1560 526 1801 610 fingere
1831 545 2056 592 causae
2075 532 2102 560 V

403 635 714 699 Materiae
752 633 1071 699 fluitantis
1103 640 1344 717 opuS,⁹'
1385 651 1619 699 verum
1650 631 1857 696 insita
1885 630 2127 696 summi
2473 631 2519 695 5

403 737 649 802 Forma
675 737 891 814 boni,¹
933 737 1146 801 livore
1176 755 1454 801 carens:
1500 744 1579 802 tu
1608 741 1857 801 cuncta
1889 752 2185 817 supemo

401 840 615 904 Ducis
650 842 737 905 ab
773 840 1127 923 exemplo:
1176 839 1527 923 pulchrum
1556 838 2036 923 pulcherrimus
2063 838 2214 920 ipse

400 942 732 1007 Mundum
768 948 986 1007 mente
1015 960 1268 1024 gerenS‚
1297 942 1637 1025 similique
1667 942 1735 1006 in
1756 949 1781 990 ⁷
1825 941 2111 1023 imagine
2143 940 2457 1018 sormanS,

311 1138 570 1188 exteriores
588 1154 681 1188 non
699 1138 989 1188 induxerunt
1009 1140 1072 1187 ud
1091 1138 1400 1199 formandam
1433 1137 1696 1187 machinam
1716 1138 1928 1187 moteriae
1949 1142 2106 1199 motoe,
2139 1140 2220 1187 sed
2239 1138 2396 1200 potius
2414 1151 2516 1200 spe-

309 1203 404 1252 eies
423 1204 515 1253 tibi
534 1206 685 1253 insitu
703 1205 875 1254 summi
896 1204 1022 1264 boni,
1055 1218 1224 1267 expers
1245 1203 1442 1251 invidiae
1455 1218 1472 1251 .·
1506 1207 1561 1251 tu
1598 1203 1818 1264 producis
1848 1204 2003 1252 omnio
2033 1203 2091 1252 ob
2114 1203 2372 1265 exemplari
2393 1219 2519 1251 sum-

306 1283 398 1332 mo,
420 1269 596 1320 habens
615 1271 669 1319 in
688 1275 842 1322 mente
861 1272 1086 1319 mundum
1103 1269 1384 1334 preclarum
1404 1268 1507 1331 ipse
1524 1269 1946 1331 praeclorissr'mus,
1976 1284 2112 1332 quem
2131 1271 2354 1317 muudum
2372 1268 2519 1325 simili

1246 1397 1573 1418 OOOOOOOOO‘O
1580 1397 1609 1416 O

367 1484 400 1530 7
433 1480 640 1532 Vocula
654 1483 709 1532 in
731 1463 990 1534 omittitur
1022 1483 1077 1534 in
1096 1482 1184 1535 ed.
1206 1483 1405 1549 Delph.
1429 1484 1551 1536 Vid.
1574 1485 1702 1536 Not.
1728 1482 1822 1534 inf.

1304 1603 1518 1687 NOTAE

372 1744 396 1771 v
419 1738 536 1787 Non
590 1744 805 1789 externoe
852 1742 1130 1805 pepulerunt
1177 1742 1371 1809 fingere

1453 1747 1561 1792 tum
1600 1739 2022 1806 cogitationibus»,
2055 1738 2288 1801 adeoque
2319 1736 2517 1800 formis,

306 1814 482 1879 causae]
540 1811 868 1880 Philosophis
932 1820 1086 1882 vulgo
1148 1817 1372 1884 quatuor
1448 1819 1568 1870 'rdea
1610 1819 1849 1869 nimirum
1892 1823 1949 1867 et
1988 1816 2254 1865 voluntate
2284 1815 2514 1878 cogitat:

309 1901 428 1944 suut
463 1909 657 1957 caiisa»,
689 1895 930 1945 nimirum
960 1896 1095 1959 finis,
1127 1896 1375 1962 efficiens,

309 1971 547 2033 materia,
599 1979 655 2022 et
725 1970 917 2036 forma3
978 1985 1193 2038 quarum
1252 1974 1372 2026 duae

308 2047 524 2112 priores,
544 2049 861 2114 exteriore83
896 2050 1013 2101 duae
1047 2067 1170 2103 vero
1204 2060 1373 2119 poste-

310 2124 491 2189 riores,
527 2126 804 2176 interiores
840 2130 1181 2192 appellantur.
1247 2132 1373 2181 Cor-

309 2215 438 2264 pora
463 2217 579 2267 qnae
600 2210 792 2253 vocant
825 2205 1062 2269 physica,
1083 2206 1372 2271 cujusmodi

308 2284 387 2327 est
421 2279 610 2330 coelum
649 2286 702 2329 et
733 2287 892 2344 terra,
927 2287 991 2331 et*
1014 2283 1292 2334 interiores
1315 2287 1373 2335 et

309 2356 597 2405 exteriores
652 2356 849 2407 habent
906 2373 1118 2422 causas;
1171 2368 1371 2412 mentes

309 2438 501 2483 creatae
535 2446 641 2482 non
676 2432 873 2485 habent
916 2435 1122 2500 quidem
1157 2437 1372 2488 interio-

305 2524 408 2573 res,
453 2510 546 2559 sed
599 2510 796 2561 habent
840 2514 1147 2565 exteriores,
1227 2515 1371 2565 Deus

303 2600 430 2636 vero
478 2601 646 2652 neque
697 2589 968 2639 interiores
1015 2605 1185 2654 neque
1228 2599 1373 2640 exte-

305 2663 476 2713 riores
496 2663 691 2713 h-abet:
727 2664 867 2715 unde
889 2681 1056 2731 neque
1078 2665 1183 2715 tine
1206 2681 1373 2731 neque

305 2739 573 2791 efficiente
609 2742 735 2805 peni
770 2743 944 2807 potuit
974 2743 1052 2793 ,ad
1094 2743 1370 2793 creandum

304 2818 584 2879 mnndum3
620 2817 730 2868 sive

369 2901 403 2926 '⁷
428 2895 656 2944 Materia?
679 2895 932 2960 fluitantis
960 2897 1101 2961 opus]
1144 2897 1373 2947 Mundus

302 2971 502 3035 quippe
542 2977 688 3021 recte
729 2973 924 3023 dicitur
959 2975 976 3002 ⁶
1013 2975 1230 3024 materia
1262 2973 1375 3025 fini·

303 3047 457 3099 tans!
524 3049 543 3076 ‘
568 3050 820 3100 Moteria'
845 3051 1073 3116 quidem,
1088 3067 1204 3102 cum
1221 3054 1375 3103 Mun-

301 3124 400 3176 dus
427 3126 497 3175 sit
518 3140 602 3175 res
624 3142 1008 3192 quoquoversus
1029 3136 1263 3194 extensa,
1285 3144 1371 3180 cu-

294 3201 530 3264 jusmodi
548 3210 630 3253 est
642 3204 879 3255 materia.
911 3205 926 3233 ⁸
948 3205 1206 3270 Fluitans'
1232 3220 1375 3270 vero,

268 3300 271 3301 ⁷
302 3281 727 3346 qnandoquidem
766 3284 972 3348 coelum,
1006 3289 1164 3346 terra,
1199 3290 1263 3333 et·
1286 3298 1372 3335 ce·-

303 3363 427 3408 tera
443 3373 687 3424 corpora,
703 3373 775 3408 ex*
789 3361 973 3424 quibus
999 3367 1202 3410 constat
1219 3362 1373 3411 Mun-

301 3433 419 3495 dus,
474 3436 747 3500 perpetuis
791 3436 1019 3487 motibus
1063 3438 1287 3500 cientur,
1331 3438 1377 3488 si

300 3525 407 3561 non
445 3513 653 3562 ratione
688 3514 933 3577 omnium,
965 3515 1150 3566 saltem
1177 3516 1376 3566 ratione

303 3589 532 3653 plurium
557 3596 760 3640 suarum
786 3593 1028 3655 partium.

365 3673 393 3698 ¹
425 3666 606 3716 Verum
639 3667 786 3717 insita
820 3669 990 3717 summi
1028 3669 1206 3719 Forma
1244 3668 1375 3733 boni]

302 3742 455 3792 Licet
475 3743 586 3792 Dei
609 3751 791 3794 natura
807 3745 1024 3808 simplex
1041 3746 1109 3795 sit
1127 3753 1183 3796 et
1200 3747 1372 3796 unius-

302 3817 463 3880 modi,
485 3830 589 3866 nou
613 3819 775 3868 solum
800 3826 1063 3883 ⁴quatenus
1083 3826 1163 3870 est
1184 3834 1373 3884 expers

302 3894 556 3957 partium,
592 3888 775 3956 ⁸instar
827 3896 1104 3959 cujuslibet
1157 3896 1369 3947 alterius

302 3973 515 4034 mentis,
547 3972 643 4022 sed
669 3974 828 4023 etiam
862 3980 1116 4038 qnatenus
1155 3989 1221 4024 ne
1256 3976 1370 4039 pluz-

304 4049 451 4100 ribus
466 4048 686 4114 'quidem
708 4051 1112 4114 cogitationibus
1134 4051 1231 4101 sibi
1255 4067 1369 4101 suc-

305 4127 620 4177 cedentibus
644 4125 885 4191 afficitur,
918 4142 1060 4177 mens
1085 4134 1257 4177 tamen
1279 4129 1370 4179 bu-

304 4217 480 4265 mana,
522 4209 719 4264 utpote·
742 4205 859 4254 Deo
891 4205 1374 4269 comprehendendo

305 4277 498 4341 impar,
522 4278 690 4342 Deum
712 4281 869 4329 veluti
893 4280 1198 4345 quibusdam
1223 4280 1373 4333 affec.-

439 4358 618 4423 Delph.
634 4364 683 4409 et
714 4361 826 4412 Var.
854 4355 985 4414 Clos-

1452 1896 1583 1946 adeo
1607 1901 1665 1946 ut
1682 1896 1821 1944 nulla
1831 1894 1945 1943 ff-alia
1967 1893 2036 1943 sit
2054 1906 2212 1942 causa
2244 1891 2261 1919 ‘
2285 1891 2517 1941 materiae

1454 1972 1746 2036 fluitantis,’
1770 1978 1965 2036 praetet·
1996 1969 2166 2019 ideam
2199 1975 2254 2019 et
2286 1970 2519 2018 volunta-

1458 2058 1563 2102 tem
1588 2051 1722 2101 Dei:
1757 2049 1872 2099 haec
1907 2047 2163 2097 rationem
2197 2046 2392 2095 habent
2414 2061 2519 2094 non

1454 2130 1617 2179 solum
1638 2128 1776 2191 finis,
1794 2133 1849 2177 et
1863 2124 2155 2187 efficientis,
2165 2139 2345 2174 verum
2361 2125 2521 2174 etiam

1454 2208 1767 2271 exemplaris
1789 2218 1979 2255 causae.
2013 2204 2068 2253 S.
2084 2203 2309 2252 Thomas
2331 2206 2375 2251 1.
2396 2217 2448 2265 p.
2469 2217 2521 2266 q.

1455 2288 1535 2335 15.
1559 2300 1606 2334 a.
1634 2288 1683 2334 1.
1746 2283 1765 2311 ‘
1790 2279 2261 2343 Mundus,'inquit,
2282 2279 2297 2305 ‘
2317 2292 2418 2327 non
2439 2284 2522 2328 est
2608 2269 2636 2315 -‘

1453 2376 1576 2411 casu
1601 2359 1789 2422 factus,
1811 2359 1901 2409 sed
1934 2364 2014 2408 est
2037 2356 2207 2407 factus
2228 2372 2260 2406 a
2282 2356 2400 2406 Deo
2424 2371 2522 2421 per

1452 2438 1774 2489 intellectum
1798 2442 2008 2501 agente,
2033 2434 2171 2484 unde
2207 2444 2417 2484 necesse
2441 2439 2525 2483 est

1456 2515 1589 2579 quod
1626 2515 1680 2563 in
1716 2519 1885 2562 mente
1923 2513 2096 2561 divina
2127 2511 2198 2560 sit
2233 2510 2417 2573 forma,
2453 2508 2519 2558 ad

1454 2591 1848 2640 similitudinem
1876 2589 2025 2651 cujus
2049 2587 2277 2636 Mundus
2300 2592 2382 2635 est
2416 2585 2521 2635 fac-

1455 2673 1558 2724 tnS,
1583 2672 1639 2714 et
1664 2665 1716 2713 in
1742 2664 1839 2713 hoc
1865 2663 2110 2713 consistit
2133 2663 2268 2712 ratio
2292 2662 2441 2712 ideae.
2466 2695 2479 2710 .
2506 2694 2520 2709 .

1452 2744 1604 2792 Deus
1628 2740 1913 2791 secundum
1948 2740 2226 2789 essentiam
2261 2754 2406 2787 suam
2438 2748 2522 2788 est

1455 2817 1740 2868 similitudo
1762 2817 1988 2867 omnium
2010 2825 2179 2865 rernm
2200 2832 2214 2864 t
2240 2815 2376 2863 unde
2402 2815 2521 2864 idea

1453 2895 1508 2945 in
1560 2895 1674 2945 Deo
1716 2893 1837 2943 nihil
1881 2901 1964 2942 est
2007 2891 2173 2953 aliud,
2206 2906 2359 2956 quam
2415 2892 2521 2940 Dei

1454 2970 1714 3020 essentia?
1800 2970 1950 3021 Quod
1992 2974 2164 3017 autem
2205 2968 2395 3030 Deum,
2451 2968 2520 3016 ad

1455 3047 1736 3098 creandum
1778 3046 2041 3109 mundum,
2082 3049 2097 3074 ‘
2134 3050 2366 3093 externae
2417 3056 2521 3092 non

1456 3124 1776 3189 pepulerunt
1798 3138 1989 3184 causae,
2024 3121 2114 3171 sed
2151 3121 2304 3170 insita
2338 3120 2521 3169 summi

1453 3202 1581 3252 boni
1605 3200 1806 3263 forma‚'
1827 3200 1937 3249 sive
1957 3198 2163 3247 infinita
2183 3197 2288 3246 Dei
2318 3196 2522 3259 sapien-

1459 3281 1532 3330 tia
1557 3288 1613 3330 et
1631 3282 1891 3343 voluntas),
1910 3285 2190 3344 propterea
2208 3284 2354 3328 recte
2373 3277 2520 3326 Deus

1455 3357 1651 3418 dicitur
1685 3359 1888 3407 ‘livore
1923 3355 2161 3406 carensz'
2213 3369 2329 3404 cnm
2368 3352 2523 3416 onim,

1457 3433 1654 3486 effectu
1690 3451 1786 3502 pro
1828 3451 1986 3486 causa
2023 3435 2213 3501 posito,
2254 3434 2390 3497 livor
2437 3432 2524 3481 hic*

1455 3513 1584 3564 nihil
1603 3515 1672 3564 sit
1688 3514 1827 3565 alind
1853 3529 2012 3580 quam,
2027 3515 2239 3572 invidia,
2265 3514 2350 3562 ille
2373 3518 2521 3562 recte

1456 3590 1649 3641 dicitur
1668 3591 1833 3641 livore
1866 3606 2065 3653 carere,
2096 3590 2186 3654 qui
2219 3603 2320 3638 non
2342 3580 2521 3648 habet,

1455 3666 1539 3716 cni
1561 3667 1794 3718 invidere
1815 3668 1979 3731 possit
1998 3684 2012 3718 z
2045 3668 2195 3718 Deus
2218 3671 2392 3715 autem
2413 3663 2523 3729 (ut-

1454 3752 1581 3809 pote
1603 3761 1849 3796 summum
1872 3745 2086 3811 bonum)
2111 3762 2140 3795 a
2158 3761 2263 3814 quo
2285 3752 2343 3795 et
2364 3760 2519 3810 prop-

1457 3828 1540 3872 ter
1591 3837 1744 3888 quem
1782 3823 2013 3873 Mundus
2057 3820 2228 3873 factus
2282 3828 2382 3886 est,
2417 3838 2520 3872 non

1455 3898 1637 3960 habet,
1672 3900 1758 3948 cui
1785 3900 2021 3949 invidere
2053 3902 2256 3965 possit:
2294 3901 2523 3965 quando-

1456 3976 1665 4041 quidem
1690 3991 1887 4027 summo
1911 3977 2046 4027 bono
2079 3978 2261 4027 melius
2286 3978 2411 4027 nihil
2432 3991 2522 4026 ex-

1458 4053 1674 4116 cogitari
1715 4060 1911 4117 potest.
1997 4054 2139 4105 Hinc
2175 4055 2330 4104 etiam
2373 4056 2522 4103 Deus

1456 4129 1473 4158 ‘
1495 4136 1689 4180 cuncta
1709 4144 1932 4194 superno
1951 4132 2119 4181 Ducit
2142 4131 2208 4181 ab
2230 4132 2470 4194 exemplo
2485 4129 2522 4190 ,'

1456 4206 1702 4257 videlicet
1727 4221 1757 4255 a
1784 4207 1962 4257 divina
1998 4208 2117 4257 idea
2140 4214 2195 4257 et
2230 4209 2520 4267 voluntate,

1456 4299 1574 4349 quae.
1600 4299 1717 4336 cum
1751 4285 1819 4335 sit
1836 4287 2004 4349 Deus,
2023 4286 2120 4334 hac
2143 4285 2266 4335 nihil
2287 4285 2521 4353 superius

1349 4366 1523 4416 Boiith.
1645 4420 1652 4425 ,
2349 4367 2386 4416 S
