3049 4928
1202 421 1509 475 Boss‘rnu
1563 422 1661 469 DE
1709 414 2019 469 consol..

938 570 1208 640 Lucifer
1232 577 1313 635 ut
1338 570 1646 636 tenebras
1670 564 2022 650 pepulerit,

940 674 1232 741 Pulchra
1262 672 1411 737 dies
1442 688 1679 736 roseos
1706 669 1847 751 agit
1876 684 2110 750 equos.

2633 658 2723 723 10

940 777 1049 841 Tu
1078 781 1409 860 quoque¹1¹
1451 772 1633 838 falsa
1662 779 1855 836 tuens
1883 771 2067 834 bona
2096 765 2307 852 priuS,

943 878 1178 962 Incipe
1211 875 1390 942 colla
1406 876 1573 960 jugo
1601 872 1926 937 retrahere
1944 891 1964 950 ;
1982 878 2010 905 ¹²

937 980 1122 1046 Vera
1151 980 1388 1046 dehinc
1418 977 1713 1044 animum
1743 974 2091 1039 subierint.

513 1204 632 1255 sios.
698 1205 956 1267 Postquam
997 1205 1134 1253 stello
1168 1201 1379 1263 resenas
1421 1201 1571 1249 lucem
1591 1198 1792 1260 fugavit
1827 1199 2027 1256 nonem,
2066 1194 2166 1242 dies
2185 1189 2401 1250 formosa
2432 1186 2570 1236 ducit
2589 1199 2732 1248 equos

513 1272 734 1321 rubentes
766 1268 909 1320 Solis.
972 1268 1057 1318 Sic
1077 1274 1150 1331 tu,
1178 1284 1206 1316 o
1229 1266 1431 1328 Boethi,
1464 1267 1545 1328 qui
1581 1270 1721 1313 antea
1760 1263 1915 1312 animo
1951 1257 2225 1309 attendebas
2256 1256 2317 1304 ad
2338 1253 2458 1303 bona
2478 1251 2731 1311 ementita,

517 1335 721 1397 incipias
740 1336 929 1383 tandem
948 1334 1199 1383 subducere
1218 1334 1428 1381 animum
1447 1330 1508 1379 ab
1532 1344 1691 1379 eorum
1722 1326 2004 1392 tyrannide.-
2043 1329 2147 1372 tum
2179 1334 2294 1370 vera
2324 1319 2443 1369 bona
2474 1315 2733 1366 intrabunt

515 1401 680 1449 saltem
700 1400 887 1449 notione
908 1403 1108 1448 mentem
1129 1404 1278 1448 tuam.

1505 1487 1721 1540 No'rAE

515 1592 657 1643 neris
679 1590 892 1643 alternis
911 1591 1068 1643 subit.
1114 1589 1349 1641 Primum
1369 1586 1579 1653 quidem
1659 1584 1758 1635 bus
1779 1582 1950 1633 ventis
1987 1580 2279 1646 pluviisque
2306 1573 2594 1642 jucundius
2630 1572 2735 1623 ful-

515 1676 771 1734 quatenus
795 1667 1026 1731 pluviam
1047 1666 1246 1731 excipit
1268 1671 1476 1728 tempus
1499 1676 1582 1712 se-

515 1759 731 1796 renum:
767 1743 857 1793 ubi
880 1744 1073 1805 Notus,
1094 1742 1235 1792 idem
1257 1741 1347 1806 qui
1368 1739 1583 1803 Auster,

517 1826 704 1871 ventus
725 1825 811 1870 est
830 1833 862 1868 a
883 1818 1107 1868 Meridie
1128 1816 1278 1880 flans,
1317 1816 1426 1880 qui,
1444 1814 1584 1880 qnod

520 1901 679 1959 cogat
693 1893 856 1944 nubes
876 1893 931 1942 in
949 1908 1135 1959 aquam
1155 1893 1407 1955 abituras,
1427 1890 1585 1940 idcir-

520 1987 585 2023 co
616 1973 632 1999 ‘
650 1968 976 2020 imbriferos'
1006 1971 1116 2019 sive
1139 1968 1341 2033 pluvios
1362 1969 1379 1997 ‘
1400 1980 1552 2018 sonos
1566 1966 1583 1989 '

519 2046 710 2097 dicitur
727 2046 987 2096 emittere.
1024 2044 1188 2110 Atqui
1203 2044 1343 2109 quod
1360 2043 1587 2093 cadente

521 2122 700 2187 pluvia
729 2122 904 2170 lumen
941 2120 1249 2185 impeditum
1287 2121 1358 2170 sit
1395 2120 1584 2183 minus,

519 2199 703 2264 idque,
738 2196 1045 2261 interruptis
1066 2195 1265 2257 vicibus
1296 2195 1471 2246 oculos
1508 2193 1588 2245 fe·

522 2275 686 2337 riens,
717 2273 946 2323 nativam
979 2273 1244 2323 oculorum
1279 2271 1587 2335 temperiem

523 2349 726 2414 turbet,
747 2349 945 2400 idcirco
968 2349 1141 2399 lumen
1172 2355 1465 2399 cessantem
1483 2348 1590 2397 No·

524 2432 638 2478 tum
689 2426 958 2492 excipiens
1011 2425 1274 2477 turbatam
1323 2424 1591 2475 oculorum

525 2503 935 2569 complexionem
974 2502 1051 2552 sic
1090 2506 1322 2565 reparat,
1353 2507 1414 2551 ut
1449 2499 1590 2550 idem

522 2581 699 2631 lumen
721 2579 917 2643 gratius
934 2579 1193 2629 videatur.
1235 2577 1446 2628 Deinde
1465 2591 1594 2643 qua·

524 2663 680 2708 tenus
707 2657 822 2707 dies
856 2656 1095 2706 succedit
1125 2655 1302 2705 noctiz
1337 2654 1427 2705 ubi
1457 2655 1473 2682 ‘
1491 2654 1592 2704 Lu·

525 2734 691 2786 cifer'
721 2740 805 2784 est
826 2733 981 2783 stella
1000 2725 1276 2794 matutina,
1296 2746 1413 2796 quae
1436 2744 1591 2781 voca-

528 2818 615 2860 tur
637 2811 848 2861 Venus:
885 2809 1107 2859 ‘intima
1130 2816 1211 2857 est
1248 2809 1474 2873 quinque
1510 2821 1592 2856 er-

522 2884 789 2948 ‘rautiumss
822 2886 991 2950 iuquit
1027 2884 1137 2936 Cic.
1174 2898 1239 2934 11.
1275 2885 1339 2933 de
1367 2885 1493 2933 Nat.
1517 2883 1593 2932 D.

525 2962 542 2991 ‘
565 2969 826 3026 terraeque
870 2960 1106 3025 proxima
1161 2960 1314 3009 stella
1356 2958 1597 3019 Veneris,

527 3053 645 3104 quae
667 3034 905 3101 φοῦ-φόρος
925 3036 1136 3096 Graece,
1169 3033 1382 3083 Lucifer
1404 3033 1595 3083 Latine

525 3114 736 3178 dicitur,
745 3129 859 3164 cum
872 3111 1267 3174 antegrediatur
1276 3109 1468 3172 Solem,
1478 3123 1597 3157 eum

527 3200 705 3243 autem
725 3189 1077 3254 subsequitur,
1107 3185 1413 3249 Hesperus?
1477 3185 1597 3234 Vir·

530 3269 621 3334 gil.
644 3268 759 3318 Ecl.
781 3278 916 3315 vm.
941 3279 1016 3315 vs.
1038 3267 1118 3314 17.
1153 3266 1169 3291 ‘
1190 3263 1444 3327 Nascere,
1466 3276 1598 3326 prae·

531 3360 635 3411 que
653 3345 789 3394 diem
804 3343 1018 3392 veniens
1033 3356 1129 3405 age
1141 3340 1354 3391 Lucifer
1372 3340 1598 3392 almum.’

529 3423 623 3473 Sol
645 3435 820 3487 porro,
835 3419 941 3469 diei
963 3433 1172 3484 parens,
1188 3417 1363 3468 Poetis
1382 3417 1599 3483 fingitur

529 3497 649 3551 vehi
684 3495 947 3562 quadrigis
982 3492 1152 3558 equis,
1185 3508 1314 3558 quos
1354 3494 1485 3557 dies,
1517 3501 1599 3544 ut·

531 3581 658 3642 pote
681 3574 856 3624 Solem
872 3569 1208 3633 antecedens,
1228 3583 1365 3620 nunc
1385 3568 1601 3634 tingitur

533 3648 746 3702 ducere.

598 3733 638 3759 ¹¹²
663 3726 734 3776 Tu
755 3721 960 3790 quoque]
1009 3721 1142 3773 0·ae
1178 3734 1295 3771 cum
1334 3717 1488 3772 itane
1509 3723 1601 3772 ha·

533 3802 856 3865 beant,=cum
878 3812 1006 3849 arva
1025 3812 1129 3848 non
1150 3804 1389 3847 serantur
1415 3799 1600 3849 uberes

534 3879 736 3931 fructus
763 3876 1001 3936 allatura,
1031 3874 1133 3925 nisi
1153 3873 1297 3938 prius
1317 3871 1599 3925 fruticibus

534 3957 756 4017 avulsis;
788 3966 904 4003 cum
927 3953 1031 4002 mel
1049 3956 1176 4017 post
1194 3965 1438 4015 saporem
1461 3966 1600 4001 ama·

535 4049 648 4087 rum
671 4037 739 4087 sit
762 4029 993 4093 dulcium
1027 4045 1144 4082 cum
1167 4030 1339 4081 sidera
1355 4029 1602 4080 cessanti-

1663 1666 1848 1726 geant3
1883 1673 2000 1709 cum
2015 1657 2239 1720 denique
2258 1654 2371 1704 dies
2388 1666 2490 1701 non
2506 1651 2738 1712 oriatur,

1663 1738 1766 1788 nisi
1783 1736 1975 1801 fugatis
1999 1734 2259 1793 tenebris3
2295 1735 2580 1795 propterea
2598 1734 2682 1789 tn,
2704 1741 2737 1776 o

1665 1815 1873 1877 Boethi,
1893 1829 1994 1864 non
2017 1813 2117 1863 nisi
2140 1808 2392 1874 depositis
2411 1804 2737 1872 proejudiciis

1666 1890 1875 1956 assequi
1910 1889 2110 1953 poteris
2144 1886 2211 1935 de
2243 1884 2378 1935 bono
2418 1882 2737 1931 veritatem:

1665 1967 1759 2019 sed
1777 1969 1895 2018 haec
1912 1980 1974 2016 eo
1998 1964 2091 2014 tibi
2111 1961 2310 2027 gratior
2338 1959 2462 2022 erit,
2485 1957 2638 2024 quod.
2656 1970 2741 2006 er·

1669 2058 1839 2097 rorem
1862 2042 2093 2106 excipiat
2112 2057 2132 2097 :p
2168 2052 2293 2101 ergo
2519 2084 2524 2087 ,

1667 2173 1674 2178 ,
1730 2128 1758 2155 ¹¹
1777 2120 1941 2184 Incipe
1961 2116 2213 2179 collajugo
2232 2109 2497 2173 retrahere]
2521 2110 2601 2161 Ut
2623 2123 2740 2161 cor·

1667 2197 1828 2263 poris,
1859 2197 1936 2246 sic
1973 2194 2131 2245 etiam
2165 2189 2355 2241 mentis
2389 2186 2635 2253 quaedam
2659 2192 2743 2236 est

1670 2274 1976 2339 captivitasx
2011 2269 2102 2319 sed
2125 2269 2179 2318 in
2215 2266 2315 2315 hoc
2335 2278 2480 2313 mens
2501 2259 2684 2312 differt
2708 2276 2742 2311 a

1670 2364 1911 2415 corpore,
1947 2346 2085 2413 quod
2125 2356 2316 2407 corpus
2356 2338 2543 2403 possit,
2586 2348 2740 2386 mens

1668 2441 1797 2480 vero
1818 2440 1923 2477 non
1946 2422 2130 2490 possit,
2160 2419 2327 2471 invito
2349 2414 2576 2478 homine,
2592 2413 2744 2478 cujus

1670 2512 1771 2569 est,
1834 2500 2142 2569 quibusdam
2208 2494 2445 2546 vinculis·
2476 2491 2740 2543 detineri:

1671 2587 1955 2647 propterea
2007 2589 2113 2626 non
2162 2573 2256 2624 abs
2301 2584 2361 2620 re
2399 2566 2743 2632 Philosophia

1671 2658 1908 2708 hortatur
1926 2652 2222 2713 Boethium,
2244 2652 2303 2698 ut
2323 2647 2339 2676 ‘
2362 2645 2587 2710 incipiat
2601 2643 2746 2694 colla

1668 2735 1797 2800 jugo
1836 2727 2155 2783 retraheret’
2197 2728 2383 2791 jugum
2425 2723 2565 2772 enim
2589 2721 2744 2771 ‘illud

1674 2809 1863 2860 mentis
1872 2815 1968 2859 est.
1988 2807 2185 2856 Verum
2200 2800 2402 2851 duobus
2417 2797 2585 2848 modis
2596 2810 2744 2847 mens

1673 2884 1897 2934 humana
1919 2878 2138 2942 intelligi
2161 2881 2337 2941 potest
2368 2871 2588 2923 vinculis
2610 2871 2746 2921 deti·

1675 2959 1804 3010 neri.
1869 2957 2103 3006 Primum
2124 2951 2331 3018 quidem
2347 2949 2548 2999 ratione
2570 2947 2744 2998 notio·

1674 3038 1774 3100 nis,
1809 3041 2066 3100 quatenus
2102 3030 2212 3079 haec
2249 3027 2473 3078 obscura
2510 3031 2614 3088 est,
2653 3030 2745 3074 aut

1679 3111 1930 3172 confusa3
1972 3107 2161 3158 deinde
2184 3105 2386 3156 ratione
2417 3117 2528 3162 suas
2560 3103 2744 3152 volun·

1678 3188 1825 3251 tatis,
1849 3192 2105 3253 qnatenus
2138 3179 2465 3246 ignoratione
2495 3177 2660 3231 ducta
2690 3177 2744 3226 in

1678 3279 1909 3316 errorem
1948 3268 2040 3312 aut
2080 3259 2263 3309 vitium
2303 3255 2517 3304 labitur.
2600 3253 2744 3303 Non·

1680 3343 1800 3393 dum
1824 3341 1998 3405 agitur
2030 3337 2100 3387 de
2134 3331 2415 3400 posteriori
2446 3330 2547 3380 hoc
2568 3329 2745 3380 vincu-

1680 3419 1844 3469 lorum
1868 3427 2060 3481 genere
2081 3429 2096 3463 ε
2132 3408 2227 3460 sed
2251 3415 2454 3458 tantum
2469 3405 2539 3455 de
2561 3405 2745 3469 priori.

1681 3497 1810 3546 Cum
1832 3501 2011 3544 autem
2046 3487 2231 3540 eadem
2255 3497 2401 3534 mens
2439 3483 2519 3532 ita
2539 3483 2610 3532 sit
2634 3495 2747 3547 par-

1682 3570 1854 3634 ticeps
1892 3564 2245 3630 cogitationis,
2280 3561 2395 3610 haec
2427 3565 2487 3608 ut
2522 3566 2747 3625 nequeat

1681 3647 1802 3698 exui
1824 3645 2068 3707 obscura,
2101 3640 2224 3707 quin
2259 3638 2407 3686 clara
2437 3634 2653 3684 notione
2674 3634 2747 3682 in·

1678 3723 1892 3785 duatur,
1921 3728 2202 3786 propterea
2238 3710 2574 3775 Philosophia
2612 3723 2745 3760 nuuc

1681 3802 1757 3851 ait
1778 3800 1890 3851 fore
1914 3806 1975 3850 ut
1996 3812 2141 3850 mens
2162 3791 2392 3853 Boethii,
2409 3790 2454 3840 si
2475 3789 2588 3840 haec
2612 3789 2745 3843 bona

1681 3876 1814 3928 falsa
1846 3876 2051 3927 desinat
2084 3870 2294 3934 intueri,
2330 3880 2456 3917 vera
2489 3865 2745 3930 inspiciat.

1677 3954 1788 4003 ‘Tu
1810 3966 2017 4018 quoque
2050 3949 2186 3999 falsa
2219 3952 2372 3996 tuens
2407 3941 2548 3992 bona
2580 3941 2741 4005 prius,

1684 4027 1904 4079 ...Nera
1927 4024 2118 4076 dehinc
2140 4022 2366 4073 animum
2386 4015 2680 4068 subierint?
