3049 4928
518 426 648 491 120

1220 440 1529 489 802'1'12111
1581 442 1677 490 DE
1726 444 2032 494 coNsob.

1334 729 1758 795 METRUM
1807 732 1897 797 V.

956 901 1016 965 Ο
1052 917 1504 967 s‘reumrfflu
1540 904 1846 969 conditor
1877 905 2110 983 orbis‚=

952 1004 1091 1085 Qui
1121 1012 1449 1089 perpetuo
1481 1010 1682 1072 nixus
1712 1007 1887 1073 solio
1911 1006 1938 1043 ¹¹

946 1106 1221 1191 Rapido
1252 1108 1502 1174 coelum
1533 1109 1837 1194 turbinei
1882 1131 2129 1189 versaS,

944 1212 1326 1297 Legemque
1355 1216 1496 1298 pati
1530 1216 1752 1281 sidera
1781 1217 1969 1300 cogis
1991 1236 2009 1296 3
2030 1211 2057 1250 ¹‘

583 1415 628 1462 0
648 1415 786 1464 Deus
804 1422 988 1467 creator
1007 1419 1109 1468 coeli
1131 1422 1331 1480 stellati,
1370 1421 1452 1484 qui
1489 1421 1734 1470 considens
1765 1422 1817 1471 in
1848 1422 1965 1471 solio
1984 1422 2284 1484 sempiterno,
2314 1420 2547 1469 convertis
2566 1418 2720 1483 ipsum

513 1482 674 1531 eoelum
696 1484 928 1544 vertigine
962 1485 1123 1549 celeri,
1155 1492 1203 1536 et
1233 1486 1392 1548 adigis
1425 1491 1558 1535 astra
1597 1486 1753 1535 subire
1786 1493 1921 1537 tuum
1954 1487 2224 1551 imperium,
2257 1487 2329 1535 ita
2350 1489 2405 1536 ut
2426 1484 2566 1535 Luna
2588 1487 2730 1534 modo

1512 1585 1728 1637 NOTAE

571 1702 597 1737 8
617 1694 850 1756 Stemfferz·
866 1698 1079 1746 conditor
1093 1698 1241 1761 orbis]
1265 1698 1394 1749 Coeli
1414 1715 1426 1749 ε
1454 1700 1570 1749 Coe-

1651 1706 1863 1764 petuum
1885 1700 1920 1761 ς’
1953 1700 2037 1750 cui
2074 1698 2220 1748 favet
2256 1698 2344 1747 illa
2383 1697 2524 1746 vocis
2558 1695 2718 1745 inter·

506 1772 612 1819 lum
634 1773 791 1834 enim,
810 1772 966 1821 etiam
982 1773 1165 1837 judice
1189 1775 1379 1835 Tullio,
1398 1774 1569 1837 dupli·
1649 1776 1899 1840 pretatio,
1932 1792 2038 1841 qua
2076 1776 2259 1825 solium
2315 1773 2508 1823 dicitur
2563 1772 2714 1822 sedes

506 1848 579 1896 cis
601 1855 683 1897 est
704 1849 927 1910 generis.
993 1849 1232 1900 Alterum
1271 1851 1491 1912 aerium,
1514 1854 1568 1902 in
1648 1851 1844 1911 solida;
1881 1858 1939 1901 ut
1969 1859 2126 1915 terra,
2157 1850 2294 1916 quod
2316 1850 2480 1900 solida
2498 1849 2589 1912 sit,
2628 1863 2718 1913 ap-

505 1938 608 1987 quo
619 1924 805 1986 nubes,
815 1925 1024 1986 imbres,
1036 1929 1283 1993 ventique
1295 1936 1570 1992 coguntur.

504 2000 745 2049 Alterum
770 2000 1098 2068 stelliferum,
1133 2005 1270 2069 qnod
1295 2020 1328 2055 a
1358 2005 1570 2057 domici·

502 2077 586 2126 liis
619 2080 806 2128 nostris
840 2080 1160 2145 altissimum,
1198 2084 1367 2133 omnia
1405 2085 1572 2147 cingit

503 2162 559 2205 et
581 2154 809 2219 coercet,
842 2166 1079 2208 extrema
1118 2174 1211 2208 ora
1243 2167 1300 2211 et
1322 2160 1569 2210 determi-

502 2231 647 2281 natio
670 2233 865 2285 mundi.
904 2235 991 2283 De
1018 2234 1113 2285 hoc
1137 2244 1313 2286 autem
1336 2238 1569 2287 secundo

499 2308 621 2356 coeti
645 2323 836 2372 genere
866 2311 989 2360 ideo
1017 2327 1155 2363 nanc
1180 2315 1410 2379 loquitur
1430 2316 1568 2366 Boi-5-

503 2384 658 2448 thius,
690 2387 828 2451 quod
866 2387 1103 2439 dicturus
1139 2391 1207 2440 sit
1242 2391 1307 2441 de
1343 2393 1568 2457 legibus,

502 2477 619 2525 quae
642 2477 758 2512 cum
795 2464 848 2514 in
881 2463 1207 2517 inferioribus
1244 2472 1568 2536 corporibus,

501 2546 611 2588 tum
635 2541 793 2590 etiam
814 2542 867 2590 in
886 2544 1040 2592 astris
1056 2543 1421 2610 observantur,
1441 2563 1567 2612 quas

499 2617 709 2681 quidem
732 2619 875 2682 leges
898 2623 1043 2671 Deus
1066 2623 1179 2687 ipse
1202 2625 1387 2675 statuit
1406 2641 1437 2675 a
1459 2628 1564 2690 pri-

497 2707 582 2741 mo
613 2704 896 2758 ¹momento,
930 2713 1033 2762 quo
1057 2699 1170 2749 haec
1191 2714 1414 2765 cor-pora
1444 2718 1564 2753 con-

496 2770 665 2822 didit:
703 2785 985 2838 propterea
1008 2778 1158 2828 Deus
1190 2793 1329 2830 nunc
1364 2782 1561 2847 cogita-

499 2855 602 2912 tur,
623 2856 680 2898 nt
703 2852 964 2902 conditor.

561 2924 585 2957 ¹¹
610 2927 707 2982 Qui
740 2935 963 2992 perpetuo
997 2933 1144 2982 nixus
1173 2935 1316 2999 solio]
1364 2935 1562 2985 Solium

494 3007 780 3066 generatim
817 3016 895 3056 est
917 3009 1067 3059 sedes
1092 3011 1143 3058 in
1167 3026 1271 3075 qua
1294 3011 1470 3075 plures
1494 3013 1561 3062 si-

493 3081 602 3130 mul
655 3084 927 3134 considere
980 3094 1245 3151 nequeunt
1264 3106 1279 3136 z
1334 3088 1349 3116 ‘
1381 3088 1561 3151 Solia‚'

491 3160 647 3221 enim,
666 3160 840 3226 inquit
865 3163 1068 3226 Festus,
1095 3164 1111 3191 ‘
1128 3165 1463 3227 appellantur
1483 3180 1562 3214 se-

492 3232 617 3282 dilia
656 3237 711 3284 in
755 3236 942 3300 quibus
979 3253 1081 3288 non
1130 3241 1307 3303 piures
1342 3240 1560 3306 singulis

494 3317 710 3372 possunt
727 3312 911 3361 sedere
927 3314 958 3361 ε’
981 3315 1124 3378 quasi
1148 3316 1331 3366 solium
1351 3317 1563 3368 dicatur

493 3385 632 3449 quod
658 3388 821 3436 solum
854 3403 1010 3438 unum
1042 3392 1203 3456 capit.
1269 3394 1559 3458 speciatim

492 3477 617 3512 vero
654 3464 836 3513 solium
858 3471 941 3515 est
962 3466 1113 3517 sedes
1135 3470 1300 3533 regia,
1321 3473 1474 3536 vulgo
1494 3488 1559 3523 aa

496 3539 647 3590 Trono
663 3557 679 3589 .·
716 3541 791 3591 sic
810 3543 1066 3606 accipitur
1087 3559 1118 3593 a
1134 3544 1318 3608 Virgii.
1338 3549 1555 3612 soepius3

489 3624 552 3667 ut
573 3617 774 3669 AEneid.
802 3632 905 3669 vn.
940 3635 1016 3671 vs.
1051 3624 1163 3672 169.
1194 3622 1210 3650 ⁴
1230 3624 1469 3687 Imperat
1499 3634 1558 3677 et

489 3693 631 3744 Solio
665 3694 862 3745 medius
896 3696 1137 3747 consedit
1171 3699 1349 3750 avito?
1415 3702 1558 3752 Deus

490 3777 663 3820 autem
686 3786 823 3823 nunc
859 3781 1152 3839 spectatur,
1186 3784 1445 3841 quatenus
1478 3786 1558 3830 est

487 3848 634 3897 Rex:
662 3850 798 3899 unde
821 3864 973 3901 versu
996 3856 1078 3902 27.
1102 3853 1303 3903 dicitur
1335 3855 1352 3883 ‘
1368 3857 1554 3907 merito

490 3933 668 3977 rector
705 3928 949 3978 cohibere
986 3931 1141 3981 modo
1161 3931 1195 3992 3'
1229 3941 1284 3982 et
1308 3948 1441 3985 vers.
1471 3940 1554 3987 46.

482 4005 499 4033 ‘
520 4005 771 4069 Rapidos,
804 4012 998 4071 rector,
1026 4008 1310 4074 comprime
1332 4010 1554 4062 fluctus?

488 4081 553 4130 In
572 4082 672 4132 boe
706 4089 875 4132 autem
908 4097 1125 4148 regnum
1166 4085 1269 4135 Dei
1303 4086 1485 4137 differt
1521 4104 1554 4138 a

485 4159 695 4221 ceteris,
727 4159 863 4225 quod
886 4159 999 4210 haec
1021 4162 1298 4212 mutationi
1323 4164 1427 4214 sint
1461 4164 1552 4214 eb-

485 4238 659 4300 noxia‚
690 4236 817 4288 illud
853 4252 979 4286 vero
1005 4246 1262 4288 aternum
1289 4241 1356 4288 sit
1380 4247 1436 4289 et
1457 4241 1551 4290 im-

485 4316 764 4367 mutabile:
801 4326 961 4381 quare
1000 4329 1138 4367 nunc
1173 4316 1366 4367 dicitur
1399 4319 1551 4382 ‘per-

1651 1927 1879 1992 pellatur
1896 1929 2082 1979 solnm.

1721 2006 1934 2071 ¹Rapido
1955 2009 2118 2057 coelm
2140 2005 2353 2071 turbine]
2379 2005 2572 2068 Turbo,
2587 2004 2712 2055 Gai·
2783 2074 2786 2078 ¹

1650 2084 1749 2134 lice
1772 2099 1838 2133 un
1857 2084 2133 2147 toni-billon,
2155 2099 2187 2133 a
2211 2082 2469 2133 turbando
2503 2082 2715 2143 dicitur,

1649 2161 1810 2224 quod,
1830 2158 1974 2210 facto
1991 2160 2213 2226 quodam
2230 2159 2475 2221 circuita,
2493 2159 2717 2208 materia

1647 2238 1722 2287 sie
1742 2237 2000 2295 turbetur,
2018 2245 2076 2287 ut
2094 2252 2291 2287 summa
2310 2236 2443 2297 imis,
2455 2236 2715 2285 anteriora

1650 2316 2049 2381 posterioribus,
2081 2317 2269 2365 dextra
2286 2315 2512 2365 sinistris
2534 2327 2714 2364 succe-

1645 2392 1793 2442 dant.
1839 2393 1929 2442 Sic
1951 2399 2136 2441 ventus
2157 2391 2385 2456 quidam,
2409 2391 2496 2455 qui
2520 2391 2711 2458 Lucre·

1652 2472 1725 2521 tio
1738 2478 1954 2521 vocatur
1964 2475 1980 2500 ‘
1993 2467 2383 2531 versabundus,’
2399 2467 2594 2532 quique
2602 2481 2714 2517 cor-

1649 2563 1778 2612 pora
1798 2547 1953 2598 obvia
1973 2546 2304 2611 circumagit,
2325 2551 2545 2596 vocatur
2572 2545 2588 2572 ‘
2604 2552 2711 2596 tur-

1648 2625 1714 2674 bo
1731 2625 1763 2676 :'
1812 2624 1957 2674 unde
1995 2623 2184 2686 Virgii.
2228 2622 2345 2671 AEn.
2369 2635 2434 2671 n.
2477 2636 2552 2669 vs.
2595 2625 2710 2670 416.

1647 2703 1664 2730 ‘
1683 2700 1906 2752 Adversi
1928 2707 2086 2765 rupto
2108 2715 2205 2750 cea
2223 2699 2483 2764 qnondam
2507 2699 2712 2749 turbine

1645 2779 1793 2830 venti
1817 2776 2150 2842 confligunt0'
2213 2776 2303 2826 Sic
2339 2774 2570 2839 trochus,
2604 2775 2715 2825 vnl-

1647 2862 1823 2919 gatum
1854 2869 2130 2919 puerorum
2154 2852 2450 2914 ludibrium,
2480 2853 2713 2915 appelia-

1644 2938 1735 2980 tnr
1767 2933 1783 2958 ‘
1805 2929 1991 2980 turbo’
2026 2929 2175 2993 Virg.
2239 2928 2328 2978 Sic
2358 2926 2463 2977 fusi
2499 2928 2712 2991 pensilis

1644 3008 1886 3057 circuitio
1903 3007 2112 3056 Catullo
2128 3006 2321 3055 dicitur
2337 3007 2353 3033 ‘
2366 3003 2556 3054 turbo.'
2591 3006 2711 3054 Sive

1643 3093 1816 3135 autem
1840 3084 2025 3134 coelum
2049 3082 2297 3133 credatur
2323 3081 2564 3145 solidum,
2601 3080 2710 3130 sive

1645 3162 1916 3227 liquidum,
1952 3161 2026 3211 ibi
2072 3161 2317 3226 perennis
2355 3165 2440 3209 est
2473 3158 2709 3208 materiae

1643 3245 1798 3288 motae
1824 3238 2077 3298 circuitio,
2095 3238 2334 3301 adeoque
2366 3236 2381 3264 ‘
2399 3234 2590 3285 turbo.'

1708 3315 1732 3349 k
1753 3317 2017 3380 Legemque
2035 3317 2142 3380 peti
2158 3314 2321 3364 sidera
2330 3313 2486 3376 cogis]
2510 3314 2582 3362 Ut
2601 3326 2710 3362 cor·

1644 3408 1738 3458 pus
1756 3395 1976 3458 primum
2000 3407 2106 3444 non
2127 3398 2384 3452 movetur,
2418 3388 2517 3438 nisi
2539 3388 2606 3438 ab
2632 3387 2711 3452 ip-

1639 3485 1696 3519 so
1718 3472 1858 3534 Deo,
1878 3484 1910 3518 a
1929 3484 2032 3534 quo
2049 3467 2318 3519 conditum
2336 3474 2448 3528 est3
2470 3466 2547 3514 sic
2569 3465 2708 3514 idem

1639 3561 1827 3610 corpus
1869 3561 1973 3595 non
2013 3552 2250 3594 movetur
2285 3545 2384 3593 nisi
2423 3542 2710 3613 secundum

1640 3638 1749 3687 cas,
1776 3638 1902 3687 quas
1929 3623 2042 3687 ipse
2066 3624 2212 3673 Deus
2232 3619 2428 3671 statuit
2443 3620 2711 3669 immotas-

1638 3717 1741 3768 que
1765 3709 1940 3752 servat
1961 3709 2133 3752 motus
2150 3702 2325 3764 leges:
2350 3699 2547 3762 optime
2566 3697 2707 3746 enim

1640 3779 1884 3841 Ovidius,
1913 3780 1928 3809 ‘
1949 3779 2039 3829 Nil
2060 3779 2139 3829 ita
2168 3777 2391 3827 sublime
2415 3782 2501 3826 est
2523 3789 2706 3839 supra-

1635 3871 1739 3921 que
1774 3856 2007 3920 pericuia
2047 3855 2235 3916 tendit,
2269 3853 2390 3903 Non
2423 3851 2494 3901 sit
2526 3857 2588 3901 ut
2627 3851 2706 3900 in·

1635 3931 1800 3982 serius
1823 3932 2251 3996 suppositumque
2272 3928 2434 3980 Deo!
2484 3929 2573 3979 Sic
2594 3942 2708 3978 cor·

1637 4025 1733 4075 pus
1756 4008 1891 4074 quod
1917 4015 2170 4072 movetur,
2190 4008 2257 4057 ab
2281 4007 2453 4072 aliquo
2475 4005 2576 4055 alio
2598 4020 2704 4054 mo-

1636 4094 1821 4137 veatur
1856 4101 2077 4136 necesse
2110 4092 2223 4136 est:
2277 4087 2354 4136 sic
2380 4099 2577 4148 corpus
2615 4086 2705 4132 im-

1631 4171 1853 4226 motum,
1870 4164 2194 4225 non'movet‚
2214 4165 2316 4213 &c.
2351 4161 2610 4225 ejusmodi
2635 4161 2702 4209 de

1632 4241 1819 4304 quibus
1842 4240 1896 4289 in
1918 4240 2117 4290 Phiios.
2176 4240 2317 4288 Hinc
2339 4237 2609 4300 Sapientia
2634 4251 2704 4286 ae-

1634 4325 1784 4368 terna
1802 4317 2060 4369 Proverb.
2085 4329 2211 4367 vui.-
2235 4320 2249 4346 ‘
2264 4315 2492 4368 Quando
2508 4314 2522 4335 '
2541 4315 2708 4376 Deus,
