3049 4928
509 428 641 494 428

511 586 739 652 παραδέξῃ
773 586 821 636 ἐν
845 586 1041 648 μέλεσιν
1072 587 1105 648 ἢ
1140 587 1302 639 ἔπεσιν
1333 589 1476 649 ἡδονή
1497 607 1573 640 σοι

511 666 590 715 καὶ
612 664 742 725 λύπη
765 668 816 714 ἓν
843 669 906 731 τῇ
925 665 1061 716 πόλει
1089 665 1450 729 βασιλεύσετον,
1471 667 1574 717 ἀντὶ

511 742 653 804 νόμου
673 761 729 792 τε
749 742 828 792 καὶ
847 745 934 792 τοῦ
953 745 1082 809 κοινῇ
1117 743 1332 806 δόξαντος
1367 744 1439 794 ἀεὶ
1461 742 1575 794 εἶναι

511 822 769 878 βελτίστου
788 820 954 883 λόγου,
993 822 1010 850 ‘
1031 823 1086 872 Si
1105 829 1276 873 autem
1303 824 1576 887 voluptuo-

511 913 618 947 sam
644 900 848 947 Musam
870 898 921 946 in
945 898 1165 948 canticis
1188 907 1244 948 et
1261 899 1574 949 carminibus

510 974 887 1038 acceptaveris,
920 975 1158 1038 voluptas
1187 976 1238 1024 iu
1275 975 1490 1027 civitate
1511 990 1574 1025 ac

510 1052 678 1115 dolor,
699 1052 827 1115 legis
852 1060 905 1102 et
929 1053 1061 1117 ejus,
1093 1054 1230 1118 quod
1252 1069 1460 1118 semper
1480 1070 1573 1119 op-

512 1129 693 1179 timum
734 1130 899 1179 visum
940 1138 1041 1193 est,
1076 1131 1288 1181 rationis
1325 1132 1575 1183 videlicet

510 1208 644 1269 loco,
681 1205 1117 1257 dominabuntur.’
1185 1208 1324 1258 Hinc
1345 1224 1436 1259 eas
1454 1224 1573 1259 nos·

510 1289 592 1333 ter
642 1285 658 1312 ‘
689 1284 933 1334 Scenicas
972 1285 1362 1335 meretriculas’
1396 1293 1574 1350 vocat,

509 1362 607 1411 boc
630 1368 729 1422 est,
765 1361 924 1420 molli,
961 1362 1170 1412 scenico
1205 1369 1262 1411 et
1302 1363 1368 1412 ad
1395 1364 1572 1427 volup-

511 1446 674 1488 tatem
718 1446 1019 1502 comparato
1079 1439 1261 1489 babitu
1321 1442 1573 1504 cultuque

508 1524 770 1579 comptaS,
818 1520 876 1562 ut
914 1514 1002 1578 qui
1043 1515 1428 1579 Philosophiam
1468 1528 1571 1565 non

507 1593 714 1643 deceat.
782 1591 1016 1641 Philonis
1054 1607 1258 1657 quoque
1292 1593 1472 1642 Virtus
1505 1593 1572 1642 ad

509 1671 868 1732 Voluptatem,
898 1667 994 1727 Τὴν
1013 1667 1326 1734 τερατουργὸν
1343 1668 1425 1718 καὶ
1443 1668 1571 1732 μάχ-

506 1756 595 1795 λον
626 1745 704 1795 καὶ
733 1743 998 1807 μυθολόγον
1021 1744 1144 1796 εἶδον
1158 1746 1326 1806 ἡδονὴν
1344 1747 1573 1812 τραγικώ-

448 1825 451 1826 ’
505 1843 641 1889 τερον
662 1822 1074 1889 ἐνεσκευασμένην,
1092 1824 1170 1876 καὶ
1186 1829 1394 1891 λιπαρῶς
1407 1825 1572 1888 θαμινά

506 1918 582 1952 σοι
602 1905 989 1967 προσομιλοῦσιν,
1011 1906 1028 1932 ‘
1050 1904 1201 1954 Hanc
1221 1905 1418 1968 aspicio
1436 1920 1569 1967 prae-

506 1982 868 2043 stigiatricem,
900 1982 1213 2044 impudicam
1250 1991 1303 2031 et
1334 1983 1570 2046 nugatri-

506 2072 620 2107 eem
667 2058 936 2119 splendide
977 2073 1039 2108 ac
1085 2060 1293 2110 scenice
1337 2067 1569 2110 ornatam

507 2135 774 2185 blanditiis
799 2144 851 2186 te
878 2136 1130 2201 aggredi!
1200 2138 1350 2187 Unde
1372 2138 1423 2187 in
1439 2139 1572 2188 Gor-

506 2213 594 2275 gia
619 2213 711 2277 ait,
730 2214 959 2276 Ροὲεἰιη,
992 2215 1344 2278 Rhetoricam,
1365 2216 1572 2279 Sophis-

506 2290 649 2338 ticen
693 2305 806 2340 esse
849 2290 1097 2341 κολακείας
1145 2293 1161 2320 ‘
1201 2290 1568 2352 adulationes}

502 2365 578 2413 ὅτι
591 2367 678 2416 τοῦ
696 2366 832 2426 ἡδέος
848 2365 1143 2431 στοχάζεται
1165 2366 1273 2417 ἄνευ
1293 2369 1381 2417 τοῦ
1407 2367 1569 2424 βελτί-

501 2460 635 2507 στου,
657 2443 673 2472 ‘
689 2443 852 2509 quod’
875 2459 1049 2495 earum
1067 2460 1408 2511 unaquaeque,
1427 2447 1443 2475 ‘
1456 2445 1570 2495 nul·

503 2522 556 2569 la
578 2521 762 2584 optimi
800 2522 980 2580 habita
1002 2522 1223 2584 ratione,
1245 2523 1311 2571 ad
1336 2523 1568 2586 volupta-

502 2602 608 2645 tem
628 2603 868 2660 tanquam
888 2611 1098 2660 scopum
1115 2596 1334 2646 tendat!
1377 2598 1568 2650 Quam·

505 2687 656 2735 quam
695 2672 907 2722 Paesim
944 2687 1147 2738 quoque
1185 2674 1236 2722 in
1276 2673 1461 2722 eodem
1498 2673 1567 2722 de

478 2766 480 2768 ’
503 2749 635 2812 Rep.
655 2749 788 2799 libro
808 2750 860 2798 in
883 2752 1012 2813 Rep.
1033 2749 1264 2799 admittit
1287 2764 1347 2800 ac
1370 2750 1567 2813 laudat,

502 2841 620 2875 eam
645 2828 892 2878 videlicet
916 2844 1033 2893 quae
1061 2828 1228 2890 ὕμνους
1246 2832 1366 2879 θεοῖς
1384 2832 1463 2879 καὶ
1485 2831 1567 2893 ἐγ·

500 2903 667 2966 κώμια,
693 2909 709 2933 ‘
733 2907 947 2971 hymnos
972 2906 1025 2955 in
1050 2907 1208 2968 Deos,
1233 2906 1318 2957 et’
1352 2907 1567 2957 fortium

502 2980 881 3046 illustriumque
905 2983 1131 3031 virorum
1166 2987 1181 3013 ‘
1209 2983 1568 3033 laudationes’

501 3059 754 3108 continet.
823 3059 974 3112 Quod
1015 3058 1101 3108 ille
1135 3060 1200 3108 ab
1223 3060 1443 3110 Hesiodi
1469 3065 1567 3110 θεο-

496 3133 636 3200 γονίᾳ
668 3145 968 3198 acceperat,
1002 3136 1088 3186 ubi
1120 3135 1347 3188 officium
1384 3138 1567 3189 Poetae

499 3213 872 3277 materiemque
905 3213 980 3262 sic
1022 3214 1097 3263 illi
1127 3215 1442 3279 praescribit,
1476 3217 1569 3264 Αὐ-

498 3287 589 3351 τὰρ
609 3288 760 3339 ἀοιδὸς
774 3286 1004 3343 Μουσάων
1022 3288 1231 3354 θεράπων
1246 3294 1382 3342 κλεῖα
1400 3293 1567 3358 προτέ-

497 3383 591 3429 ρων
620 3365 865 3430 ἀνθρώπων
882 3365 1105 3432 ‘'runo-hav,
1125 3367 1335 3433 μάκαράς
1361 3389 1417 3420 τε
1438 3370 1569 3421 θεοὺς

499 3440 546 3496 οἳ
568 3443 819 3504 Ὄλυμπον
852 3441 1059 3505 ἔχουσιν.
1125 3450 1142 3475 ⁴
1170 3448 1375 3511 Nempe
1399 3448 1568 3498 Poeta

492 3521 606 3585 ,Res
642 3521 929 3583 priscorum
965 3521 1222 3570 bominum
1256 3524 1443 3587 claras,
1473 3525 1565 3574 Di-

498 3613 693 3662 vosque
718 3599 917 3660 beatoS,
934 3599 1144 3648 Summo
1167 3601 1423 3651 stellantis
1447 3618 1565 3668 reg-

499 3682 629 3724 nant
664 3675 755 3739 qui
790 3674 843 3723 in
880 3675 1108 3723 culmine
1135 3675 1347 3740 Olympi
1371 3679 1564 3728 Canta-

497 3755 589 3818 rit,
605 3753 829 3802 famulus
845 3751 1153 3801 Musarum.'
1209 3753 1374 3805 Quam
1399 3755 1563 3804 dialo-

499 3845 567 3893 go
595 3828 756 3878 Ἴωνος
787 3827 964 3876 multis
989 3827 1299 3893 summisque
1324 3831 1561 3881 laudibus

459 3911 463 3914 ’
490 3903 654 3962 ,effert
674 3905 811 3952 idem
835 3903 1008 3951 Plato·
1052 3903 1228 3955 Vallia.

565 3982 808 4029 Commota
836 3979 1102 4042 paulisper]
1136 3980 1217 4029 Ex
1240 3981 1449 4045 decoro,
1471 3997 1561 4033 ne-

498 4071 601 4122 que
646 4056 782 4106 enim
828 4055 1006 4106 decuit
1044 4055 1430 4122 Philosophiam
1472 4060 1559 4109 diu

495 4133 689 4183 irasci:
738 4132 872 4182 bene
910 4131 1251 4183 Aristoteles:
1286 4134 1371 4184 τὸν
1414 4134 1563 4198 σόφου

493 4212 777 4273 μετριοπαθῆ
813 4208 901 4271 μὲν
932 4207 1066 4271 εἶναι,
1102 4210 1257 4269 ἀπαθῆ
1278 4209 1330 4259 δὲ
1343 4212 1409 4272 μὴ
1430 4211 1561 4263 εἶναι.

495 4290 510 4314 ‘
535 4287 836 4350 Sapientem
878 4287 1168 4336 mediocres
1213 4285 1432 4338 affectus
1472 4291 1559 4339 ba·

494 4362 639 4428 bere,
659 4365 822 4418 nullos
844 4377 946 4417 nou
968 4360 1196 4414 habere.'
1226 4363 1459 4415 Bernart.

1203 445 1417 495 No'rAE
1470 445 1869 495 vammum
1923 449 1996 496 ΙΝ

1713 593 1813 641 11oe
1832 597 1943 642 sunt
1959 594 2082 642 enim
2104 609 2208 657 quea
2223 592 2549 655 ivr-actuosis]
2569 593 2690 641 Pon·

1649 668 1753 717 tius
1780 669 2029 718 Paulinus
2052 670 2115 719 ad
2139 670 2445 731 Ausonium,
2479 670 2550 718 de⁴
2571 668 2694 718 Poe-

1648 750 1715 798 tis
1737 750 1952 814 aliisque
1976 737 2311 801 Ethnico'rum
2335 748 2700 813 scriptoribus:

1645 829 1662 857 ‘
1677 829 1777 881 Qui
1791 829 1951 879 corda
1962 828 2107 879 falsis
2118 836 2275 894 atque
2289 829 2431 877 vanis
2446 828 2700 876 imbuunt:

1646 906 1979 971 Tantumque
2014 908 2213 970 linguas
2249 907 2535 964 instruunt,
2569 902 2708 953 Nihil

1649 981 1964 1045 adferentes,
2023 991 2083 1033 ut
2126 983 2345 1033 salutem
2392 977 2671 1030 conferant
2694 992 2709 1024 ι

1649 1059 1802 1111 Quod
1825 1059 2097 1109 veritatem
2121 1059 2356 1122 detegat.
2412 1055 2555 1108 Quid
2578 1054 2711 1104 enim

1650 1142 1831 1184 tenere
1866 1137 1945 1183 vei
1981 1136 2161 1185 bonum
2187 1143 2279 1184 aut
2303 1149 2483 1184 verum
2505 1138 2714 1197 queant,

1648 1213 1752 1264 Qui
1781 1227 1883 1261 non
1906 1220 2089 1262 tenent
2110 1226 2361 1262 summum
2384 1215 2567 1273 caput,
2589 1208 2714 1256 Veri

1648 1290 1871 1357 bonique
1907 1291 2157 1354 fomitem,
2193 1297 2249 1340 et
2282 1289 2485 1339 fontem
2506 1285 2708 1337 Deum?

1648 1367 1815 1419 Quem
1853 1383 2007 1418 nemo
2044 1368 2140 1417 nisi
2179 1368 2234 1417 iu
2277 1368 2492 1417 Christo
2530 1363 2709 1414 videt.’

1648 1443 1820 1493 Sitzm.
2191 1473 2206 1482 ψ

1712 1521 1860 1571 Hunc
1896 1537 2004 1571 vero
2031 1520 2260 1571 Eleaticis
2292 1524 2434 1582 atque
2456 1516 2708 1567 Academi-

1646 1598 1718 1647 cis
1749 1598 1923 1648 stadiis
1955 1597 2194 1659 attigistis
2220 1594 2511 1656 enutritum]
2546 1592 2711 1641 Resti-

1653 1752 1794 1800 Hunc
1827 1766 1940 1801 cero
1981 1751 2210 1800 Eleaticis
2241 1756 2383 1813 atque
2413 1746 2711 1796 Acadenu'cis

1643 1829 1815 1878 studiis
1851 1825 2150 1878 enutritum?
2206 1828 2305 1877 Sed
2356 1825 2488 1896 abite
2538 1824 2710 1887 potius.

1643 1904 1901 1955 Theodor.
1941 1906 1972 1955 l.
1998 1918 2061 1954 ιι.
2084 1905 2152 1954 de
2170 1905 2347 1953 Princ.
2381 1905 2397 1932 ‘
2416 1902 2565 1951 Gens
2590 1915 2712 1950 vero

1645 1981 2190 2046 Philosophorum,qui
2216 1980 2354 2044 apud
2372 1992 2467 2028 nos
2485 1976 2710 2027 Eleatici

1642 2061 1992 2121 nominantur,
2029 2076 2061 2109 a
2095 2058 2420 2121 Xenophane
2443 2064 2604 2119 atque
2640 2054 2712 2102 al-

1645 2138 1744 2187 tius
1767 2138 1970 2187 initium
1994 2134 2223 2186 ducens.’
2252 2134 2395 2195 vide,
2413 2133 2456 2181 si
2480 2132 2709 2195 pretium

1644 2230 1817 2278 operae
1844 2215 1957 2277 tibi,
1993 2214 2157 2264 Clem.
2181 2228 2219 2265 1.
2243 2215 2494 2263 Stromat.
2517 2211 2709 2262 Euseb.

1645 2305 1700 2341 x.
1718 2292 1783 2340 dc
1804 2291 2188 2355 praeparatione
2202 2292 2538 2355 Euangelica.
2555 2292 2709 2340 Rern.

1708 2369 1943 2418 Eleaticis
2031 2367 2224 2431 studiis]
2247 2368 2576 2417 Dialecticis.
2610 2368 2709 2417 Ze-

1641 2459 1707 2494 no
1730 2458 1797 2494 ex
1821 2444 1952 2494 Elea
1978 2444 2216 2495 Lucaniae
2240 2444 2389 2508 urbe,
2429 2459 2549 2510 quae
2589 2451 2711 2508 post

1641 2523 1845 2572 Silai-im
1878 2522 2037 2586 juxta
2077 2523 2240 2570 sinum
2285 2520 2708 2571 Possidoniatem

1640 2599 1742 2649 sita
1764 2608 1865 2662 est,
1897 2597 2281 2649 fuitoriundus.
2345 2597 2451 2647 Hic
2474 2597 2588 2660 ipse
2608 2594 2711 2645 fuit

1639 2676 1878 2726 inventor
1919 2677 2113 2740 primus
2162 2675 2499 2726 Dialecticae.
2555 2675 2711 2738 Diog-

1639 2753 1815 2804 Lae‘rt.
1834 2752 1887 2802 in
1905 2752 2130 2802 Prooem.
2153 2751 2454 2801 Alexander
2470 2750 2538 2800 ab
2555 2750 2711 2801 Alex.

1641 2828 1732 2879 lib.
1757 2843 1796 2878 1.
1822 2843 1938 2891 cap.
1963 2833 2047 2878 30.
2081 2828 2252 2877 Sitzm.

1705 2907 2020 2968 Academicis]
2040 2904 2350 2966 Platonicis,
2365 2903 2556 2968 quibus
2576 2884 2711 2952 BQ-

1644 2982 1782 3033 thius
1805 2981 1909 3030 fuit
1932 2980 2327 3031 addictissimus.
2384 2978 2706 3042 Inmiti-itum]

1644 3057 1899 3122 Apuleius
1933 3056 2020 3106 lib.
2045 3068 2126 3105 lv.
2159 3056 2382 3104 Metam.
2410 3056 2428 3083 ‘
2449 3054 2708 3105 Omnibus

1643 3135 1841 3184 delitiis
1867 3131 2158 3182 innutrita:’
2181 3132 2248 3181 de
2265 3132 2468 3196 virgine
2493 3135 2708 3197 captiva

1647 3210 1895 3274 loquitur.
1933 3210 2086 3258 Idem.

1710 3286 1960 3348 Eleaticis,
1989 3291 2132 3348 atque
2164 3284 2489 3348 Academicis]
2522 3287 2540 3315 ‘
2555 3285 2710 3336 Elea·

1643 3361 1804 3424 ticis,’
1837 3362 1933 3410 hoc
1959 3367 2059 3423 est,
2099 3360 2159 3409 iis
2194 3374 2309 3424 quae
2347 3361 2620 3424 pertinent
2641 3361 2707 3411 ad

1642 3437 2007 3499 Dialecticam‚
2023 3436 2169 3500 cujus
2182 3435 2426 3484 inventor
2442 3433 2544 3485 fuit
2561 3435 2708 3485 Zeno

1642 3513 1871 3574 Eleates,
1894 3528 2047 3577 quam
2068 3512 2218 3569 multi
2241 3513 2476 3576 coluere,
2496 3521 2553 3562 et
2575 3528 2707 3577 pra!-

1641 3589 1795 3652 cipue
1837 3588 2008 3653 [cujus
2053 3587 2209 3637 libros
2251 3590 2525 3638 transtulit
2567 3604 2704 3638 com-

1639 3671 2002 3729 mentatusque
2020 3671 2102 3714 est
2117 3662 2358 3726 Boetius]
2373 3663 2709 3730 Aristoteles,

1638 3743 1726 3807 qui
1748 3743 1800 3791 in
1824 3757 1886 3791 ea
1907 3740 2174 3790 excelluit.
2241 3739 2428 3789 Cicero
2450 3739 2542 3790 lib.
2566 3754 2604 3790 1.
2643 3741 2707 3789 de

1639 3819 1886 3880 Oratore,
1910 3814 2073 3866 refert
2097 3816 2292 3864 ‘multo
2311 3815 2488 3877 plura'
2512 3815 2580 3864 de
2594 3823 2706 3865 arte

1635 3894 1845 3945 dicendi
1892 3895 1908 3922 ‘
1925 3892 2285 3953 Aristotelem,
2326 3905 2482 3956 quam
2528 3906 2705 3941 omnes

1634 3971 1844 4021 dicendi
1882 3970 2158 4031 magistros
2186 3966 2399 4029 dixisse,
2434 3967 2704 4033 multoque

1637 4045 1892 4097 meliora.'
1941 4045 1995 4094 Is
2018 4044 2175 4101 enim,
2198 4051 2256 4093 ut
2276 4043 2574 4106 Symmachi
2596 4045 2702 4094 lec·

1637 4125 1846 4175 tissimis
1881 4122 2050 4172 verbis
2087 4129 2220 4184 utar,
2252 4123 2267 4149 ‘
2288 4128 2525 4170 naturam
2567 4121 2702 4171 bene

1632 4199 1895 4266 loquendi,
1949 4199 2000 4245 in
2051 4203 2215 4246 artem
2260 4194 2501 4258 redegit!
2569 4197 2701 4248 Cum

1611 4290 1614 4293 ·
1634 4281 1794 4344 igitur
1817 4291 1917 4326 uon
1942 4275 2106 4324 solum
2130 4273 2422 4322 universam
2446 4274 2700 4327 Dialecti-

1633 4373 1745 4409 cam
1766 4353 2087 4419 Aristotelis,
2128 4366 2285 4418 quum
2306 4350 2698 4421 interpretativa
