3049 4928
487 416 492 420 ’
560 428 864 475 ΒοηΤΗιι
916 429 1010 475 ΒΕ
1058 428 1366 476 οοΝεοι..
1412 428 1855 477 PHILOSOPH.
1910 430 2049 477 mn.
2099 430 2210 478 111.

309 568 491 630 habet3
524 576 579 619 et
613 577 758 621 extra
795 573 961 638 ipsum
996 573 1140 637 nihil,
1165 574 1348 638 etipse

308 655 447 696 extra
466 648 626 697 nibil?
669 650 845 699 Vallia.

370 725 543 773 Rerum
565 726 745 789 orbem]
779 727 957 776 Verba
992 727 1105 776 haec
1144 734 1198 777 et
1234 742 1348 791 quae

308 809 581 865 sequuntur
604 804 652 851 in
677 809 877 853 textum
914 804 1211 853 induximus
1235 819 1345 853 suo-

312 891 403 941 que
435 879 631 927 auctori
657 881 993 930 restituimus.
1017 895 1187 944 neque
1210 882 1345 930 enim

304 953 549 1017 glossema
569 962 745 1017 est,nt
778 956 1030 1006 hactenus
1048 971 1225 1006 omnes
1252 972 1344 1020 pu-

306 1036 553 1080 taverunt.
640 1032 822 1081 Totius
863 1033 967 1082 loci
1007 1047 1189 1082 sensus
1246 1040 1343 1097 est,

300 1105 316 1131 ⁴
340 1105 539 1156 Divinoe
564 1108 869 1158 substantiae
895 1108 1064 1158 forma
1083 1109 1097 1132 '
1114 1108 1193 1173 [τὸ
1227 1107 1346 1160 εἶδος

301 1183 474 1245 σχῆμα,
497 1184 562 1232 ad
603 1184 738 1247 quod
774 1184 1023 1249 refertur,
1060 1186 1347 1251 ἐναλίγκιον]

297 1258 427 1307 ‘nee
461 1259 515 1307 in
560 1267 778 1309 externa
812 1260 1079 1325 dilabitur,
1113 1276 1211 1311 nec
1255 1276 1345 1311 ex·

300 1341 495 1384 ternum
516 1338 708 1401 aliquid
742 1338 793 1386 in
818 1352 875 1386 se
906 1339 1143 1403 suscipit,
1162 1339 1254 1389 sed
1279 1339 1344 1387 si-

300 1411 426 1460 milis
447 1414 567 1463 moli
590 1415 812 1477 spbaerae
849 1416 1082 1480 undique
1106 1415 1344 1480 aeqnalis,

233 1529 234 1534 ,
300 1501 463 1537 rerum
487 1492 666 1540 orbem
705 1491 945 1540 mobilem
970 1497 1111 1541 rotat
1143 1492 1263 1540 dum
1289 1506 1345 1540 se

221 1564 226 1572 Τ
299 1565 597 1618 immobilem
620 1570 731 1633 ipsa
742 1568 1051 1619 conservat.’
1077 1570 1264 1633 Neque
1285 1569 1339 1618 id

299 1657 361 1692 ex
389 1646 689 1710 conjectura
710 1644 950 1709 fecimus,
980 1645 1073 1695 sed
1108 1646 1244 1709 quod
1266 1646 1345 1694 ita

296 1721 538 1773 haberent
565 1736 741 1772 omnes
764 1737 912 1771 manu
937 1723 1155 1785 exarati,
1194 1730 1343 1786 quot·

298 1805 417 1862 quot
472 1799 709 1862 vidimus,
766 1799 1005 1849 codices:
1064 1799 1245 1848 addito
1289 1800 1342 1848 in

294 1876 544 1940 plerisque
562 1877 752 1926 Graeco
776 1876 945 1925 versui
966 1890 1058 1925 suo
1081 1876 1341 1940 qualiqua-

295 1952 331 2001 li
363 1945 693 2017 glossemate.
759 1954 843 2003 Sic
877 1955 999 2003 alibi
1038 1969 1139 2003 non
1180 1955 1342 2004 semel

295 2028 501 2079 Boetius
547 2032 642 2081 lib.
675 2045 763 2081 111.
828 2033 844 2059 ‘
868 2031 1180 2097 Stabilisque
1213 2048 1342 2081 rma-

296 2119 415 2156 nens
460 2108 553 2157 das
598 2115 793 2157 cuncta
838 2108 1074 2158 moveri.’
1141 2111 1212 2158 Et
1250 2110 1342 2159 lib.

295 2195 368 2231 iv.
432 2185 539 2234 ‘Et
576 2186 841 2234 volucrem
884 2200 1094 2235 currum
1144 2187 1340 2236 stabilis

292 2261 415 2323 regit
438 2264 633 2314 Rerum
669 2277 913 2312 coruscus
947 2263 1181 2322 arbiter?
1233 2265 1340 2314 ,Ni-

293 2338 464 2387 mirum
490 2340 688 2405 primns
724 2345 914 2402 motor,
937 2347 996 2389 ut
1015 2339 1342 2389 demonstrat

292 2412 503 2466 Aristot.
556 2415 653 2464 lib.
698 2428 823 2464 vm.
871 2415 1081 2479 Physic.
1126 2414 1341 2476 ἀκίνητος

291 2494 415 2555 κινεῖ,
433 2495 447 2521 ‘
468 2494 713 2542 immotus
736 2491 947 2542 movet.’
985 2495 1142 2543 Idem.

351 2569 552 2620 Platone
596 2568 857 2631 sanciente]
900 2568 966 2617 In
1014 2570 1226 2631 Timaeo,
1258 2570 1343 2620 Ὦς

290 2643 374 2709 ἄρα
405 2645 515 2698 τοὺς
546 2645 723 2707 λόγους
762 2643 913 2709 ὧνπέρ
949 2644 1065 2695 εἰσιν
1083 2646 1341 2714 ἐξηγηταὶ,

287 2722 460 2773 τούτων
476 2725 633 2773 αὐτῶν
651 2722 730 2772 καὶ
744 2725 985 2785 ξυγγενεῖς
1006 2723 1163 2774 ὄντας.
1185 2725 1201 2753 ‘
1220 2727 1339 2775 Ser·

296 2815 465 2853 mones
506 2802 571 2850 iis
611 2800 788 2863 rebus,
826 2815 1043 2864 quarum
1084 2802 1261 2850 nuncii
1287 2808 1343 2852 et

289 2876 598 2943 interpretes
643 2885 781 2940 sunt,
836 2877 1142 2940 cognatione
1181 2883 1341 2943 atque

292 2952 532 3005 affinitate
556 2954 782 3018 quadam
805 2954 1085 3003 convenire
1108 2953 1337 3005 debere!

294 3030 418 3080 Cum
462 3039 517 3082 et
552 3031 832 3081 Sallustius
866 3031 1070 3081 Stoicus
1091 3029 1203 3082 τοὺς
1237 3032 1342 3096 περὶ

292 3109 399 3155 Θεῶν
428 3107 602 3169 λόγους
634 3105 816 3168 ὁμοίους
838 3103 956 3155 εἶναι
989 3106 1197 3172 ἐκείνοις,
1235 3111 1251 3138 ‘
1276 3111 1342 3159 de

290 3185 403 3233 Diis
430 3200 716 3246 sermones,
734 3184 852 3233 Diis
876 3198 990 3233 esse
1007 3201 1161 3250 quam
1186 3186 1344 3235 simil-

293 3258 436 3311 limos
453 3263 467 3284 '
493 3262 638 3311 velit.
664 3261 815 3310 Idem.

350 3338 532 3388 mma.
551 3341 634 3386 12.
670 3338 813 3387 Vates
838 3338 1108 3402 ssreicias]
1131 3339 1346 3403 Orphea

286 3410 1348 3484 intelligit,deeujusadInferosdescensu,

290 3493 420 3554 apud
439 3493 650 3542 eosdem
665 3501 846 3553 cantu,
860 3499 916 3542 et
928 3492 1153 3558 denique
1167 3495 1345 3549 interi·

288 3572 342 3615 tu
358 3570 625 3618 succincte
647 3569 711 3616 P.
735 3569 943 3617 Merula
966 3569 1032 3618 ad
1058 3569 1147 3618 lib.
1173 3584 1211 3620 1.
1237 3571 1343 3620 An-

288 3646 386 3696 nal.
402 3647 560 3696 Ennii
580 3662 593 3693 :
611 3645 868 3694 fusissime
887 3660 1007 3696 vero
1020 3647 1079 3696 L.
1095 3647 1259 3696 Vives
1277 3649 1342 3698 ad

290 3718 635 3784 Augustinum
674 3722 805 3771 libro
841 3721 1044 3771 decimo
1067 3729 1253 3773 octavo
1276 3725 1341 3774 de

290 3795 521 3847 civitate
557 3798 682 3856 Dei,
706 3797 879 3861 capite
915 3796 1116 3848 decimo
1140 3808 1341 3863 quarto.

291 3871 455 3924 Sitzm.
548 3915 550 3917 .

350 3950 610 4014 Postquam
611 3950 854 4014 flebilibus
874 3950 1046 4012 modis]
1066 3951 1265 4001 Seneca
1287 3954 1339 4002 in

275 4025 449 4091 Herc.
500 4029 609 4078 OEt.
647 4042 720 4077 vs,
755 4030 899 4076 1036.
965 4026 981 4053 ‘
1005 4026 1154 4076 Illius
1190 4032 1341 4078 stetit

291 4104 354 4152 ad
403 4105 578 4153 modos
620 4105 885 4153 Torrentis
923 4105 1090 4166 rapidi
1147 4105 1341 4169 fragor,

294 4180 606 4244 oblitusque
630 4182 773 4245 sequi
797 4179 940 4243 fugas
964 4181 1155 4231 Amisit
1172 4183 1341 4247 liquor

290 4256 572 4322 impetum:
608 4257 675 4307 Et
712 4257 831 4306 dum
868 4254 1159 4308 fluminibus
1198 4274 1342 4312 mora

2356 361 2486 476 5i9

1426 579 1526 634 est,
1549 572 1823 624 Defecisse
1848 580 2038 637 putant
2058 574 2230 624 Geten
2263 574 2481 624 Hebron

1425 651 1671 699 Bistones
1709 651 1897 700 ultimi.
1946 648 2179 699 Advexit
2217 651 2480 700 volucrem

1423 740 1620 787 nemus,
1640 728 1711 775 Et
1742 727 1887 790 sylva
1909 725 2141 776 residens
2167 728 2341 787 venit;
2373 725 2483 778 Aut

1423 804 1465 852 si
1500 819 1601 868 qua
1640 804 1761 853 ae're
1804 805 2057 868 pervolat,
2099 804 2301 853 Auditis
2347 821 2481 869 vega

1424 880 1665 930 cantibus
1706 880 1830 930 Ales
1872 880 2122 930 deficiens
2169 881 2347 933 cadit!
2413 884 2478 932 In

1421 956 1615 1006 Medea
1644 973 1719 1008 νε.
1749 963 1863 1007 626.
1934 959 1950 985 ‘
1970 959 2129 1022 Cujus
2169 960 2233 1007 ad
2258 959 2481 1009 chordas

1420 1032 1717 1083 modulante
1758 1036 1958 1098 plectro
1991 1036 2208 1085 Restitit
2264 1044 2481 1100 torrens,

1420 1109 1610 1159 siluere
1646 1113 1786 1160 venti
1813 1112 1845 1161 :’
1880 1113 1978 1161 Cui
2014 1128 2107 1162 suo
2144 1121 2300 1163 cantu
2335 1116 2477 1164 volu-

1421 1184 1522 1233 cris
1569 1187 1755 1236 relicto
1799 1186 1989 1237 Adfuit
2032 1197 2144 1238 tota
2189 1191 2475 1242 comitante

1421 1261 1605 1323 sylva!
1639 1264 1789 1313 Idem
1813 1265 1863 1313 in
1901 1265 2060 1315 Herc.
2085 1269 2207 1316 Fur.
2246 1284 2321 1316 vs.
2360 1273 2477 1320 571.

1419 1339 1434 1363 ‘
1454 1338 1586 1389 Quae
1610 1340 1799 1404 sylvas,
1833 1349 1888 1390 et
1922 1357 2058 1404 aves,
2085 1358 2311 1407 saxaque
2335 1342 2478 1393 'trax-

1420 1423 1536 1465 erat
1560 1415 1680 1481 ArS,
1704 1433 1816 1481 quae
1848 1419 2149 1482 praebuerat
2179 1418 2476 1469 fluminibus

1418 1505 1619 1541 moras:
1655 1491 1740 1541 Ad
1781 1494 1929 1556 cujus
1975 1495 2196 1543 sonitum
2229 1496 2477 1545 constite-

1420 1574 1541 1616 rant
1578 1567 1735 1619 ferae:
1773 1571 1977 1619 Mulcet
2009 1586 2112 1620 non
2149 1572 2313 1622 solitis
2339 1575 2497 1623 voci--

1418 1643 1514 1693 bus
1539 1643 1752 1706 inferos,
1775 1648 1845 1697 Et
1869 1647 2038 1698 surdis
2059 1656 2268 1698 resonat
2287 1650 2476 1700 clarius

1417 1720 1471 1770 in
1494 1720 1659 1770 locis!
1696 1723 1846 1775 Idem.

1480 1800 1755 1863 sanxitque
1787 1801 2078 1865 intrepidum
2110 1801 2256 1865 zatus]
2289 1802 2472 1853 Senec.

1418 1876 1471 1925 in
1491 1878 1656 1927 Herc.
1696 1879 1804 1927 OEt.
1839 1894 1911 1928 vs.
1934 1882 2080 1929 1054.
2147 1879 2164 1907 ‘
2183 1878 2265 1928 Ad
2290 1886 2473 1929 cantus

1420 1953 1637 2002 veniunt
1659 1955 1762 2003 suis
1781 1955 1919 2018 Ipsae
1943 1970 2058 2005 cum
2078 1955 2289 2004 latebris
2310 1954 2437 2003 ferae
2458 1971 2472 2004 ε

1415 2030 1684 2095 Juxtaque
1747 2031 2062 2094 impavidum
2115 2046 2273 2095 pecus
2326 2031 2475 2081 Sedit

1418 2107 1756 2156 Marmaricus
1780 2107 1894 2158 leo.'
1956 2108 2141 2158 Senec.
2175 2109 2226 2157 in
2249 2109 2373 2158 OEd.
2397 2124 2476 2159 vs.

1418 2186 1532 2231 149.
1599 2185 1677 2232 ‘N
1685 2198 1750 2232 on
1789 2184 1940 2246 lupos
1962 2184 2102 2234 cervi
2128 2191 2372 2234 metuunt
2392 2200 2475 2235 ra·

1419 2273 1595 2323 paces,
1621 2261 1809 2309 Cessat
1844 2261 1969 2311 irati
2006 2260 2244 2312 fremitus
2277 2264 2475 2316 leonis!

1417 2336 1572 2388 Idem.

1484 2415 1591 2463 Nec
1621 2415 1775 2464 visum
1811 2416 1973 2466 timuit
2011 2417 2163 2482 lepus]
2207 2420 2309 2468 Ms.
2360 2419 2473 2469 Rit-

1419 2491 1576 2541 tersh.
1609 2493 1819 2540 tremuit.
1885 2493 2071 2542 Senec.
2093 2493 2325 2544 inHerc.
2350 2495 2473 2546 Fur.

1417 2583 1495 2619 vs.
1542 2571 1692 2617 1058.
1727 2568 1877 2618 ‘Nec
1913 2569 2371 2635 damaetrepidant
2395 2571 2472 2620 ln-

1419 2662 1512 2711 pos
1536 2662 1550 2695 z
1589 2648 1658 2694 Et
1676 2660 1890 2710 serpeus
1911 2650 2141 2697 latebras
2166 2648 2304 2712 fugit
2325 2649 2474 2700 Tunc

1417 2723 1581 2772 oblita
1602 2722 1829 2772 veneni!
1896 2725 2164 2774 Claudian.
2187 2725 2274 2774 lib.
2293 2738 2355 2774 11.
2389 2725 2473 2774 De

1417 2801 1571 2863 Rapt.
1593 2801 1843 2864 Proserp.
1865 2801 1917 2850 in
1947 2799 2268 2850 Praefatione
2292 2816 2308 2850 t
2346 2802 2362 2828 ‘
2384 2794 2476 2851 Se·

1417 2892 1597 2927 curum
1621 2878 1798 2927 blandi
1824 2880 2029 2942 lepores
2051 2877 2228 2928 fovere
2251 2879 2478 2942 molossi,

1414 2955 1759 3019 Vicinumque
1800 2955 1923 3019 lupo
1967 2955 2196 3019 praebuit
2230 2971 2363 3018 agna
2402 2958 2474 3006 la·

1415 3031 1535 3080 tus!
1602 3033 1851 3082 Martian.
1896 3032 2113 3096 Capella
2150 3033 2238 3082 lib.
2275 3045 2357 3082 tx.
2393 3033 2475 3080 De

1418 3111 1469 3158 N
1475 3117 1589 3174 upt.
1611 3110 1876 3174 Philolog.
1922 3112 1937 3138 ‘
1951 3110 2189 3160 Carmine
2205 3124 2307 3175 quo
2325 3110 2473 3172 Stry-

1417 3201 1540 3236 mon
1584 3187 1843 3237 continuit
1887 3186 2085 3249 latices,
2124 3186 2242 3238 Quo
2267 3185 2476 3248 impune

1420 3264 1665 3313 accubuit
1679 3263 1900 3312 rictibus
1923 3278 2058 3326 agna
2078 3263 2206 3326 lupi,
2237 3264 2308 3312 Et
2327 3265 2474 3326 lepus

1418 3339 1605 3389 immiti
1627 3340 1850 3390 contulit
1871 3353 1962 3388 ora
1984 3337 2136 3388 cani.’
2169 3340 2323 3388 Idem.

1486 3418 1704 3467 Immites
1735 3432 1925 3481 superos
1953 3416 2176 3480 querens]
2212 3417 2394 3466 Senec.
2421 3417 2476 3465 in

1422 3494 1584 3544 Herc.
1619 3495 1745 3544 Fur.
1768 3508 1844 3544 vs.
1869 3497 1984 3543 569.
2015 3493 2281 3543 ‘Immites
2304 3486 2478 3557 potuit

1418 3569 1634 3620 flectere
1671 3568 1910 3618 cantibus
1944 3568 2257 3618 Umbrarum
2300 3569 2479 3617 Domi·

1417 3661 1531 3709 nos,
1554 3652 1609 3695 et
1641 3660 1799 3710 prece
1821 3644 2045 3708 supplici
2077 3646 2336 3708 Orpheus,
2371 3646 2476 3695 Eu-

1417 3724 1634 3785 rydicen
1655 3724 1774 3771 dum
1801 3722 1996 3785 repetit
2019 3721 2200 3771 suam.'
2232 3720 2295 3770 In
2318 3722 2479 3771 Herc.

1416 3799 1526 3849 OEt.
1550 3814 1627 3849 vs.
1681 3803 1825 3852 1061.
1866 3805 1926 3847 et:
1953 3813 2096 3863 seqq.
2166 3799 2181 3826 ‘
2207 3799 2346 3850 Quin
2382 3811 2481 3860 per

1415 3876 1686 3925 Taenarias
1732 3874 1872 3924 fores
1912 3876 2094 3924 Manes
2127 3890 2242 3924 cum
2285 3875 2477 3923 tacitos

1415 3952 1568 4013 adiit,
1625 3951 1937 4000 Maerentem
2007 3949 2202 3999 feriens
2257 3949 2478 4013 chelym,

1416 4029 1590 4092 Cantu
1611 4027 1836 4076 Tartara
1854 4025 2012 4077 flebili
2031 4029 2101 4076 Et
2122 4026 2297 4076 tristes
2316 4026 2477 4075 Erebi

1414 4106 1554 4154 Deos
1575 4105 1747 4153 Movit
1768 4121 1782 4154 ι
1815 4118 1913 4153 nec
1938 4105 2108 4155 timuit
2130 4105 2305 4168 Stygis
2317 4104 2472 4155 Jura-

1417 4189 1495 4232 tos
1519 4181 1719 4244 superis
1739 4179 1918 4230 lacus.'
1953 4182 2105 4231 Idem.

1481 4260 1702 4318 Infernas
1757 4258 1881 4308 adiit
1930 4258 2113 4322 domus]
2146 4259 2345 4310 Harum
2387 4258 2475 4309 de·
