3049 4928
991 403 1509 453 ruinosomuAE
1559 402 1701 452 1213.
1749 403 1848 451 lv.

2377 390 2507 456 321)

830 550 916 615 Et
950 571 1163 636 vagas
1189 552 1432 635 pelago
1460 555 1638 617 rates
1656 560 1679 587 ⁸

829 653 1051 719 Eurus
1082 654 1349 739 appulit
1367 662 1390 688 ⁸

1432 654 1701 731 insulae,

827 755 1115 823 Pulchra
1142 764 1282 842 qu'a
1313 758 1609 825 residens
1642 757 1794 824 Dea

324 983 510 1032 adducta
531 988 599 1034 est
622 986 684 1035 ad
703 985 920 1052 mulam,
952 986 1005 1036 in
1025 1003 1118 1051 qua
1139 988 1277 1037 Circe
1307 987 1417 1037 Dea
1447 986 1665 1050 pulchra,
1687 1001 1717 1035 α
1738 986 1849 1037 Sole
1867 991 2003 1051 nata,
2029 984 2248 1035 habitans
2277 983 2501 1049 propinat

1297 1169 1517 1223 NOTAE

320 1322 444 1359 mam
476 1309 666 1361 habere
708 1311 933 1375 videtur,
963 1312 1153 1378 quique
1187 1326 1219 1362 a
1262 1328 1356 1363 sua

317 1385 508 1451 hospite
552 1395 734 1452 postea
763 1388 932 1439 dictus
976 1397 1057 1438 est
1101 1390 1353 1440 Circoeus.

316 1464 410 1513 Hic
432 1478 550 1528 saga
572 1464 797 1514 crudelis
819 1464 1049 1516 homines
1073 1465 1124 1515 in
1143 1465 1351 1528 bestias,

314 1540 488 1591 oblatis
512 1542 811 1606 quibusdam
835 1544 1054 1608 poculis,
1073 1544 1354 1609 verbisque

313 1617 608 1682 quibusdam
630 1620 864 1684 prolatis,
883 1629 1188 1670 convertere
1221 1620 1355 1671 fere-

311 1692 488 1756 batnr3
525 1695 654 1745 alios
689 1696 895 1761 quidem
919 1697 971 1747 in
992 1697 1189 1761 leones,
1219 1697 1351 1748 alios

310 1768 357 1816 in
381 1770 542 1835 lupos,
563 1772 692 1822 alios
711 1773 763 1822 in
789 1772 967 1838 tigres,
992 1774 1116 1823 alios
1139 1773 1189 1823 in
1210 1788 1354 1838 sues,

310 1847 425 1896 alios
441 1849 491 1897 in
515 1850 643 1900 alias
668 1849 893 1901 bestiast
927 1852 1063 1917 quod
1083 1853 1353 1916 eleganter

306 1924 373 1974 sic
387 1928 643 1991 expressit
660 1928 973 1978 clarissimus
997 1936 1171 1979 noster
1189 1930 1351 1980 Anto-

305 2000 409 2051 nius
431 2003 671 2055 Hallaeus
688 2019 754 2055 ex
772 2001 1021 2070 Homero,
1047 2009 1063 2036 ‘
1087 2009 1246 2060 Queis
1263 2008 1352 2057 ho-

304 2080 484 2131 minum
508 2084 802 2134 abstulerat
824 2083 1008 2135 faciem
1031 2085 1351 2153 dederatque

300 2155 512 2210 ferarum
556 2161 693 2212 Diva
732 2163 897 2214 salax.
985 2163 1088 2214 Hic
1132 2179 1349 2230 namque

300 2235 402 2300 lnpi
421 2247 662 2290 curvatus
680 2240 732 2288 in
763 2250 923 2304 artus,
948 2241 1044 2291 Est
1062 2244 1149 2307 qui
1169 2245 1351 2308 ululat,

302 2326 511 2380 seseque
534 2322 695 2381 pavet
717 2332 733 2378 ς
768 2317 855 2382 qui
880 2318 1036 2368 dente
1060 2319 1150 2369 sed
1175 2320 1349 2370 insons

300 2387 491 2441 Crescit
528 2401 585 2444 et
618 2407 792 2457 ungue
831 2395 938 2457 leo,
971 2399 1060 2444 aut
1093 2395 1228 2444 villis
1271 2396 1349 2445 ni·

300 2470 563 2531 grantibus
610 2486 782 2536 ursus,
816 2471 1021 2537 Quique
1063 2474 1261 2538 amplas
1284 2475 1345 2525 ti-

296 2546 393 2608 gris
413 2550 677 2600 maculosa
697 2549 1030 2614 perambulat
1053 2551 1229 2602 aedesl
1272 2554 1345 2602 U-

293 2622 448 2684 lysses
473 2640 597 2676 vero
618 2633 764 2678 ortus
788 2634 869 2677 est
882 2641 949 2677 ex
962 2628 1152 2679 Nerito
1167 2635 1344 2678 monte

292 2698 500 2766 Ithacae,
523 2708 676 2768 patre
710 2703 924 2769 Lacrta,
959 2705 1040 2754 vel
1067 2711 1122 2754 ut
1144 2705 1231 2753 alii
1254 2707 1344 2754 vd-

291 2774 413 2843 lunt,
442 2778 691 2844 Sisypho,
720 2786 887 2830 matre
912 2795 1036 2831 vero
1064 2780 1341 2832 Anticlea:

289 2850 492 2918 fingitur
506 2855 573 2906 ab
587 2855 821 2906 Homero
831 2855 911 2906 vir
920 2858 1085 2907 multa
1094 2856 1343 2922 preditus

289 2926 654 2994 facundia,nec
682 2932 881 2983 minore
895 2935 1236 2999 experientia,
1257 2950 1344 2985 va-

289 3002 365 3055 fer
381 3009 621 3073 consilio,
658 3010 896 3075 egregius
931 3012 1091 3077 bello,
1114 3012 1345 3063 laborum

288 3084 713 3143 patientissimus.
753 3085 877 3146 Hic,
894 3096 1051 3152 capta
1065 3090 1240 3153 Troja,
1252 3103 1343 3140 na-

285 3160 381 3209 vim
399 3163 725 3226 conscendit,
746 3163 799 3212 in
823 3166 1043 3228 patriam
1067 3165 1346 3230 rediturus,

286 3238 372 3287 sed
398 3247 519 3304 post
543 3241 714 3291 varios
734 3255 961 3307 errores,
975 3243 1042 3292 de
1057 3243 1239 3308 quibus
1256 3244 1342 3295 hic

284 3325 392 3365 non‘
420 3317 620 3382 agitur,
651 3317 821 3368 ventis
851 3319 1110 3371 adductus
1147 3328 1229 3371 est
1270 3321 1336 3371 ad

209 3421 214 3425 ·
283 3398 504 3444 montem
527 3394 808 3459 Circoeum,
828 3395 917 3446 ubi
941 3397 1095 3448 Circe
1112 3397 1222 3462 ejus
1247 3411 1338 3447 ex-

283 3468 569 3531 ploratores
590 3471 643 3520 in
662 3486 780 3522 sues
800 3473 1038 3536 mutavit,
1055 3474 1168 3539 ipse
1191 3488 1336 3536 vero,

282 3553 445 3598 sumta
485 3560 572 3612 ea,
614 3563 766 3614 quam
810 3550 1105 3601 Mercurius
1138 3551 1336 3614 docuit,

282 3621 457 3689 herba,
481 3627 634 3691 Moly
651 3635 854 3691 vocata,
871 3629 1085 3679 illaesam
1111 3629 1337 3680 servavit

284 3705 421 3749 suam
461 3699 706 3766 formam,
748 3703 885 3769 quod
931 3704 1009 3753 sic
1062 3704 1339 3770 descripsit

281 3777 560 3837 praedictus
580 3779 810 3829 Hallaens
824 3781 1154 3844 continuans,
1173 3783 1337 3833 ‘Quas

280 3851 425 3903 simul
454 3856 677 3905 intravit
714 3871 848 3906 nova
881 3857 1051 3920 turba,
1081 3856 1221 3907 haud
1244 3858 1336 3908 im-

281 3931 468 3981 memor
492 3932 619 3982 artis
637 3933 949 3996 Colchiacae,
973 3934 1211 3984 attonitis
1233 3949 1337 3984 me·

281 4004 475 4057 dicatos
499 4009 637 4072 Saga
657 4010 904 4074 propinat
927 4010 1138 4075 Hospiti
1148 4012 1237 4061 bus
1254 4026 1337 4062 ca·

278 4081 426 4148 lices;
459 4086 826 4152 vertendisqne
848 4094 974 4152 apta
998 4086 1183 4152 figuris
1207 4089 1332 4138 Car-

278 4162 412 4211 mina
442 4163 642 4213 Titanis
686 4163 1058 4214 demurmurat.
1128 4164 1331 4215 Ordine

278 4243 332 4284 et
352 4252 550 4289 «omnes
588 4241 663 4289 Ut
698 4240 1045 4304 portentificas
1069 4241 1334 4306 percussit

278 4314 489 4381 cuspide
525 4315 704 4382 virgae‚
743 4316 900 4368 Haud
942 4332 1104 4384 mora,
1146 4332 1366 4385 procug

1436 1312 1598 1363 buere
1609 1311 1753 1375 Solo,
1768 1317 1824 1363 et
1842 1313 2019 1375 lugere
2037 1318 2277 1377 parantes
2292 1312 2360 1362 Se
2378 1326 2494 1361 rau·

1436 1404 1552 1441 cum
1575 1404 1757 1454 porcos
1773 1391 2037 1454 grunnire,
2058 1396 2114 1440 et
2138 1396 2347 1452 tergora
2368 1389 2497 1437 den·

1436 1469 1505 1519 sis
1527 1469 1648 1521 Jam
1669 1468 1791 1518 setis
1814 1469 2022 1518 horrere
2045 1466 2227 1516 vident
2248 1481 2263 1525 ς
2295 1464 2494 1528 subque

1432 1545 1555 1595 ilice
1580 1545 1729 1610 proni
1753 1547 2012 1596 Excussas
2047 1543 2315 1607 mandunt,
2338 1542 2498 1592 Cere·

1435 1621 1506 1670 ris
1526 1635 1624 1686 pro
1647 1636 1877 1684 munere,
1911 1621 2138 1686 glandes.
2176 1620 2377 1686 Unicus
2399 1619 2492 1667 bu·

1433 1712 1586 1748 mana
1608 1698 1705 1749 sub
1725 1699 1947 1762 imagine
1977 1704 2141 1747 restat
2162 1697 2376 1762 Ulysses
2402 1730 2416 1746 .
2440 1730 2454 1744 .
2477 1728 2492 1744 .

1437 1775 1781 1841 Carminaque
1805 1775 2048 1826 obtundit
2071 1789 2196 1824 rarae
2217 1774 2293 1823 vis
2317 1772 2496 1823 abdita

1439 1851 1655 1916 plantae,
1680 1852 1910 1901 Numina
1942 1851 2086 1917 Moly
2110 1855 2323 1900 vocant:
2358 1855 2495 1899 artes

1437 1936 1672 1980 tutamen
1707 1930 1772 1980 ad
1809 1930 1936 1979 istas
1961 1930 2199 1979 Donarat
2221 1929 2367 1977 Deus
2384 1926 2493 1976 He·

1436 2007 1536 2071 roi,
1558 2009 1706 2058 Deus
1741 2006 1864 2057 aera
1908 2009 2100 2071 plantis
2145 2006 2246 2058 Qui
2289 2011 2483 2066 tranat,

1436 2099 1724 2150 superoque
1752 2085 1872 2136 Jovi
1895 2085 2173 2135 famulatur
2194 2090 2249 2134 et
2273 2084 2413 2133 imo.'

1495 2169 1518 2204 5
1558 2161 1673 2212 Vela
1691 2163 1876 2212 Neritii
1892 2162 2048 2225 ducis]
2073 2163 2246 2212 Naves
2264 2158 2487 2224 Ulyssis,

1431 2240 1520 2304 qui
1544 2240 1739 2289 dicitur
1761 2241 1777 2268 ‘
1796 2239 2047 2291 Neritius'
2078 2255 2109 2289 a
2131 2246 2305 2288 monte
2328 2237 2487 2288 Neri-

1428 2323 1502 2380 to,
1549 2317 1686 2366 und'e
1724 2325 1869 2368 ortus
1890 2333 1905 2379 3
1940 2324 1996 2368 et
2038 2318 2054 2345 ‘
2070 2316 2214 2377 dux,'
2248 2310 2401 2380 quod
2424 2328 2488 2363 ee

1426 2396 1631 2445 nomine
1654 2395 1719 2445 ad
1746 2396 1932 2445 bellum
1966 2394 2248 2458 'trojanum
2284 2389 2488 2457 profec-

1426 2481 1531 2535 tus,
1565 2473 1885 2523 utilissimam
1921 2473 2122 2523 Graecis
2147 2485 2355 2536 operam
2399 2484 2491 2519 na-

1426 2550 1659 2599 vaverit:
1697 2563 1987 2614 quanquam
2025 2550 2068 2597 si
2107 2547 2380 2598 credamus
2414 2544 2486 2595 A·

1418 2624 1529 2688 jaci
1554 2623 1692 2688 apud
1730 2625 1886 2674 Ovid.
1908 2637 2037 2674 xm.
2061 2623 2279 2676 Metam.
2304 2637 2379 2672 vs.
2400 2626 2485 2671 25.

1422 2701 1438 2728 ‘
1464 2700 1599 2750 Haec
1623 2700 1733 2749 sine
1767 2700 2093 2764 teste.gerit‚
2130 2713 2346 2764 quorum
2380 2712 2485 2747 nox

1426 2777 1633 2827 conscia
1652 2778 1760 2827 sola
1783 2775 1900 2826 est.’

1488 2863 1510 2888 ²
1536 2854 1697 2916 Vaga.
1713 2856 1881 2918 pelago
1903 2855 2053 2919 rates]
2068 2854 2278 2919 Ulysses
2299 2851 2482 2902 decem

1426 2933 1573 2983 aunis
1591 2933 1785 2982 erravit
1813 2931 1865 2981 in
1887 2932 2035 2981 mari.

1492 3017 1516 3043 ⁸
1557 3011 1719 3059 Eurus
1757 3009 1962 3074 appulit]
2003 3010 2177 3059 Eurus
2212 3006 2483 3072 speciatim

1426 3094 1616 3138 ventus
1641 3095 1724 3137 est
1764 3086 1829 3137 ab
1866 3094 1985 3137 ortu
2014 3099 2172 3136 verno
2196 3084 2303 3134 sive
2328 3083 2487 3148 aequi-

1424 3164 1644 3215 noctiali
1667 3164 1871 3228 spirans
1895 3181 1909 3213 ε
1946 3162 2038 3213 sed
2072 3162 2156 3211 hic
2176 3160 2385 3211 videtur
2403 3174 2486 3210 ac-

1423 3244 1529 3308 cipi
1562 3257 1657 3307 pro
1678 3256 2000 3307 quocumque
2040 3247 2192 3291 vento
2227 3237 2484 3289 validiori.

1425 3321 1543 3370 Nisi
1562 3318 1708 3369 dicas
1725 3321 1961 3384 Ulyssem
1982 3317 2047 3368 ab
2073 3318 2210 3367 Ortu
2230 3318 2295 3367 ad
2320 3317 2490 3367 Occa-

1419 3413 1532 3448 sum
1557 3398 1828 3462 navigasse
1853 3395 2211 3462 profecturum
2237 3394 2302 3445 ad
2330 3394 2480 3444 littus

1418 3473 1689 3523 infandum
1714 3474 1923 3535 Circes;
1963 3471 2101 3537 quod
2127 3483 2158 3520 a
2178 3472 2478 3536 Lestrygo-

1419 3549 1961 3602 nib'us'immanissimis
1977 3547 2043 3598 ad
2063 3548 2318 3599 Circaeum
2341 3561 2484 3597 mon·

1419 3634 1529 3677 tem
1554 3627 1812 3678 accedens
1836 3626 1992 3676 solvit
2014 3640 2045 3674 a
2067 3625 2287 3676 Formiis
2309 3637 2333 3676 ε’
2360 3625 2484 3674 For·

1420 3704 1542 3754 miae
1595 3712 1767 3754 autem
1827 3718 1983 3768 supra
2038 3704 2275 3753 Caietam
2330 3708 2479 3751 vetus

1420 3782 1832 3847 promontorium
1868 3789 1990 3831 sunt
2013 3781 2180 3845 magis
2205 3781 2269 3830 ad
2294 3780 2481 3831 Orien-

1419 3866 1547 3923 tem,
1582 3874 1736 3925 quam
1760 3865 1912 3908 vetus
1935 3858 2113 3908 Circes
2138 3856 2478 3922 promontori-

1417 3950 1522 3998 um,
1541 3936 1678 3999 quod
1705 3943 1786 3985 est
1809 3935 1942 3985 infra
1962 3935 2315 3985 Tarracinam.

1479 4012 1681 4076 Insuloe]
1717 4013 1888 4061 Monti
1913 4011 2133 4075 Circaeo,
2165 4011 2252 4076 qui
2289 4011 2473 4059 insule

1415 4089 1671 4155 quandam
1692 4088 1907 4138 formam
1930 4088 2105 4139 habet.
2171 4088 2364 4150 Virgil.
2387 4101 2479 4141 111.

1414 4166 1618 4217 AEneid.
1643 4180 1716 4215 vs·
1738 4169 1853 4215 386.
1876 4165 2157 4231 ‘AEaeaeque
2178 4164 2344 4214 insula
2361 4164 2485 4213 Cir-¹

1415 4255 1503 4291 ces
1530 4241 1562 4292 ι’
1596 4248 1653 4291 et
1683 4241 1801 4292 AEn.
1825 4254 1925 4292 vn.
1943 4256 2016 4290 vs.
2042 4245 2123 4291 10.
2187 4242 2204 4269 ⁴
2230 4240 2474 4289 Proxima

1373 4379 1392 4386 α
1418 4317 1635 4369 Circaeae
1660 4315 1913 4372 raduntur
1938 4317 2117 4368 littora
2137 4318 2324 4367 terre}
